3832 6120
135 251 187 308 ιιι
218 234 221 241 ’

404 356 572 414 peterent
590 353 658 410 xil.

358 465 391 502 an
405 460 549 501 narrotteu
567 458 695 500 continu.

770 240 958 296 ectutttttbt
975 240 1120 298 auuatts

933 351 957 411 Α
1005 350 1102 405 llotum
1116 354 1151 407 sit
1168 353 1215 408 tibi
1231 355 1293 424 quia
1309 356 1485 423 nolumusut,
1500 361 1608 429 quando
1623 363 1684 419 baec
1702 367 1760 437 epi·

971 439 1038 494 stola
1053 451 1145 497 nostra
1158 442 1192 496 ad
1206 452 1232 497 te
1246 445 1360 511 uenerit,
1375 451 1469 502 statum
1478 446 1538 503 sine
1548 446 1603 505 ulla
1617 446 1759 521 dilatione,

171 543 353 600 bilectisstmo
367 539 455 594 amieo
473 546 568 593 nostro
589 536 718 602 llattoni,
731 537 849 607 gloriose
872 552 920 593 co-
970 543 1106 599 prrepares
1122 539 1148 584 te
1163 532 1197 585 ad
1213 532 1264 588 boc
1278 541 1318 600 ut,
1343 550 1377 588 xv
1391 532 1449 592 lal.
1468 533 1607 607 januarii,
1623 541 1652 596 id
1671 550 1716 599 eat
1735 559 1761 601 rt

135 635 215 698 miti,
234 628 405 702 Eginbardus
422 637 552 682 eternam
567 628 595 681 in
617 626 731 682 ὓοιιιίιιο
745 626 871 681 salutem.

169 723 284 792 Quidam
307 723 390 777 bomo
402 729 504 785 vester,
522 719 632 774 nomine
652 717 767 783 lluuno,
792 719 867 775 venit
887 719 922 772 ad

124 815 229 869 dimica
242 818 400 868 maetomm
413 807 562 863 llarcellini
573 815 600 862 et
613 806 700 872 Petri,
711 807 818 861 reniam
829 813 922 876 posta·

135 899 545 972 lansproeoquodeonservam
554 911 641 960 suam,
656 894 921 959 ancillamvcstram,

135 991 187 1045 sibi
198 990 228 1044 in
238 986 396 1058 eonjugium
403 985 535 1040 sociasset
545 985 604 1037 sine
617 991 707 1037 uestra
716 982 847 1052 jussione.
855 980 923 1037 Pro·

136 1091 197 1152 pter
207 1082 259 1134 boc
271 1092 417 1147 precamur
431 1074 624 1144 benignitatem
639 1079 758 1126 uestram
771 1080 827 1126 uta
844 1071 922 1127 uobis

138 1169 331 1240 indulgentiam
343 1167 376 1221 de
388 1155 522 1219 boclaeto
529 1162 670 1231 percipere
680 1168 829 1224 mereatur,
840 1160 863 1214 si
875 1159 923 1216 de·

136 1259 230 1314 lictum
244 1257 303 1326 ejus
317 1256 396 1309 uenia
413 1253 523 1323 dignum
538 1249 622 1305 luerit
633 1250 785 1304 inventum.
807 1246 877 1318 Opto
891 1255 923 1302 ut

136 1367 242 1422 semper
252 1351 321 1407 bene
332 1346 447 1403 ualeatis
460 1346 488 1400 in
501 1344 623 1399 Domino.

397 1453 565 1512 eetsmtu
582 1453 652 1508 xvtt

349 1570 383 1608 ao
397 1565 539 1607 ιιιιιιιιιιιιιι
551 1562 564 1591 t
576 1564 708 1605 arnume.

171 1642 400 1706 neierenusstmo
406 1644 506 1701 Christi
518 1642 619 1698 famulo
628 1641 764 1709 llrabano,
772 1641 920 1697 venerabili
934 1679 959 1739 B

136 1742 235 1806 abbati,
251 1737 421 1811 Eqinbardus
432 1742 567 1805 peccator.

172 1819 287 1898 Quidam
299 1828 379 1883 bomo
389 1833 489 1888 nester,
504 1823 802 1889 nomineGundbartus,
817 1823 922 1894 rogauit

139 1936 188 1977 nos
206 1935 258 1990 pro
279 1933 309 1973 se
328 1916 399 1988 apud
413 1923 531 1970 uestram
551 1915 723 1969 sanctitatem
742 1913 921 1979 intercedere,

139 2020 181 2076 ut,
199 2010 258 2066 sine
270 2005 418 2063 offensione
430 2013 533 2070 uestra,
548 2005 630 2059 immo
643 2020 703 2060 cum
719 2005 805 2076 qratia
818 2012 920 2070 uestra,

137 2099 190 2154 sibi
216 2098 297 2153 liceat
325 2095 377 2150 iter
393 2093 550 2159 exercitale,
566 2094 637 2162 quod
660 2094 787 2165 prasenti
800 2102 922 2165 tempore

138 2187 269 2259 agendum
284 2195 335 2252 est,
349 2185 483 2247 omittere,
496 2198 528 2238 ac
542 2184 614 2238 domi
626 2198 738 2239 manere
752 2185 784 2250 ¹³;
798 2199 922 2241 asserens

138 2296 168 2336 se
179 2280 213 2334 ad
224 2281 293 2335 batte
305 2278 503 2333 remansionem
510 2291 607 2347 magna
620 2276 679 2346 copi
689 2278 861 2345 necessitate,
872 2293 922 2348 pro

137 2384 170 2426 eo
186 2370 258 2439 quod
274 2368 394 2423 laidosus
408 2368 453 2430 sit,
479 2375 507 2422 et
531 2381 593 2420 eum
612 2366 730 2421 inimicis
755 2366 812 2422 suis
824 2375 852 2423 et
866 2367 921 2434 lris,

136 2461 183 2530 qui
199 2459 262 2514 uite
277 2458 336 2529 ejus
359 2457 539 2521 insidiantur,
559 2456 611 2511 boc
630 2455 681 2510 iter
706 2470 788 2527 apere
804 2471 859 2511 non
872 2472 921 2512 au·
987 2501 994 2513 .

137 2551 214 2615 deat,
230 2549 380 2619 presertim
394 2562 456 2603 cura
471 2546 518 2603 illo
525 2546 644 2610 comite,
657 2562 719 2603 cum
730 2562 783 2616 quo
797 2545 922 2615 ineiube·

137 2654 192 2706 tur,
208 2657 288 2712 quem
300 2640 351 2695 sibi
366 2639 433 2695 dicit
446 2652 506 2695 esse
524 2638 752 2694 inimicissimum.
769 2638 830 2694 ldeo
845 2646 922 2710 rogat

137 2742 168 2787 ut
179 2747 240 2787 eum
255 2732 283 2786 in
297 2739 401 2785 tantum
414 2729 563 2801 periculum
576 2740 675 2785 uestrae
681 2730 812 2801 jussionis
828 2737 922 2786 aucto·

137 2820 203 2874 ritas
224 2835 278 2874 non
300 2817 419 2888 impellat
442 2818 517 2874 :sibi
543 2833 616 2873 curae
629 2832 708 2883 esse,
737 2834 820 2889 seque
830 2820 921 2890 provi·

136 2909 201 2964 dere
216 2917 246 2963 ιιι
256 2925 317 2964 cum
330 2916 457 2965 exactare
477 2907 632 2974 heribanni,
648 2909 670 2963 si
683 2909 799 2975 venerit,
815 2918 843 2965 et
856 2925 919 2967 cum

136 3000 353 3071 compellaverit,
370 3001 429 3055 sine
444 3007 536 3055 uestro
553 3000 645 3056 labore
667 3016 696 3056 se
710 3001 845 3072 paoisscet.
860 3003 955 3072 Nunc
970 3033 1083 3103 cmi,

136 3107 186 3147 ros
200 3106 324 3162 rogarem
341 3092 375 3147 de
389 3093 441 3145 bac
453 3107 552 3157 causa,
571 3093 623 3147 nisi
644 3095 784 3164 angustias
796 3096 856 3166 ejus
877 3103 920 3151 at-

136 3197 190 3250 que
197 3183 316 3250 pericula
324 3190 462 3252 comperta
472 3182 611 3240 haberem.
618 3181 688 3255 Opto
699 3192 729 3240 ιιι
735 3198 843 3256 semper
851 3187 920 3244 beac

137 3272 261 3327 ualeatis.

387 3383 553 3440 eetsrottt
566 3384 659 3442 llilll.

310 3489 344 3528 au
359 3488 537 3529 attenuarunt
550 3489 743 3532 vtcnoountmt.

172 3584 274 3640 Dilecto
302 3586 390 3640 amice
419 3594 513 3641 nostro
543 3586 720 3652 llarclrrado,
742 3599 753 3628 ι
774 3589 919 3647 ricellomi·

136 3692 181 3737 ιιι),
198 3675 367 3747 Eqinltardus
377 3685 508 3731 aeternam
520 3677 546 3731 in
559 3677 673 3733 Dnmim
683 3677 807 3734 salutem.

172 3767 228 3819 lino
242 3765 312 3820 serui
326 3764 356 3820 S.
371 3764 499 3832 llartini,
514 3765 624 3821 devilia
639 3766 794 3833 belebach,
811 3769 920 3826 nomine

136 3857 313 3913 willirannus
331 3868 359 3911 et
374 3857 518 3923 Otbertus,
532 3854 684 3927 diagerumd
700 3858 733 3913 ad
747 3858 839 3914 limina
853 3860 919 3916 bea·

135 3959 224 4001 mrum
241 3946 341 4002 Christi
361 3957 511 4018 martyrum
524 3946 672 4002 Marcellini
682 3957 710 4002 et
724 3946 810 4014 Petri,
825 3965 875 4020 pro
886 3965 920 4005 eo

134 4035 207 4104 quod
217 4034 301 4088 trater
318 4050 413 4090 eorum
427 4034 569 4105 quemdam
585 4036 689 4090 socium
703 4053 781 4093 suum
805 4039 920 4095 occidis·
972 4096 975 4101 ,

134 4130 196 4176 set:
216 4132 342 4193 rogantes
357 4129 386 4176 ut
408 4122 450 4177 eis
475 4123 557 4178 liceat
574 4124 678 4181 solvere
691 4126 766 4182 illum
787 4131 918 4202 weregel-

135 4212 199 4266 dum
211 4227 261 4281 pro
271 4211 357 4267 fratrc
371 4226 430 4276 suo,
454 4220 483 4267 et
496 4223 526 4268 ut
538 4216 563 4269 ei
587 4218 708 4272 membra
722 4220 917 4288 perdonentur.

134 4300 249 4356 Proinde
267 4315 391 4372 rogamus
404 4299 579 4357 dilectionem
589 4314 663 4360 tuam
683 4315 728 4370 ut,
743 4307 770 4362 in
786 4316 956 4401 quantum„

134 4390 261 4460 possibile
271 4399 324 4456 est,
332 4389 357 4446 ei
370 4403 482 4460 parcere
493 4389 613 4463 digneris
622 4404 732 4466 propter
741 4413 860 4454 amorem
868 4399 916 4455 liei

133 4489 160 4535 et
172 4489 326 4536 sanctonum
340 4480 410 4550 ejus,
423 4483 457 4537 ad
479 4497 594 4552 quorum
617 4485 709 4541 limina
727 4487 915 4559 conlnqerunt.

132 4570 202 4641 Opto
215 4578 245 4624 ut
259 4585 366 4640 semper
376 4571 445 4626 bene
458 4573 550 4628 valeas
564 4573 591 4627 in
605 4574 728 4632 bomine.

396 4680 563 4737 eursuoun
582 4683 653 4738 tttx.

132 4804 159 4844 ut
178 4803 294 4844 ransom
311 4803 463 4844 aeunowtct
483 4805 671 4855 tumnaronn,
691 4808 725 4845 ιιι
743 4806 770 4846 c.
784 4808 914 4852 courrerr.

165 4900 317 4957 innomine
336 4901 443 4956 llomim
461 4901 509 4958 liei
530 4913 558 4957 et
581 4901 729 4960 Salvatoris
748 4909 832 4963 nostri
850 4907 915 4966 lesu

131 4992 242 5056 Christi,
257 4991 430 5055 llludorious,
453 4993 545 5048 divina
569 4995 712 5051 ordinante
733 4999 913 5070 prouidentia,

132 5082 278 5153 imperator
289 5087 429 5151 augustus,
443 5080 477 5136 G.
488 5083 593 5138 contriti.

166 5232 178 5261 ι
198 5219 324 5275 llaltanm
343 5219 426 5274 abbas
438 5216 581 5277 Fuldensis
594 5222 682 5278 lacttts
695 5238 768 5279 anno
784 5226 846 5292 822,
870 5229 917 5285 or·

149 5289 205 5411 ⁴flio
223 5291 250 5343 in
269 5290 425 5360 episcopatu
449 5288 660 5360 Mogentiacensi
690 5298 819 5352 suecessit
842 5315 914 5357 nuno

167 5429 179 5465 ¹·
198 5427 300 5491 Teulet,
313 5447 455 5491 remanere.

164 5506 176 5534 ι
197 5497 292 5552 'lettlet
301 5501 375 5554 addit
385 5503 507 5572 plurim.

164 5564 176 5603 t
197 5565 299 5634 Teulet,
318 5571 498 5642 conducerent.
520 5650 523 5654 ‚

971 611 1067 674 diebus
1082 625 1145 675 ante
1159 619 1254 677 Natale
1270 621 1388 690 bomini,
1404 627 1511 682 obuiam
1523 629 1607 685 misso
1618 640 1713 688 nostro
1727 630 1760 689 fl.

970 710 1064 765 uenias
1079 712 1106 767 in
1119 712 1183 767 uilla
1199 722 1360 784 nostraque
1377 717 1713 779 diciturlleilambrunno:
1734 734 1763 780 et

971 801 1101 868 quldquid
1118 800 1161 857 ille
1176 800 1270 860 libide
1282 801 1366 862 uerbo
1378 815 1491 875 neure,
1514 811 1595 865 simul
1620 828 1686 869 cum
1700 814 1763 873 aliis

971 890 1114 946 comitibus
1127 900 1154 947 et
1170 892 1293 951 ildelibus
1307 898 1420 963 nostris,
1447 901 1482 956 ad
1496 900 1652 959 iaciendum
1670 904 1761 977 lutin-

970 981 1051 1044 xerit,
1074 979 1164 1037 lacere
1187 985 1308 1051 studeas,
1334 995 1362 1042 et
1376 983 1466 1044 taliter
1475 985 1574 1049 exinde
1593 1010 1670 1066 agas,
1695 1014 1761 1071 qaa-

970 1066 1033 1123 litcr
1042 1068 1070 1122 in
1085 1077 1131 1124 tua
1142 1070 1272 1130 tidelitate
1283 1075 1382 1132 bonam
1394 1077 1525 1136 habemus
1538 1078 1675 1139 lldueiam.
1690 1080 1761 1149 Bm

971 1157 1041 1214 vale.

1252 1256 1418 1315 entstoea
1432 1258 1493 1317 xit,

1008 1361 1162 1403 tiltentona
1186 1364 1337 1404 utubuwtct
1361 1362 1549 1421 lureaamls,
1568 1373 1603 1412 ab
1621 1374 1649 1415 Ι.
1667 1378 1727 1421 Em

1310 1434 1434 1477 Fllillbss.

1007 1505 1159 1563 innomine
1181 1506 1288 1563 llomlni
1307 1510 1353 1564 Dei
1369 1520 1397 1566 et
1413 1511 1562 1573 Salvatoris
1589 1523 1679 1578 nostri
1698 1521 1759 1583 deu

971 1595 1085 1662 Christi,
1100 1595 1284 1662 illudowicus,
1301 1599 1445 1656 ordinante
1466 1603 1558 1662 divina
1580 1612 1757 1681 provideatis,

972 1683 1119 1754 imperator
1133 1693 1273 1756 augustus,
1288 1685 1322 1740 ll.
1334 1686 1405 1744 teeti
1420 1701 1522 1750 nostro.

1010 1775 1108 1831 Notum
1121 1777 1157 1831 sit
1181 1775 1230 1830 tibi
1256 1777 1328 1846 qood
1350 1779 1516 1840 rolummut
1543 1803 1628 1845 uuum
1641 1792 1676 1850 de
1700 1794 1759 1853 m

973 1869 1036 1934 tuis,
1055 1868 1163 1924 vasallis
1176 1875 1285 1933 uostris,
1304 1889 1385 1945 quem
1397 1886 1425 1931 tu
1436 1880 1544 1936 noueris
1557 1885 1631 1951 quod
1642 1886 1695 1944 boc
1706 1902 1759 1947 Ιο-

971 1959 1024 2016 lius
1034 1959 1125 2018 lacere
1131 1965 1228 2034 possit,
1238 1978 1418 2039 praeparatum
1427 1970 1598 2041 nesciobam,
1607 1984 1646 2041 nt,
1654 1981 1758 2047 quanm

973 2049 1005 2104 tt.
1019 2064 1110 2107 comes
1119 2061 1148 2108 et
1165 2054 1197 2108 ll.
1210 2057 1309 2113 mimus
1318 2067 1411 2114 noster
1419 2075 1468 2131 per
1481 2061 1555 2117 illum
1566 2064 1647 2121 nobis
1660 2067 1758 2141 aliqu'i

972 2143 1101 2198 mandare
1114 2145 1259 2214 voluerint,
1286 2149 1346 2206 sine
1359 2166 1435 2207 mora
1448 2153 1491 2209 vel
1504 2155 1643 2225 tarditate,
1658 2161 1694 2215 ad
1707 2160 1758 2219 Ta·

972 2248 1053 2289 roues
1069 2250 1183 2307 pergere
1195 2240 1298 2310 possit3
1321 2243 1384 2313 quia
1398 2244 1489 2300 ibiaut
1502 2248 1646 2319 nosipsos,
1660 2261 1710 2308 aut
1719 2253 1758 2310 ἃ·

972 2321 1068 2378 lectam
1081 2325 1222 2398 conjugem
1233 2339 1365 2398 nostram,
1378 2333 1491 2392 bomirm
1501 2336 1618 2407 uoleme,
1633 2342 1756 2401 inreata·

972 2427 1019 2467 rus
1032 2423 1084 2469 est.
1107 2414 1174 2473 Vide
1186 2427 1216 2473 ut
1228 2419 1330 2476 nullam
1342 2425 1439 2481 exinde
1449 2427 1757 2504 babeasnegliqeotlan,

972 2516 994 2556 si
1016 2504 1130 2572 qratiam
1147 2516 1268 2564 nostram
1286 2512 1353 2568 uelis
1370 2515 1480 2573 babere.
1516 2518 1587 2590 Opto
1605 2529 1635 2578 ut
1653 2538 1758 2597 sem

972 2592 1040 2648 bene
1050 2594 1141 2652 valeas
1152 2598 1179 2654 in
1194 2599 1317 2659 liomino.

1232 2716 1399 2776 eetsuuun
1416 2720 1486 2778 xxt.

972 2793 999 2832 tlt
1018 2792 1134 2838 PBRSOM
1151 2800 1300 2843 neebovtct
1327 2805 1517 2859 inremotus,
1538 2811 1572 2849 ΔΙ)
1592 2813 1620 2853 'l'-
1641 2814 1704 2858 m!
1720 2816 1756 2858 ΙΙ·

1313 2872 1411 2915 baua.

1009 2943 1040 2999 la
1053 2946 1162 3003 nomine
1175 2948 1280 3006 Domini
1293 2953 1341 3008 llei
1362 2962 1390 3010 et
1408 2953 1557 3014 Salvatoria
1575 2963 1664 3017 nostri
1676 2961 1758 3020 Ιὰ

1109 3036 1292 3108 lllodowicus,
1320 3045 1410 3100 divina
1425 3047 1568 3105 ordinante
1576 3052 1756 3119 pmvideatia,

970 3126 1117 3196 imperator
1131 3141 1270 3201 augustus,
1286 3133 1319 3189 Τ.
1331 3134 1403 3191 teeti
1415 3145 1519 3194 nostro.

1004 3215 1102 3271 Notum
1116 3220 1152 3274 sit
1163 3221 1211 3276 tibi
1222 3223 1427 3291 quodvolumus
1437 3229 1509 3283 utad
1522 3229 1574 3286 boc
1586 3238 1612 3285 te
1622 3246 1757 3305 premes

968 3311 1009 3372 ut,
1029 3307 1253 3381 quandocumque
1265 3311 1347 3367 llllT.
1366 3326 1484 3373 ·eomes
1496 3326 1526 3373 et
1539 3317 1574 3374 tt.
1588 3322 1690 3379 nunu
1709 3340 1756 3381 aa·

969 3402 1027 3450 ster
1038 3411 1087 3466 per
1101 3407 1128 3454 te
1143 3401 1220 3455 nobis
1232 3400 1333 3471 aliquid
1343 3406 1472 3460 mandare
1484 3407 1629 3475 soluerint,
1655 3415 1754 3481 statim,

969 3484 1028 3539 aine
1042 3501 1117 3542 mora
1130 3489 1171 3542 uel
1184 3489 1273 3561 aliqua
1285 3493 1421 3560 arettae,
1433 3510 1494 3550 eura
1503 3497 1563 3567 ipso
1574 3502 1713 3570 mandato,
1722 3505 1757 3560 ad

970 3574 1093 3632 Turonos
1109 3577 1119 3617 f
1135 3594 1247 3651 pergere
1256 3584 1360 3652 possis:
1375 3586 1437 3654 quia
1450 3586 1486 3642 ibi
1496 3581 1545 3644 aut
1557 3605 1608 3646 nos
1618 3591 1701 3662 ipson,
1711 3603 1756 3650 ιιι

970 3654 1096 3721 dilectam
1108 3669 1248 3740 conjugem
1263 3681 1395 3741 nostram,
1410 3677 1524 3733 Domino
1535 3679 1653 3746 voleate,
1663 3682 1754 3738 inrua-

970 3762 1047 3809 turus
1056 3770 1095 3809 es.
1108 3757 1175 3812 Vide
1185 3761 1322 3817 utnullanr
1332 3765 1431 3820 exinde
1444 3767 1544 3824 babeas
1554 3770 1752 3843 ιιοςιίςωιιιι.

969 3843 993 3898 si
1006 3845 1123 3911 qratiam
1132 3857 1254 3905 nostram
1269 3853 1334 3909 velis
1344 3855 1453 3912 babere.

1226 3961 1392 4021 nrtsrottt
1411 3968 1492 4026 xxtt.

1181 4047 1215 4086 an
1233 4051 1259 4087 a.
1278 4049 1373 4091 urssutt
1388 4054 1545 4096 maturauit.

1004 4116 1108 4173 Dilecto
1120 4118 1197 4176 tratri
1211 4131 1240 4178 et
1252 4125 1340 4181 amieo
1351 4127 1383 4181 Δ.
1400 4130 1482 4186 mimo
1497 4135 1651 4203 damiatem
1676 4138 1751 4211 flqia·

969 4205 1070 4263 hardus
1084 4213 1273 4282 sempiternam
1283 4216 1312 4270 in
1323 4216 1437 4276 Domino
1450 4223 1576 4280 saltitem.

1003 4296 1134 4357 Putabam
1159 4305 1207 4360 tibi
1229 4307 1298 4363 bene
1311 4313 1448 4381 cognitum
1463 4330 1522 4372 esse
1546 4321 1619 4392 quod
1633 4322 1752 4382 tantm

970 4391 1068 4456 nostri,
1093 4409 1162 4462 quos
1186 4397 1213 4451 in
1229 4399 1287 4454 istis
1301 4403 1422 4468 partibus
1443 4406 1584 4477 habemus,
1606 4416 1751 4473 eccam

970 4481 1168 4539 ordinationem
1194 4496 1221 4541 et
1237 4486 1386 4556 jussionem
1399 4493 1491 4552 domni
1511 4498 1694 4571 imperatoria,
1719 4504 1752 4560 ad

969 4569 1118 4628 custodiam
1143 4575 1306 4632 maritimam
1321 4579 1430 4638 luerunt
1451 4601 1504 4642 non
1528 4589 1613 4645 solum
1629 4608 1664 4649 co
1688 4603 1749 4652 tem

968 4671 1045 4726 pore,
1059 4662 1166 4729 quando
1181 4663 1242 4720 itte.
1259 4709 1265 4719 .
1280 4704 1310 4722 ..
1335 4671 1421 4726 oriam
1439 4675 1451 4713 ⁸
1474 4676 1613 4745 proiectus
1625 4690 1680 4749 est,
1706 4684 1753 4738 aed

969 4748 1050 4803 etiam
1062 4753 1170 4819 quanm
1178 4753 1338 4814 Aurelianm
1346 4765 1476 4830 perrexit.
1496 4766 1529 4820 Et
1541 4768 1667 4827 ideonun
1682 4772 1753 4827 ulde-

969 4847 1013 4892 tur
1026 4842 1091 4896 milti
1100 4842 1204 4912 justum
1216 4862 1277 4902 esse
1289 4859 1317 4903 ιιι
1326 4853 1503 4911 heribannum
1514 4858 1620 4914 solvere
1626 4862 1751 4925 debeam.

967 4934 1014 5001 qni
1026 4949 1079 4988 non
1091 4937 1172 4992 aliubi
1186 4938 1304 5007 tuterunt,
1329 4945 1382 5001 nisi
1393 4948 1439 5001 ubi
1456 4949 1514 5018 ipse
1526 4950 1753 5025 imperatorpre·

966 5024 1047 5092 cepit.
1068 5025 1100 5079 lit
1113 5028 1173 5083 idco
1186 5043 1284 5099 precor
1302 5035 1471 5091 dilectionem
1481 5048 1553 5094 nram
1565 5049 1594 5096 ut
1601 5043 1681 5099 nobis
1692 5060 1753 5117 spa·

966 5112 1032 5167 tium
1046 5114 1107 5170 inde
1117 5117 1211 5184 dones,
1219 5120 1305 5178 donec
1315 5124 1431 5180 domnus
1441 5127 1589 5197 imperator
1600 5133 1717 5201 venerit,
1726 5141 1753 5188 et

1003 5258 1014 5284 θ
1035 5247 1080 5303 Sic
1091 5251 1191 5317 eodem
1203 5262 1232 5307 at
1243 5252 1337 5310 Teutlot
1350 5257 1431 5312 babet
1441 5258 1608 5319 llrotlertua.

1005 5316 1013 5353 t
1035 5317 1140 5381 Melius,
1156 5321 1260 5387 leniet,
1277 5323 1405 5379 Turones.

1002 5387 1014 5424 ⁸
1034 5387 1218 5459 Teuletputat
1230 5392 1279 5446 luas
1299 5393 1402 5450 litteras
1424 5398 1508 5452 orium
1523 5414 1584 5456 estc
1604 5403 1687 5459 linem
1700 5420 1751 5462 ao·

963 5454 1043 5509 minis
1061 5456 1175 5524 alicujus
1189 5462 1308 5517 civitatis
1321 5464 1363 5517 uel
1387 5467 1504 5535 regionis
1518 5479 1546 5524 et
1570 5473 1749 5544 suppl-udum

961 5537 1022 5577 esse
1032 5524 1111 5594 llojo,
1129 5529 1205 5583 etita
1218 5527 1361 5601 legendum
1375 5533 1446 5591 toret
1458 5536 1625 5607 baioariam.
