3832 6120
131 240 182 299 lib
628 228 798 292 CLAUDIUS
819 222 1050 285 Tauntucbsts
1069 223 1268 283 attactibus.
1715 225 1773 285 ab

130 367 189 410 rius
201 349 320 409 bominis
337 363 391 405 aon
406 347 436 402 lli
450 347 520 402 alter
540 344 636 399 beatius
649 357 656 397 ι
669 358 731 413 quia
745 349 773 397 et
787 356 848 397 cunr
861 355 924 397 euin
938 347 964 405 Α
976 336 1051 392 Patri
1068 344 1096 390 et
1121 343 1258 391 coatema
1278 335 1418 406 suscipere
1441 335 1609 407 dignaretur,
1629 351 1679 408 per
1689 352 1774 408 Ml

132 445 256 501 irritatur
274 449 305 495 nt
320 439 366 503 sit,
384 437 447 492 inde
461 433 564 504 appetit
577 432 674 488 beatus
691 431 749 487 lieri
766 429 837 486 unde
847 428 923 484 illum
974 442 1025 484 uos
1046 428 1156 484 doceret
1170 427 1197 482 id
1211 440 1272 482 esic
1284 426 1388 482 bomini
1400 426 1544 483 colendum
1558 428 1632 498 quod
1647 426 1685 483 ab
1697 430 1774 488 cmiii

131 534 232 592 lactum
241 531 316 586 ridet
326 527 382 591 ille,
396 526 500 583 scilieet
509 523 722 581 incommutabili
733 522 924 592 communique
975 528 1100 574 creatura
1114 517 1291 574 intellectuali
1303 525 1332 572 et
1342 516 1469 574 rationali
1483 517 1628 574 colendum
1653 526 1709 576 est.

132 625 254 681 reritme
264 620 358 689 licque
369 616 512 689 prodentia
524 616 665 687 cujusdam
676 610 922 685 titprudeiisalius,
1014 630 1022 661 i
1046 610 1103 666 lloc
1113 611 1197 665 etiam
1212 608 1285 680 ipsos
1299 609 1416 679 optimos
1429 608 1542 679 angelos
1557 617 1587 666 et
1596 610 1774 669 eioebeuiis

131 725 180 773 aut
210 713 290 770 lortis
303 710 478 776 fortitudine,
498 716 545 765 aut
559 717 713 777 temperans
727 703 924 775 temperantia,
975 702 1043 758 sima
1064 699 1215 756 ministeria
1229 698 1278 755 liei
1291 699 1360 755 uelle
1381 699 1536 764 credamus,
1552 709 1584 757 ut
1600 718 1688 758 nuum
1708 718 1774 760 carii

131 805 280 879 autjustus
296 800 402 873 justitia
423 798 540 856 bominis
558 796 670 853 alterins
685 792 925 867 quisquamellici-
975 793 1043 863 ipsis
1063 792 1184 848 colamus
1209 792 1315 859 Deum,
1341 793 1420 865 cnjus
1444 793 1675 865 contemplatione
1699 797 1775 853 beati

132 908 177 956 tur
194 913 203 952 t
221 897 269 953 sed
287 893 440 966 coaptando
454 890 574 946 animum
594 886 647 942 illis
661 884 926 942 incommutabilibus
975 895 1048 941 surii.
1066 884 1159 956 Neque
1174 885 1247 940 enim
1267 893 1295 941 ct
1307 899 1357 940 nos
1375 884 1492 941 ridendo
1513 884 1626 957 angelos
1639 886 1717 943 beati
1729 903 1776 944 sii-

130 987 234 1060 regulis
247 985 448 1054 luminibusque
460 980 601 1043 virtutum,
612 992 675 1048 qnae
686 974 926 1045 incorruptibiliter
974 993 1047 1043 mus,
1062 986 1108 1033 aut
1130 992 1249 1047 unquam
1268 977 1372 1032 erimus
1390 993 1397 1031 :
1416 976 1464 1033 sed
1478 977 1595 1034 ridendo
1614 979 1774 1046 veritatem,

132 1081 227 1128 vivant
240 1079 268 1127 in
278 1078 336 1141 ipsa
347 1075 461 1125 ueritate
471 1069 658 1141 sapientiaque
665 1068 814 1133 communi,
826 1067 925 1136 quibus
975 1083 1025 1138 per
1037 1083 1119 1139 quam
1131 1069 1215 1124 etiam
1229 1068 1303 1139 ipsus
1315 1068 1454 1140 diligimus
1465 1069 1592 1139 angelos,
1607 1077 1637 1125 et
1653 1070 1701 1127 bis
1711 1084 1777 1127 coii-

132 1172 160 1217 ct
175 1162 220 1218 ille
234 1161 370 1232 coaptavit
383 1168 412 1216 et
428 1160 635 1226 bituminum,
652 1175 735 1230 quein
747 1159 808 1214 istis
818 1158 926 1214 virtuti·
975 1161 1152 1233 gratulamur.
1166 1159 1222 1216 Nec
1235 1161 1388 1217 inridemus
1402 1161 1474 1231 quod
1485 1162 1638 1232 paratiores
1648 1171 1679 1217 et
1692 1163 1774 1220 nullia

131 1253 183 1309 bus
198 1252 340 1324 preditum
362 1253 413 1308 sibi
433 1252 466 1306 ad
482 1252 643 1307 imitandum
656 1251 807 1322 proposuit.
821 1249 924 1306 Volun-
975 1252 1108 1307 molestiis
1128 1252 1371 1323 interpedientibus
1389 1250 1567 1322 perlruuntur
1587 1271 1595 1307 :
1616 1254 1667 1310 scd
1687 1254 1774 1327 magis

134 1352 175 1399 tas
199 1358 266 1414 ergo
290 1344 432 1399 adhaerens
453 1342 589 1398 communi
614 1353 695 1412 atque
712 1340 925 1397 incommutabili
975 1358 1022 1399 cos
1042 1343 1190 1413 diligimus,
1213 1344 1285 1414 quod
1304 1352 1332 1399 et
1354 1358 1404 1400 nos
1428 1343 1482 1399 tale
1506 1343 1609 1414 aliquid
1631 1359 1773 1414 sperares

133 1433 215 1499 bono,
229 1436 357 1504 impetrat
375 1434 462 1504 prima
477 1441 506 1488 et
521 1448 620 1504 magna
634 1432 752 1487 bominis
766 1430 846 1498 bona,
862 1446 925 1487 cii·
975 1436 1112 1489 communi
1123 1432 1179 1489 lieo
1187 1431 1257 1503 jussi
1269 1449 1374 1490 sumus.
1388 1434 1422 1488 Et
1435 1435 1536 1490 idcirco
1546 1435 1773 1493 bonoramnscoi

133 1526 191 1595 ipsa
204 1526 241 1581 sit
259 1524 377 1580 medinm
400 1523 535 1594 quoddam
552 1523 663 1579 bonum
686 1524 818 1579 Voluntas
834 1531 924 1578 autem
975 1525 1129 1589 charitate,
1155 1540 1209 1580 non
1227 1526 1375 1591 servitute;
1392 1539 1442 1580 nec
1460 1525 1500 1580 eis
1520 1524 1621 1595 templa
1632 1526 1771 1581 conidtui-

132 1632 228 1673 auersa
240 1617 275 1671 ab
293 1615 505 1672 incommutabili
523 1623 551 1671 et
564 1615 701 1670 communi
720 1616 800 1679 bono,
819 1622 847 1669 et
860 1628 925 1669 cou-
975 1629 1037 1670 mus
1051 1633 1057 1670 :
1073 1631 1105 1671 ac
1126 1631 1176 1685 per
1198 1616 1251 1673 hoc
1274 1616 1369 1673 nolunt
1393 1631 1423 1672 se
1439 1617 1480 1671 sic
1498 1616 1663 1672 honoraria
1686 1616 1768 1682 nobis,

132 1724 212 1765 uersa
228 1707 262 1762 ad
276 1709 415 1778 proprium
430 1704 610 1773 bonum‚‘ant
623 1706 658 1761 ad
671 1706 807 1773 citerius,
830 1704 924 1760 autad
938 1696 962 1757 B
975 1707 1039 1778 qnia
1054 1721 1104 1762 nos
1118 1707 1207 1776 ipsos,
1220 1721 1283 1762 cum
1295 1707 1359 1763 boni
1371 1723 1480 1776 sumus,
1497 1707 1600 1780 templa
1612 1709 1715 1765 summi
1726 1709 1769 1765 bei

133 1796 256 1861 inieritis,
270 1805 376 1867 peccat.
975 1815 1036 1856 esse
1046 1808 1191 1856 noverunt.
1212 1819 1222 1853 i

172 1904 182 1938 ι
200 1898 213 1929 1
229 1888 263 1941 it
276 1886 336 1942 ideo
352 1901 406 1941 nori
426 1886 461 1941 sit
474 1886 552 1942 nobis
571 1887 666 1957 religio
680 1887 768 1942 cultus
784 1886 925 1943 bominum
1010 1891 1075 1947 llaec
1093 1891 1156 1947 lidoi
1172 1900 1274 1948 nostrae
1285 1892 1497 1947 munitissimum
1513 1899 1597 1964 atque
1611 1891 1768 1949 altissimam

135 1976 391 2046 1111111110111111ιίιῦῑ11
405 1977 737 2047 11111111111111111011111
750 1978 927 2034 babenturut
975 1992 1192 2048 sacramentnm,
1208 1991 1236 2038 et
1250 1983 1325 2039 cordi
1349 1993 1443 2039 nostro
1466 1983 1657 2040 firmissimum
1676 1984 1764 2040 chara·

136 2067 204 2124 tiles
216 2075 341 2136 quaerant
354 2068 628 2134 bonores,seillllum
640 2069 745 2125 anobis
757 2069 808 2125 coli
820 2068 925 2137 uolunt,
976 2084 1035 2132 etei
1047 2076 1220 2147 impressum.
1235 2075 1311 2131 llanc
1332 2075 1480 2131 astruendo
1491 2083 1520 2131 et
1538 2073 1712 2131 defendendo
1727 2088 1766 2131 rc-

134 2156 576 2229 quoilluminatilactanturmeriti
588 2159 629 2214 sui
644 2173 765 2215 noscsse
774 2167 924 2217 consortes·
975 2168 1101 2232 miamin,
1127 2167 1301 2239 opprobrium
1325 2167 1415 2223 lactus
1435 2183 1495 2223 suni
1515 2167 1616 2224 ricinis
1639 2166 1726 2234 mcii,
1742 2174 1766 2221 cl

135 2247 290 2305 bononici
303 2263 368 2321 eigo
380 2256 444 2304 suni
457 2256 569 2320 propiet
581 2248 777 2314 imirationem,
793 2264 847 2305 nou
859 2248 926 2305 aco
976 2259 1058 2314 rimor
1072 2258 1146 2314 nnus
1160 2259 1238 2326 mers,
1257 2259 1285 2314 in
1308 2266 1432 2326 rantum,
1447 2268 1478 2315 ui
1493 2260 1541 2330 qni
1563 2259 1694 2315 iraenaei
1711 2272 1764 2325 iis,

136 2338 214 2393 randi
226 2345 339 2411 propter
358 2337 526 2408 religionem.
549 2335 578 2393 Si
591 2345 682 2393 aulem
703 2337 924 2404 111111111111111,
975 2363 1030 2404 noir
1049 2349 1136 2404 solum
1155 2350 1329 2416 deridebant,
1352 2351 1399 2406 sed
1413 2351 1494 2406 etiarn
1508 2351 1595 2422 digito
1607 2364 1681 2406 unus
1695 2349 1764 2405 alten

135 2431 288 2502 1111111111
308 2431 378 2497 sini,
397 2438 528 2486 1111111
543 2429 659 2485 colendi·
681 2429 758 2498 Quod
777 2429 926 2502 1111111181
975 2439 1163 2496 osanueiana.
1186 2439 1241 2497 sei
1255 2442 1410 2498 consonus
1431 2450 1473 2498 esi
1493 2457 1543 2498 nos
1563 2441 1761 2499 sarcimine

135 2536 257 2578 summus
269 2521 393 2593 angelus,
407 2522 434 2577 id
451 2521 593 2577 colendum
611 2529 654 2577 est
671 2522 753 2577 etiam
765 2521 800 2576 ab
816 2521 927 2578 bomine
976 2531 1130 2587 cordianum
1154 2542 1183 2588 ei
1206 2533 1279 2591 Deus
1305 2537 1388 2591 mirus
1417 2536 1614 2592 consolatonis,
1643 2536 1674 2591 in
1697 2532 1761 2592 mi

135 2612 232 2668 utiimo
246 2627 254 2667 τ
269 2613 333 2683 qnia
352 2612 411 2683 ipsi
425 2611 543 2668 hominis
562 2621 660 2667 111111
686 2611 712 2666 id
736 2628 790 2667 non
812 2611 926 2668 colendo
976 2623 1151 2681 tribulatione
1174 2635 1286 2694 nosira,
1303 2636 1334 2683 ni
1358 2629 1494 2698 possimus
1515 2635 1543 2683 ei
1563 2627 1616 2697 ipsi
1638 2623 1763 2682 conenit

134 2705 206 2762 filla
220 2713 263 2762 0⁵⁸
275 2705 379 2760 umm-
395 2703 454 2760 N⁰¹¹
470 2705 543 2759 enim
554 2705 663 2760 111111ΰᾶ9
679 2706 787 2775 sapiens
803 2704 924 2775 anbelus·
975 2716 1082 2786 eosqui
1097 2716 1125 2771 iii
1143 2719 1218 2772 omni
1238 2734 1368 2788 pressura
1383 2728 1457 2785 sunt,
1472 2718 1506 2775 de
1529 2717 1575 2773 illo
1594 2717 1722 2783 lideutea,
1741 2726 1767 2770 ct

135 2797 243 2855 aliunde
262 2798 363 2864 bumo;
383 2796 492 2853 aliunde
513 2796 558 2851 ille
580 2810 674 2859 verax,
697 2795 805 2850 aliunde
819 2795 924 2850 bomo:
975 2822 1025 2879 per
1038 2808 1113 2864 epum
1129 2810 1156 2865 qn
1175 2813 1370 2869 ,emtionibus
1391 2829 1445 2870 „0ss
1465 2813 1635 2881 deficiemes,
1656 2813 1704 2886 quq
1722 2826 1766 2866 ω

134 2886 181 2943 sed
196 2887 231 2942 ab
244 2903 298 2943 una
309 2886 522 2944 incommutabili
536 2883 668 2955 sapientia
681 2892 710 2939 et
717 2884 841 2938 ueritate.
858 2882 926 2939 llam
975 2900 1061 2957 „qu
1074 2900 1187 2973 jugqqae
1198 2911 1227 2957 gg
1241 2904 1316 2975 gaqe,
1335 2905 1431 2962 ,aquus
1448 2906 1537 2961 munit
1560 2912 1646 2977 ,tque
1657 2904 1765 2961 eim.

134 2979 251 3049 idipsum
269 2986 360 3035 actum
373 2988 417 3035 ost
430 2975 572 3048 temporali
584 2976 784 3046 dispensatione
801 2976 834 3031 ad
851 2974 925 3031 salu·
977 2989 1035 3047 qap,

136 3077 189 3124 teni
201 3077 334 3136 nostruin,
350 3079 381 3125 ut
400 3077 525 3124 naturam
540 3067 685 3122 humanam
700 3066 759 3136 ipsa
777 3064 825 3120 Dei
839 3035 962 3121 uirtusC

223 3161 228 3176 .
293 3161 299 3175 .
352 3162 357 3174 .
398 3162 405 3175 .
583 3158 609 3171 ..
866 3158 909 3170 ..
1313 3106 1437 3179 Explicit.

134 3170 164 3215 ct
182 3161 230 3217 bei
243 3171 377 3233 sapientia
397 3158 626 3218 incommutabilis
638 3167 666 3214 et
686 3156 926 3214 consubstantiabs

172 3303 185 3334 1
200 3292 242 3355 Ex
253 3291 414 3366 Augustino,
428 3292 462 3350 de
475 3308 540 3348 reia
558 3290 658 3364 lielig,
672 3306 732 3363 cap.
745 3288 789 3348 55.

1517 3443 1732 3465 m

414 3490 1055 3676 numanis'snio
1093 3555 1485 3675 mucroni

532 3777 567 3839 b.
590 3774 767 3840 tontibus
787 3770 1105 3838 crinisosuotitis
1126 3771 1368 3834 TROblBELLl.

171 4042 270 4111 Quane
286 4039 322 4094 sit
329 4034 412 4107 pretii
424 4032 493 4088 liber
507 4029 651 4098 ille,quern
662 4027 926 4094 tibi,buinanissime
976 4027 1012 4083 ob
1018 4041 1077 4082 rem
1087 4026 1147 4080 uiro
1159 4026 1378 4095 preclarissimo,
1386 4036 1413 4082 et
1424 4027 1458 4083 de
1471 4027 1549 4084 bonis
1559 4028 1662 4086 litteris
1670 4030 1768 4103 optimc

135 4114 232 4176 iactor,
249 4108 376 4168 eibibeo,
390 4101 462 4158 baud
476 4100 591 4155 obscure
613 4097 746 4169 signillcat
758 4097 926 4153 clarissimus
978 4096 1085 4162 merito,
1098 4111 1142 4150 me
1151 4095 1299 4219 plurimum
1319 4097 1417 4152 debcic
1431 4098 1569 4168 proliteor.

129 4180 298 4240 ,Franciscus
308 4172 443 4228 Antonius
452 4167 610 4234 Zacharias,
622 4166 685 4221 dum
696 4180 759 4222 euni
772 4178 785 4209 1
803 4184 812 4217 i
823 4175 880 4221 tum
890 4165 926 4221 ad
1013 4165 1077 4231 Seii,
1092 4174 1122 4221 ut
1134 4180 1149 4220 a
1161 4167 1222 4236 iqua
1234 4166 1268 4222 de
1278 4165 1391 4223 Claudio
1402 4167 1563 4224 Taurinensi
1575 4167 1703 4241 eloquar,
1720 4170 1769 4228 lliit

135 4237 590 4308 bistoriamccelesiastioomimscri
611 4244 711 4301 torum,
723 4245 780 4292 tuin
789 4237 823 4292 ad
834 4250 925 4293 rerum
978 4235 1023 4292 ille
1036 4236 1171 4308 quidem·
1187 4245 1217 4291 ut
1228 4251 1260 4291 ea
1272 4235 1376 4292 larebat
1387 4246 1454 4294 aetas
1488 4239 1555 4293 uixit
1569 4248 1674 4308 autem,
1699 4240 1769 4315 quod

135 4323 164 4376 iii
181 4329 265 4374 causa
285 4311 390 4369 Claudii
405 4307 581 4364 Taiirinensis
592 4253 769 4389 'iconoclastae
788 4314 925 4379 gestarum
937 4337 964 4398 D
977 4307 1037 4376 qni·
1058 4322 1091 4362 ue
1108 4306 1193 4389 noyit,
1209 4305 1307 4362 (larcio
1319 4307 1461 4378 Magnoet
1498 4309 1612 4364 udoiioo
1622 4309 1673 4368 Pio
1686 4311 1769 4383 impe·

135 4389 246 4453 seriem,
257 4383 431 4454 originesque
459 4377 654 4448 dignoscendas
666 4377 790 4433 'maxime
801 4376 895 4431 utilem
912 4395 922 4429 i
978 4378 1049 4431 ranii
1068 4375 1111 4448 us)
1125 4377 1255 4443 disertus,
1286 4393 1317 4433 ac
1330 4377 1435 4444 doctus,
1453 4379 1543 4434 sederi
1556 4394 1654 4435 eorum
1666 4381 1770 4439 littera·

134 4456 289 4518 essedocct
304 4471 311 4507 ε
327 4446 796 4523 caniqueobcausamseennrdem
813 4446 912 4503 librum
977 4455 1067 4501 torum
1088 4460 1198 4527 genere,
1225 4463 1294 4518 quos
1303 4446 1416 4504 scientia
1431 4448 1519 4514 intlat,
1549 4457 1579 4505 et
1589 4450 1626 4505 ab
1642 4449 1769 4509 Ecaten

134 4531 271 4588 editurum
292 4524 376 4579 luisse
393 4521 442 4585 ait,
468 4519 491 4575 si
503 4519 604 4574 diutius
624 4516 734 4574 Pistorii
756 4518 855 4600 degere
872 4515 924 4587 ipsi
976 4516 1037 4570 sinu
1048 4514 1154 4584 rejicit,
1169 4517 1216 4587 qui
1241 4533 1289 4573 sua
1305 4519 1403 4574 sectari
1417 4519 1538 4590 cupiunt,
1561 4534 1616 4575 non
1630 4535 1693 4591 quae
1705 4519 1770 4579 leta

134 4600 274 4658 licuisset:
289 4593 417 4652 babuisse
431 4589 561 4645 tamenin
576 4588 647 4644 votis
671 4589 924 4659 praestantissimum
975 4586 1088 4652 Christi,
1115 4586 1299 4658 praecipientis
1316 4587 1431 4655 seilicet,
1448 4598 1480 4644 ut
1489 4590 1626 4646 credenda
1641 4591 1768 4663 dogmata

133 4671 266 4728 loannem
291 4663 460 4720 bomiiiioum
477 4658 622 4724 blansium,
643 4666 673 4712 ut
701 4673 763 4712 eum
791 4658 883 4712 ederet
897 4655 921 4709 1.
975 4670 1029 4710 ιιοιι
1043 4656 1209 4726 exingcnio,
1234 4666 1315 4730 atque
1326 4657 1459 4713 arbitratu
1473 4667 1567 4715 nostro
1582 4660 1767 4726 dimetiantur,

133 4742 239 4798 [leucia
252 4733 369 4792 exscribi
382 4732 457 4786 illum
467 4729 587 4799 jusserat
604 4728 709 4782 clariss.
721 4726 853 4792 blansius;
875 4725 923 4782 sed
975 4727 1023 4782 sed
1047 4741 1081 4781 ex
1101 4735 1191 4781 ietcre
1217 4728 1372 4794 traditione,
1395 4736 1422 4785 et
1436 4729 1565 4786 Ecclesia
1577 4730 1765 4797 consensione,

134 4812 180 4868 nbi
195 4806 280 4873 nonii,
311 4802 411 4858 inedita
424 4809 548 4854 ueterum
563 4796 809 4852 ecclesiasticorum
830 4806 924 4852 aucto-
975 4797 1266 4867 atqueapprobaticne.
1290 4798 1319 4853 ld
1336 4812 1371 4852 ne
1384 4807 1484 4855 temere
1496 4799 1604 4856 locutus
1616 4801 1766 4866 existimer,

134 4896 195 4937 rum
205 4876 337 4946 scriptaa
360 4868 439 4926 nobis
452 4867 585 4936 evulgari,
611 4865 739 4936 quidquid
756 4867 923 4937 exscriptum
974 4882 1021 4922 eos
1050 4867 1196 4937 scriptores
1223 4867 1343 4934 consule,
1374 4883 1452 4938 quos,
1471 4883 1505 4924 ne
1528 4869 1615 4926 multo
1643 4884 1767 4928 sannone

134 4951 233 5014 tuerat,
246 4945 281 5000 ad
296 4957 338 4998 me
352 4940 474 5005 misit,ut
489 4938 559 5008 typis
569 4937 723 5006 proderem.
743 4936 829 5004 Quam
840 4937 923 4993 etiam
974 4935 1070 4993 lectori
1102 4936 1231 4992 molestus
1257 4937 1319 5003 siin,
1346 4938 1373 4993 in
1394 4949 1458 4994 nota
1475 4939 1561 5012 allego
1575 4951 1599 4994 1.
1632 4940 1765 4998 mam

168 5099 181 5125 1
201 5078 365 5139 Bibliotlieca
375 5073 534 5131 Pistoriens.
550 5088 615 5197 pah.
628 5073 671 5136 lb,
684 5088 711 5127 n.
723 5072 770 5155 .¹¹.·
973 5077 1077 5146 ignoro.
1112 5072 1143 5129 Si
1155 5073 1257 5156 diutins
1270 5072 1381 5130 Platorii
1396 5073 1518 5129 licuisset
1527 5073 1696 5157 .i.¹¹²¹¹3⁰¹'³'}‘.
1708 5072 1765 5157 pri·

169 5142 566 5222 utnipag.6iamrctat.ti,i
609 5142 921 5211 isuntbibliorumloci,
973 5146 1034 5200 dem
1047 5153 1134 5200 totum
1154 5158 1211 5214 ipse
1227 5143 1395 5216 euiilgasscm
1420 5158 1481 5199 cum
1499 5142 1561 5199 aliis
1575 5143 1713 5217 liturgicis
1734 5142 1766 5199 b·

131 5226 166 5282 de
203 5221 283 5277 nibus
302 5214 377 5273 XXX
389 5213 552 5285 questiones
576 5212 695 5268 instituit
717 5211 921 5269 Theodemirus.
972 5213 1039 5280 bris,
1052 5223 1105 5270 etc.
1122 5234 1131 5267 i

132 5239 254 5350 Easqiuse
267 5291 293 5345 iii
308 5289 366 5359 ipso
376 5286 428 5341 boc
438 5283 531 5340 codice
542 5282 612 5339 idem
626 5284 808 5352 persequitur,
817 5291 844 5337 et
856 5284 922 5355 quid
1009 5283 1117 5340 clonas
1132 5283 1334 5340 Aurelianensis
1348 5283 1375 5339 in
1391 5284 1466 5341 libris
1480 5285 1512 5339 dc
1525 5283 1605 5340 Cultu
1619 5284 1764 5357 inopinari

133 5367 160 5419 iii
179 5362 231 5419 illis
253 5356 451 5430 explanandum
462 5353 689 5424 cupiatustendit.
716 5350 802 5420 Quam
818 5353 920 5410 obrem
972 5370 1033 5426 pag.
1047 5355 1100 5409 533
1110 5361 1138 5408 ct
1152 5354 1261 5436 subseq.
1272 5363 1339 5408 tom.
1353 5354 1396 5417 iv,
1411 5363 1482 5423 part.
1495 5371 1513 5420 i,
1527 5354 1702 5411 bibliothecae
1718 5354 1766 5410 Pa·

133 5450 187 5489 ιιοιι
203 5427 427 5488 contemnendum
443 5423 615 5482 Tbcodeniiri
634 5423 830 5494 opnsbocest,
848 5425 921 5494 quod
971 5434 1044 5480 tium
1068 5424 1161 5480 editio.
1187 5423 1288 5490 Paris,
1311 5424 1339 5479 in
1361 5425 1438 5496 enjiis
1459 5425 1619 5497 pretatione
1638 5424 1760 5481 laudatm

133 5504 161 5559 in
187 5508 279 5557 nostro
305 5498 399 5554 codice
426 5495 514 5552 eiscri
534 5504 590 5550 tuin
607 5495 746 5550 babemus.
785 5494 920 5565 integrum
972 5493 1288 5551 Tlieoitcniirnsctiudio
1301 5496 1403 5550 erranti
1415 5495 1502 5551 lactus
1515 5511 1548 5551 en
1567 5496 1657 5551 amico
1670 5494 1765 5549 aduer-

132 5574 213 5628 edcre
233 5570 260 5622 iu
276 5568 367 5622 animo
391 5566 485 5621 babuit
506 5512 610 5620 clariss.
633 5564 664 5621 P.
686 5562 804 5620 loannes
829 5563 921 5621 Domi·
971 5566 1068 5620 sanius.
1091 5562 1299 5690 bnngnluspaffi
1314 5564 1374 5629 ilc,
1388 5575 1459 5636 part.
1472 5582 1504 5633 ιι,
1523 5564 1634 5621 tomll'.
1658 5564 1762 5621 bellar-

132 5643 211 5701 tricus
235 5636 348 5694 blansi:
383 5645 472 5690 utrum
505 5637 531 5692 id
556 5649 650 5708 reapse
674 5636 843 5706 praestiturus
871 5635 918 5702 sit,
971 5635 1102 5692 minusde
1122 5634 1260 5706 Scriptcri.
1293 5634 1534 5692 'ccteitainadan
1552 5635 1616 5692 aab.
1639 5632 1764 5695 labbeus
