3832 6120
150 276 197 334 tet
703 270 767 327 liti.
786 270 974 329 ADVERSUS
993 270 1227 328 Fttsbsetsttit.
1729 283 1782 339 ιω

182 385 228 440 ll.
245 381 315 450 Quia
334 379 435 445 dicitis,
453 399 462 431 ι
480 378 529 436 llis
543 380 612 436 bene
628 381 791 452 perspectis,
803 380 943 452 aprparebit
957 388 983 446 Α
995 390 1060 436 atra.
1083 381 1251 439 Pccectimur
1267 387 1345 451 enirn,
1367 397 1391 441 et
1414 387 1501 459 inique
1514 389 1624 459 ecimus,
1639 394 1788 450 recedentes

145 478 347 534 bancrestram
358 487 413 527 non
424 487 587 528 esscrcram
599 473 844 538 ratiocinationem,
858 493 867 525 ι
884 473 942 529 bac
993 490 1010 528 ιι
1028 484 1062 529 te.
1083 475 1214 531 Dominus
1232 493 1340 548 quoque
1364 481 1391 534 in
1407 480 1553 552 Evangelia
1570 491 1687 540 testatur
1700 487 1789 557 publi-

81 560 86 567 '
145 569 266 642 qrmiiter
277 565 402 621 dixeritis
414 566 550 620 aestimare
562 581 616 621 non
626 581 787 635 possumus;
804 565 942 623 attinuere
992 579 1091 619 canum
1107 565 1153 636 qui
1166 568 1326 622 ascenderat
1339 584 1401 623 cum
1412 569 1551 627 Pinarisaeo
1567 573 1593 627 in
1611 574 1742 646 templum
1758 586 1789 632 ιιι

145 668 237 716 tamon
255 656 388 711 audemus
407 655 472 724 quia
493 654 539 724 qui
562 655 632 709 banc
646 654 880 709 ratiocinationem
897 669 942 708 rc·
992 664 1094 721 oraret,
1121 656 1224 711 idcirco
1242 655 1421 724 justificatum
1442 659 1615 717 descendisse
1635 663 1662 718 in
1678 665 1789 721 domum

146 765 205 806 ram
226 763 287 802 esse
302 752 406 820 nogat,
427 743 544 800 necdum
569 746 696 816 cognorit
713 746 941 814 quemadmodum
992 760 1080 810 susm,
1097 746 1161 816 quia
1174 745 1280 817 abiecta
1301 747 1333 802 de
1347 763 1376 802 sc
1389 749 1496 814 scions,
1512 767 1527 804 a
1543 750 1622 824 longo
1638 755 1740 822 stabat,
1761 767 1790 813 ιι

145 855 208 898 eam
227 844 354 908 oporteat
368 836 449 892 scire.
473 835 543 903 Quid
562 850 626 907 ergo
639 837 764 904 estquod
776 836 941 905 Apostolus,
992 835 1102 892 nolebat
1115 854 1166 893 nec
1181 839 1275 895 oculos
1289 839 1323 893 ad
1337 839 1437 896 coelum
1451 841 1557 910 leuarc;
1576 853 1602 900 et
1613 861 1744 917 peccasse
1759 864 1789 905 se

146 933 213 989 dum
231 932 266 986 de
292 928 409 985 Domino
432 927 608 997 loqueretur,
633 927 726 984 dicens
742 945 749 983 ε
765 929 817 995 Qui
836 946 895 983 curu
915 930 943 983 in
992 942 1046 983 non
1071 929 1207 994 dubitans,
1234 931 1405 1001 percutiebat
1432 943 1526 1004 pectus
1549 950 1637 1001 suum,
1668 938 1786 996 dicens:

145 1022 235 1093 formo
251 1021 300 1076 Dei
312 1028 393 1086 erret,
410 1037 462 1074 non
475 1021 595 1090 rapinam
616 1020 762 1076 arbitratur
781 1030 819 1075 ert
839 1037 894 1075 esre
914 1037 942 1075 re
992 1017 1075 1083 Deus,
1094 1019 1222 1090 propitius
1246 1028 1300 1075 esto
1318 1020 1382 1074 milri
1401 1023 1542 1092 peccatori.
1569 1024 1607 1079 De
1630 1028 1791 1084 centurione

145 1111 276 1184 munient
296 1110 369 1176 Deo,
392 1109 437 1164 red
451 1111 617 1181 semetipsum
638 1112 798 1174 exinaniuit,
828 1111 940 1181 iarrrrarn
992 1122 1099 1177 quoque
1111 1123 1196 1178 quare
1206 1109 1336 1166 Dominus
1349 1110 1387 1165 ait
1410 1113 1482 1181 quod
1494 1129 1542 1169 nec
1555 1114 1580 1169 in
1595 1115 1677 1170 lsrael
1686 1126 1790 1174 turriam

145 1202 217 1256 cerri
230 1201 370 1268 accipiens,
387 1199 540 1268 premisit:
557 1198 614 1253 lloe
627 1202 721 1254 mutire
733 1202 761 1255 iu
774 1202 857 1264 rabir,
871 1201 940 1272 quod
993 1197 1073 1272 iidem
1095 1200 1238 1266 invenerit,
1255 1201 1307 1256 nisi
1322 1203 1385 1271 quia
1400 1203 1472 1258 idem
1484 1207 1610 1260 centurio
1631 1208 1738 1277 abiecta
1756 1211 1791 1266 de

144 1304 171 1351 et
185 1295 213 1348 in
225 1292 331 1348 Clarirro
341 1291 406 1346 lesu
419 1287 531 1362 (Philip.
543 1306 564 1356 r,
577 1290 644 1362 bd).
653 1292 688 1345 Et
700 1292 780 1360 paulo
793 1301 855 1346 ante
869 1292 942 1348 dixe
993 1289 1163 1354 sesentiens,
1181 1299 1208 1344 et
1221 1290 1276 1344 alta
1287 1291 1320 1346 dc
1335 1291 1449 1347 Domino
1463 1295 1583 1365 sapiens,
1600 1299 1787 1371 scnretipsum‚

146 1391 212 1441 rat:
230 1380 306 1437 Nibil
324 1381 590 1452 percontationem,
608 1398 690 1452 neque
700 1398 746 1451 per
761 1384 867 1436 inanem
885 1381 942 1452 pio-
993 1387 1022 1433 ut
1036 1380 1092 1443 ait,
1115 1381 1255 1450 indignum
1270 1382 1454 1437 arbitrabatur
1473 1385 1513 1440 irc
1529 1387 1563 1440 ad
1588 1387 1788 1458 deprecandum

146 1477 229 1541 mam,
250 1474 295 1528 sed
313 1476 342 1528 iu
357 1472 506 1527 bumilitate
522 1474 669 1543 superiores
681 1474 731 1527 ribi
745 1474 854 1529 inuicem
868 1475 941 1528 orbi·
995 1469 1140 1527 Dominum
1153 1481 1183 1525 ιιι
1198 1481 1308 1527 sanaret
1317 1486 1431 1541 puerum
1444 1473 1513 1542 ejus,
1525 1474 1571 1530 scd
1584 1477 1673 1546 potius
1687 1481 1790 1536 amicos

145 1574 248 1622 tranter
263 1564 365 1636 (ibid,
391 1581 415 1618 u.
431 1565 471 1631 5).
497 1561 526 1618 Si
541 1579 635 1620 rerum
655 1580 710 1620 non
732 1573 775 1619 cst
794 1573 826 1619 ut
848 1564 872 1620 is
895 1565 942 1635 qui
995 1578 1060 1618 suos
1080 1564 1171 1628 misit,
1190 1570 1217 1618 ct
1240 1563 1341 1618 iterum
1363 1579 1412 1634 per
1434 1566 1629 1623 internuntium
1651 1572 1791 1626 mandarit

147 1671 214 1713 rere
228 1655 339 1710 humilis
357 1662 400 1709 cst
421 1652 526 1725 abjecta
541 1654 574 1708 de
587 1670 617 1710 sc
630 1656 741 1722 sentiat,
758 1670 843 1725 quare
856 1655 942 1710 Abra·
993 1652 1118 1720 Domino,
1132 1654 1224 1709 dimus
1241 1673 1247 1708 :
1264 1652 1388 1720 Domine,
1406 1671 1458 1709 nou
1473 1673 1532 1710 rum
1551 1657 1647 1728 diqnur
1662 1669 1691 1713 ut
1707 1661 1788 1717 irnrea

147 1748 212 1805 bam
224 1762 287 1801 cum
302 1746 416 1801 Domino
428 1745 552 1815 loquens,
570 1747 690 1803 cinerem
705 1763 734 1802 so
747 1747 940 1817 puiueremque
954 1739 978 1798 ll
992 1744 1038 1797 aui
1050 1754 1145 1798 rentum
1159 1761 1255 1798 arrum.
1272 1744 1367 1800 Mulier
1378 1760 1442 1801 vcro
1454 1746 1616 1814 chananaea,
1634 1751 1679 1804 cui
1699 1748 1789 1807 Domi·

146 1837 269 1894 latetur?
287 1838 392 1909 lloyses
405 1852 513 1907 quoque
526 1853 580 1893 oon
596 1854 627 1894 se
639 1854 699 1895 esse
713 1838 885 1908 eloquentem
905 1845 942 1893 te·
992 1851 1045 1890 nus
1053 1835 1203 1890 clamitanti
1218 1836 1368 1906 respondit,
1385 1836 1447 1891 Non
1460 1849 1498 1893 est
1513 1838 1609 1893 bonum
1623 1856 1727 1896 rumen
1738 1858 1789 1914 pu·

146 1939 251 1996 piatur,
265 1938 292 1985 ei
311 1947 344 1988 ex
362 1945 416 2001 qno
436 1931 462 1985 ei
475 1930 608 1987 Dominus
619 1931 694 2000 loqui
707 1932 809 2000 campie,
825 1930 940 2000 impedi-
992 1941 1050 1979 rtem
1064 1924 1182 1994 {iliorum
1194 1928 1333 1981 remittere
1350 1927 1471 1995 canibus,
1498 1930 1589 1983 statim
1601 1933 1786 2001 consenticus,

147 2020 246 2077 tionem
271 2028 299 2076 ct
318 2018 464 2076 tardiorem
478 2035 508 2075 se
528 2035 589 2075 esse
615 2019 735 2091 linquam
749 2018 825 2074 dicit.
852 2017 892 2073 De
912 2033 943 2074 se
993 2015 1033 2090 ait
1050 2033 1056 2068 :
1074 2015 1180 2083 Etiam,
1198 2016 1331 2072 Domine:
1347 2034 1408 2072 nam
1423 2029 1447 2074 et
1462 2018 1551 2074 catelii
1568 2021 1648 2075 edunt
1663 2023 1695 2077 de
1715 2025 1790 2079 micis

145 2124 257 2181 quoque
268 2119 296 2165 et
310 2109 399 2165 taron
411 2110 444 2165 ad
455 2109 584 2180 populum
597 2110 655 2165 ait:
670 2109 805 2165 Norenim
821 2108 886 2179 qnid
897 2124 943 2164 ru-
992 2122 1051 2180 que
1062 2107 1160 2161 rodunt
1175 2108 1208 2162 de
1223 2125 1312 2163 nrenra
1328 2110 1497 2166 doctrinarum
1507 2129 1626 2167 suorum.
1640 2113 1675 2169 Et
1688 2115 1790 2175 idcireo

145 2201 229 2256 aar?
240 2199 350 2257 Gedeon
371 2201 464 2266 etiarn,
480 2216 561 2269 quem
576 2201 687 2271 angelus
708 2199 887 2256 fortissimum
903 2199 943 2253 ri·
992 2196 1087 2253 audire
1103 2199 1203 2253 meruit
1228 2217 1234 2252 :
1257 2199 1394 2264 Omuiier,
1415 2218 1512 2274 rnapna
1529 2215 1567 2258 ert
1578 2205 1644 2274 fider
1659 2216 1715 2263 tua.

145 2306 242 2350 rorum
264 2293 398 2364 appellat,
415 2291 488 2347 illee
509 2292 646 2347 marcario
664 2299 719 2345 tarn
741 2288 846 2358 abiecta
859 2290 893 2345 de
914 2303 943 2345 se
1030 2290 1073 2347 l'l.
1090 2289 1166 2359 Quod
1178 2293 1201 2347 si
1212 2291 1310 2362 aliquis
1322 2293 1453 2364 objecerit
1465 2297 1544 2351 uobis
1557 2298 1714 2367 rerbajusti
1727 2316 1791 2358 vere

146 2384 254 2448 sentit,
275 2392 306 2437 ut
318 2397 348 2439 sc
360 2383 504 2436 minumum
524 2382 552 2436 ln
567 2382 648 2436 domu
662 2381 747 2450 patris
761 2381 803 2436 sui
817 2381 901 2447 dicat,
916 2387 944 2436 et
993 2383 1104 2438 ιιιιιιιιὲιι
1121 2383 1236 2438 dicentis
1253 2398 1260 2436 :
1275 2383 1336 2437 Non
1350 2386 1472 2456 peccaui,
1487 2395 1510 2440 et
1524 2388 1551 2440 in
1567 2390 1790 2447 antantudiuilur

146 2472 282 2531 lanriliam
303 2487 379 2529 suam
402 2470 523 2527 intimam
537 2472 565 2525 iu
587 2470 721 2525 llanassc.
746 2467 810 2525 Saul
835 2485 943 2541 quoque
993 2473 1215 2528 moraturoruias
1227 2489 1299 2527 meur
1316 2472 1377 2546 (iob
1390 2490 1462 2540 ιιιιι,
1481 2475 1520 2549 ι).
1535 2477 1569 2532 Et
1587 2477 1685 2534 iterum
1703 2478 1790 2537 :llice

147 2577 211 2619 ιιιιιι
223 2577 294 2632 pene
308 2561 351 2616 bis
364 2561 454 2616 uerbis
465 2561 498 2617 dc
510 2560 622 2617 minima
635 2561 707 2617 tribu
718 2575 817 2622 essese
828 2561 942 2623 diceret,
992 2579 1085 2635 paraus
1108 2579 1166 2617 rum
1182 2563 1280 2635 uirque
1304 2564 1442 2636 iniquitate
1467 2582 1560 2620 manus
1580 2585 1645 2624 mec
1663 2583 1673 2621 .·
1694 2570 1788 2626 audiat

147 2653 219 2707 etin
235 2654 329 2706 endem
346 2652 416 2705 tribu
431 2652 571 2706 minimum
584 2666 614 2705 se
628 2659 846 2721 recognosceret,
861 2652 899 2709 ita
913 2661 942 2706 ut
993 2670 1102 2709 mrsurn
1129 2654 1256 2709 eumdem
1282 2652 1387 2723 justum
1412 2655 1552 2710 bumilitcr
1581 2656 1756 2714 coulitoutem
1781 2678 1788 2716 z

148 2744 291 2814 indignum
304 2759 335 2799 sc
348 2744 424 2813 regio
444 2745 549 2799 bonore
564 2743 714 2809 fateretur,
728 2745 756 2799 in
773 2759 866 2816 regem
889 2743 944 2799 ele-
994 2736 1116 2798 Perconi.
1141 2742 1213 2811 Quid
1236 2745 1335 2815 iccium
1359 2745 1417 2811 tili,
1443 2763 1457 2800 a
1479 2757 1566 2802 curtos
1583 2747 1743 2804 irorrrinuml
1757 2750 1791 2806 m

148 2846 213 2897 etus
228 2845 280 2893 est.
294 2837 372 2893 Unde
389 2836 521 2892 Dominus
532 2838 558 2893 ei
568 2837 689 2909 loquitur
704 2855 711 2891 :
726 2836 873 2892 Cannenses
885 2855 946 2908 por·
994 2835 1092 2893 iterum
1109 2855 1115 2890 :
1131 2824 1252 2903 Quantus
1263 2836 1348 2891 liabeo
1362 2838 1523 2909 iniquitaten,
1543 2849 1666 2910 peccota,
1681 2841 1791 2911 scelera,

148 2928 227 2987 udae
245 2931 272 2996 in
287 2928 370 2987 cerdis
388 2930 587 2999 inluminatio
608 2928 727 2983 tribubus
748 2926 834 2983 lsrael
857 2927 943 2996 inetur
994 2936 1070 2997 atque
1084 2926 1199 2993 delicta,
1216 2927 1322 2982 ostende
1335 2929 1398 2983 rniiti
1411 2929 1471 3001 (lob
1486 2947 1548 2997 rur,
1563 2931 1620 3005 23).
1636 2932 1671 2987 Et
1692 2933 1791 2990 iterum

146 3034 188 3075 ea.
201 3018 285 3075 Dauid
296 3033 404 3090 cirroque
420 3018 463 3090 (dc
480 3034 535 3090 quo
553 3019 683 3074 Dominus
694 3019 831 3087 loquitur,
852 3017 943 3072 lnrrui
997 3014 1137 3086 Scriptura
1151 3017 1218 3071 dicit
1228 3018 1290 3087 quia
1303 3018 1325 3072 is
1335 3034 1415 3088 quem
1426 3018 1497 3076 Deus
1507 3031 1650 3091 propterea
1661 3022 1791 3096 llagcllat,

147 3111 235 3167 mrum
255 3110 398 3165 meandum
417 3127 463 3165 ror
476 3126 576 3175 meunt,
590 3110 655 3178 quia
664 3124 729 3164 rore
742 3108 853 3165 humilis
872 3107 941 3179 crat)
956 3100 978 3161 C
995 3117 1025 3165 ut
1037 3108 1177 3165 doionibus
1191 3110 1312 3165 eruditus
1325 3111 1504 3182 abjectionem
1519 3122 1547 3168 ιι
1558 3125 1671 3185 peccata
1688 3132 1736 3172 sua
1750 3135 1792 3175 rc-

148 3211 206 3258 tam
219 3202 322 3272 abjecta
335 3202 368 3256 dc
389 3217 419 3257 se
433 3202 537 3264 sensit,
558 3212 655 3256 utnon
674 3200 761 3256 solnm
774 3201 809 3254 ad
824 3214 942 3270 rcgnan-
997 3209 1153 3270 cognoscat,
1172 3200 1282 3268 respicit
1303 3202 1428 3257 lrurnines
1441 3212 1468 3257 ιι
1485 3204 1549 3259 dicit
1567 3224 1572 3257 :
1593 3204 1719 3276 Perconi,
1732 3225 1791 3265 rere

148 3293 214 3349 dum
226 3294 364 3365 indignum
378 3309 407 3350 se
416 3310 477 3351 csse
489 3302 646 3361 testaretur,
661 3296 848 3351 verumetiam
860 3310 944 3366 gornen
994 3289 1102 3362 deliqui,
1122 3300 1150 3344 ut
1165 3307 1238 3345 eram
1254 3290 1349 3362 diqnus
1368 3310 1422 3347 non
1441 3295 1531 3365 recipi.
1547 3295 1636 3364 Quare
1657 3312 1725 3370 crgo
1740 3316 1790 3355 vos

148 3384 229 3441 beret
250 3371 336 3456 rogim
365 3386 410 3455 qui
431 3393 526 3456 postea
541 3386 575 3440 de
592 3386 652 3456 ipso
675 3386 774 3441 clamat
794 3386 829 3441 ad
850 3385 913 3440 Saul
935 3405 941 3439 :
994 3378 1097 3435 dicitis
1110 3396 1163 3436 non
1185 3396 1247 3438 csse
1264 3398 1370 3448 rorum,
1385 3394 1415 3438 ut
1429 3399 1493 3440 rere
1508 3386 1617 3442 bumilis
1636 3388 1741 3458 abjecta
1757 3392 1791 3447 de

149 3472 234 3541 Qum
256 3477 428 3547 persequeris,
450 3492 495 3530 rex
515 3475 728 3531 [praedicanerit
752 3487 897 3540 enormium,
918 3486 942 3530 ιι
994 3484 1024 3525 se
1038 3471 1149 3539 senlial,
1168 3479 1214 3527 atil
1233 3487 1362 3544 peccasse
1375 3489 1404 3528 se
1420 3475 1524 3542 credat,
1543 3492 1605 3532 culn
1618 3479 1791 3550 apertissiilte

145 3563 261 3635 pulicem
283 3583 375 3620 unum.
391 3565 490 3636 Sicquc
510 3566 635 3636 persequi
658 3566 844 3636 conqueritur,
865 3565 943 3636 quasi
993 3569 1086 3633 puteat
1106 3562 1157 3617 boc
1170 3564 1307 3633 proprium
1322 3577 1381 3619 esse
1394 3572 1563 3632 sauctorum,
1584 3583 1638 3623 nau
1661 3572 1792 3641 superbo-

147 3657 172 3713 si
187 3666 365 3728 persequatur
379 3658 472 3729 perdix
487 3660 675 3716 minantibus.
690 3660 788 3716 Postea
802 3675 867 3716 uero
880 3675 943 3715 cum
995 3652 1071 3706 runi?
1089 3651 1145 3707 Cur
1156 3651 1277 3709 loannes
1288 3654 1426 3723 apostolos
1441 3655 1479 3709 ait
1497 3673 1504 3708 :
1527 3653 1555 3710 Si
1572 3657 1716 3713 dixerimus
1728 3661 1790 3730 quia

146 3751 258 3806 essetin
271 3766 367 3820 magun
383 3751 457 3822 regni
469 3751 552 3823 gloria
564 3791 571 3817 ,
585 3752 743 3822 nullumque
756 3752 942 3807 adversarium
994 3753 1129 3814 peccatum
1146 3761 1198 3798 non
1210 3744 1346 3810 labemur,
1363 3745 1413 3816 ipsi
1428 3762 1475 3799 uos
1487 3746 1646 3812 seducimur,
1658 3757 1682 3802 et
1695 3750 1790 3805 ueritas

144 3847 299 3911 pateretur,
322 3842 360 3897 ait
380 3858 387 3898 :
408 3840 521 3909 Ludunt,
542 3851 567 3898 et
579 3842 656 3897 uilior
673 3842 736 3912 fiam
749 3841 889 3912 plusquam
902 3841 944 3911 [a.
994 3834 1022 3887 in
1036 3833 1110 3887 nobis
1133 3850 1185 3888 non
1199 3845 1246 3889 est.
1262 3833 1291 3889 Si
1310 3852 1368 3890 uero
1383 3834 1557 3904 confiteamur
1576 3836 1673 3892 delicta
1687 3848 1788 3907 nostra,

146 3941 206 4001 etate
221 3948 400 4004 sumereque
416 3932 524 3988 bunaiiir
538 3935 566 3989 in
580 3931 663 3988 oculis
677 3932 751 3986 aneia
772 3931 806 3986 [ιι
819 3933 941 3986 iterum:
995 3925 1082 3994 fidelis
1098 3935 1147 3990 ιιι.
1167 3934 1192 3980 ei
1211 3927 1312 3997 iiiiii,
1327 3936 1355 3981 ιιι
1380 3928 1494 3981 remittat
1515 3926 1590 3982 ritib
1602 3941 1719 4001 peccota.
1735 3932 1786 3999 Qui

131 4022 269 4091 ,limine
283 4040 334 4080 sort
345 4023 536 4080 aeternitatum
548 4039 707 4089 cormeum,
719 4021 943 4094 neqneeiotirnnt
995 4016 1018 4071 si
1035 4017 1181 4071 secundum
1200 4032 1248 4073 vos
1262 4033 1359 4090 magna
1372 4019 1406 4074 de
1422 4032 1471 4085 se,
1487 4035 1541 4075 non
1556 4022 1671 4094 abjecta,
1686 4027 1789 4082 sentiro

145 4094 219 4170 oculi
232 4116 283 4169 mei
291 4155 299 4182 ,
317 4131 398 4185 neque
412 4114 544 4171 nnrbuloui
556 4117 583 4169 iu
594 4114 707 4184 maqrrir,
724 4130 805 4186 neque
821 4112 848 4167 in
859 4113 943 4168 miro·
995 4106 1134 4173 voluisset,
1151 4107 1269 4164 habebat
1292 4109 1363 4162 urrdc
1378 4107 1552 4182 gloriaretur,
1577 4114 1640 4184 quia
1663 4125 1691 4170 et
1706 4131 1788 4189 supra

145 4206 242 4263 titilus
254 4224 333 4278 snper
347 4224 406 4272 me,
427 4219 456 4263 et
469 4216 578 4264 catera.
593 4207 706 4261 Errasse
718 4221 748 4262 se
762 4220 869 4275 equoque
888 4221 943 4262 non
993 4206 1090 4269 pectus
1107 4197 1213 4253 Domini
1238 4200 1383 4255 recubuit:
1400 4208 1428 4255 et
1449 4218 1505 4273 pra
1529 4205 1636 4262 ceteris
1652 4206 1791 4280 discipulis

144 4297 290 4363 dubitarit,
306 4297 368 4367 qnia
390 4298 538 4367 sepissime
564 4313 618 4351 non
640 4296 727 4352 solum
750 4311 858 4351 errores
879 4311 944 4351 suos
994 4288 1030 4344 ii)
1051 4289 1096 4344 iiio
1111 4290 1225 4346 dilectus
1239 4300 1291 4346 esi·
1305 4290 1423 4347 lacobus
1445 4309 1556 4366 quoquc
1575 4300 1713 4368 apostolus
1728 4303 1789 4358 ait:

145 4386 313 4454 condietur,
333 4389 381 4443 scd
402 4389 485 4443 etiam
501 4387 670 4459 iniquitates,
686 4396 810 4457 peccata,
833 4386 941 4452 delicta,
996 4380 1029 4436 itt
1043 4381 1132 4436 nitidis
1150 4384 1220 4436 enim
1239 4384 1396 4453 offendimur
1411 4402 1509 4442 omncs.
1525 4387 1591 4455 Qua
1604 4389 1628 4444 si
1640 4393 1700 4462 quis
1712 4403 1790 4463 puta-

144 4479 261 4546 miem,
280 4480 454 4537 inquinatos
475 4495 600 4554 (μορυς,
616 4488 645 4535 eq
659 4480 846 4546 turbationes,
861 4479 941 4534 timim
954 4470 981 4528 Ι)
993 4470 1063 4523 verit
1075 4486 1128 4523 non
1144 4471 1287 4536 ueraciter,
1302 4474 1349 4527 sed
1363 4482 1469 4529 tantum
1484 4477 1624 4533 hurniliter
1639 4479 1721 4547 dicta,
1735 4498 1785 4538 no-

145 4584 216 4636 rem,
238 4586 271 4627 ac
283 4579 442 4639 tremorem,
458 4572 679 4641 anxietatemque
690 4570 782 4628 cordis
799 4590 805 4626 :
822 4586 939 4642 quorum
994 4559 1065 4615 iiiii
1079 4574 1107 4614 ὅθ
1120 4560 1147 4614 in
1162 4560 1214 4614 ¹¹⁰0
1230 4575 1311 4615 &⁰⁵¹¹
1325 4560 1464 4632 Pelagium
1476 4566 1571 4636 seq¹¹i;
1593 4576 1620 4622 ct
1634 4581 1789 4642 propterca,

128 4661 268 4724 »omnium
290 4663 444 4718 testimonia
468 4663 492 4719 si
514 4677 616 4733 ponere
637 4663 824 4729 voluerimus,
841 4661 941 4734 prolixi
995 4651 1018 4707 Di
1043 4651 1142 4722 corrigi
1164 4651 1222 4707 vuli
1236 4693 1243 4718 ,
1259 4650 1330 4720 legal
1344 4651 1428 4708 libros
1448 4654 1519 4709 Deall
1540 4657 1683 4729 Augbslliii
1697 4671 1790 4719 tollite

143 4755 237 4827 operis
255 4756 340 4811 series
352 4757 532 4812 (minamini,
994 4744 1202 4815 Pelagianistas‚
1215 4752 1244 4803 ct
1254 4745 1323 4800 sciat
1333 4760 1429 4802 omnes
1447 4757 1557 4805 sanctos
1572 4752 1706 4808 ueraciter
1717 4770 1746 4811 sc
1757 4756 1791 4819 de

184 4845 216 4900 v,
232 4845 288 4900 vos
302 4845 470 4916 promisquis
485 4861 538 4900 non
553 4853 595 4900 esi
615 4860 681 4901 vera
704 4844 887 4908 ratiocinatio,
911 4852 942 4900 ut
994 4837 1115 4908 peccatis
1126 4852 1287 4903 accusasse,
1304 4837 1341 4893 ita
1353 4845 1384 4893 ut
1396 4852 1509 4896 necesse
1523 4842 1699 4916 babeantpro
1710 4862 1740 4903 sc
1751 4848 1791 4919 ip-

145 4936 194 5008 qui
208 4951 273 4992 rere
287 4936 398 4992 humilis
413 4943 465 5002 est,
481 4935 587 5004 abiecta
597 4936 631 4991 de
647 4950 676 4990 se
688 4934 799 5000 sentiat,
819 4941 866 4989 aut
879 4948 943 5004 pcc·
994 4929 1033 4984 sis
1051 4928 1153 4994 dicere,
1177 4928 1285 4984 Dimitte
1306 4931 1379 4985 nobis
1400 4932 1487 4987 debita
1500 4946 1601 4991 nostra.
1623 4936 1678 4993 Sed
1700 4938 1733 4994 dc
1747 4940 1791 4996 lris

145 5044 224 5087 essse
238 5044 268 5085 se
287 5029 471 5085 indubitanter
493 5029 595 5085 credat.
616 5027 672 5083 Nos
686 5042 752 5084 roro
775 5026 943 5083 econtrario
993 5028 1094 5092 quanta
1109 5019 1161 5075 dici
1178 5030 1306 5090 possunt,
1321 5037 1370 5077 ros
1383 5038 1463 5079 nosse
1478 5041 1532 5081 uon
1545 5026 1717 5098 ambigimus.

139 5134 196 5194 per
210 5123 281 5177 banc
295 5121 529 5178 ratiocinationem
540 5135 635 5177 omnes
648 5127 759 5176 sanctos
775 5120 802 5174 in
816 5119 873 5175 suis
885 5133 944 5189 prc-
1029 5111 1084 5167 Vll.
1101 5111 1196 5167 Dicitis
1205 5112 1288 5168 etiarn
1302 5122 1417 5171 iamvos
1430 5116 1580 5172 intentione
1592 5118 1712 5174 divinam
1727 5122 1791 5177 scri·

144 5211 225 5279 eibns
243 5227 260 5267 a
275 5210 392 5268 Domino
406 5211 549 5268 exauditos
563 5225 623 5266 csse
639 5211 781 5276 norimus;
798 5210 869 5265 sicut
889 5207 943 5262 Da·
993 5214 1102 5279 pturam
1119 5221 1180 5261 cum
1194 5206 1361 5274 editoribus,
1375 5208 1571 5279 interpretibus
1584 5218 1666 5279 atque
1680 5215 1790 5282 exposi-

144 5301 247 5361 nielcm
259 5303 287 5357 in
299 5319 377 5359 suam
397 5301 617 5373 exomologesin,
631 5300 678 5356 ubi
695 5299 875 5355 condiebatur
889 5311 941 5352 non
994 5298 1099 5354 toribus
1113 5297 1171 5353 suis
1187 5298 1222 5353 ab
1243 5298 1386 5367 imperitiae
1406 5305 1506 5354 nostrae
1527 5299 1671 5356 calumniis
1696 5303 1791 5360 deien-

142 5390 234 5450 sobrm
244 5403 356 5464 peccata
371 5409 420 5449 sua
431 5401 458 5448 et
468 5401 579 5463 peccata
587 5390 677 5462 populi
689 5388 939 5454 sui,rcrumctiam
994 5389 1067 5446 dere.
1079 5387 1121 5444 ‚lc
1135 5405 1217 5458 quam
1235 5403 1291 5443 rem
1311 5403 1365 5445 non
1380 5387 1605 5457 respondebimus
1620 5393 1785 5466 vobisquid

144 5492 256 5557 peccata
272 5500 366 5555 regum
379 5498 412 5539 ac
426 5484 579 5555 principum
592 5524 599 5549 ,
614 5482 656 5537 uel
669 5481 851 5538 sacerdotum.
874 5479 942 5536 Tres
994 5485 1065 5540 sicut
1078 5483 1280 5553 dequibusdam
1291 5480 1401 5545 dicitur,
1414 5479 1469 5534 iilic
1480 5482 1674 5552 trepidaverunt
1684 5489 1789 5555 timore,

144 5575 229 5632 etiam
250 5576 328 5648 pueri
350 5577 377 5630 in
392 5576 501 5631 camino
523 5575 593 5647 ignis
614 5574 771 5630 clamabant
783 5575 810 5629 in
825 5575 941 5632 ueritate
994 5574 1039 5629 urbi
1061 5590 1113 5628 non
1134 5582 1190 5628 erat
1211 5574 1301 5637 tirnor,
1321 5570 1359 5624 ita
1378 5579 1407 5625 et
1426 5571 1504 5628 robis
1520 5573 1573 5630 dici
1593 5587 1684 5647 potest
1706 5580 1790 5636 :iilic

144 5656 290 5737 ttjuzlicio
306 5680 314 5720 ι
331 5663 465 5721 induxisti
484 5664 573 5720 omnio
586 5664 642 5720 lroec
654 5674 759 5736 practer
777 5676 883 5737 peccota
895 5684 942 5723 no-
996 5675 1054 5723 tota
1071 5665 1221 5722 intentione
1237 5661 1343 5733 pararit
1362 5659 1561 5734 detractorum,
1582 5665 1627 5723 ubi
1641 5667 1714 5725 nulle
1726 5680 1787 5727 erat
