3832 6120
145 237 198 293 etl
449 239 483 307 tlt
502 240 567 297 LlB.
585 241 885 305 intentationum,
902 240 978 297 etc.
999 239 1185 299 canetulo
1204 243 1248 298 et
1264 240 1465 301 reserante.
1722 244 1776 304 dte

143 365 221 407 mum
234 349 333 405 liedanr
349 363 357 404 :
373 352 445 420 quod
463 353 571 423 quidem
592 370 643 411 nec
660 355 706 410 ille
725 354 842 426 amplius
855 367 936 424 «piram
951 358 974 415 Α
988 366 1048 421 quar
1065 352 1241 407 excellentior
1259 353 1344 408 virtus
1360 353 1488 410 omnibus
1501 353 1646 411 virtutibus
1659 364 1711 421 est,
1727 373 1777 416 rtos

142 441 173 496 in
188 441 295 495 duobus
316 443 456 498 codicibus
471 442 552 508 lecit,
577 446 604 500 in
619 447 788 517 expositione
808 444 934 500 videlicet
986 455 1134 510 provocare
1153 443 1295 513 exemplis.
1312 443 1354 498 Ad
1367 445 1436 500 banc
1448 451 1540 500 autem
1559 460 1641 516 quarn
1657 448 1776 518 predico

140 531 372 602 evangelistarum
390 531 473 588 llarci
486 543 515 590 et
525 535 613 591 Lucae.
627 536 705 604 Quod
719 551 768 608 ego
784 536 843 591 ideo
854 534 932 590 omisi
986 534 1149 591 charitatem
1168 536 1229 605 plns
1242 549 1286 590 me
1306 536 1406 591 restris
1419 535 1589 593 orationibus
1606 553 1688 608 quam
1706 542 1775 599 mma

139 621 243 689 iacere,
267 623 330 692 quia
344 626 495 681 εειιιειιιίιε
515 628 692 696 quorumdam
706 643 774 698 quas
788 625 933 682 adnotare·
986 626 1089 683 viribus
1111 643 1190 698 posse
1208 627 1324 683 colrido.
1346 628 1403 694 En,
1418 628 1579 684 charissime
1594 628 1688 696 irater,
1706 632 1777 688 sieut

139 731 212 778 rant,
234 714 310 784 prius
331 714 382 769 sub
399 716 510 770 nomine
522 717 636 771 aliorum
652 716 806 786 diligentius
822 715 933 786 perqui·
985 716 1070 786 potui,
1086 718 1213 786 respondi
1228 717 1388 785 quibusdam
1401 718 1623 788 inquisitionibus
1636 720 1692 776 tuis
1706 739 1713 775 t
1726 736 1776 791 pro

139 822 220 869 rens,
243 805 360 859 aliorum
377 819 424 859 eas
447 821 507 861 esse
531 807 618 875 reperi
642 815 745 876 postea.
761 805 838 872 Quod
859 804 933 859 enim
985 821 1038 878 qua
1051 822 1081 862 re
1095 806 1346 876 obniredeprceor,
1360 807 1422 863 utsi
1433 809 1499 878 quid
1511 808 1545 864 de
1557 809 1599 865 bis
1614 811 1778 868 rebusunds

137 901 242 971 optime
255 896 337 962 nesti,
351 896 421 952 sicut
432 899 585 953 nouissimis
599 897 695 952 diebus
704 896 824 953 Verbum
839 894 888 949 bet
899 909 932 949 ει
984 912 1028 952 me
1041 897 1202 968 interrogas,
1218 897 1241 952 si
1256 896 1321 967 qnid
1333 898 1458 953 invenisti
1471 899 1579 965 melius,
1591 899 1634 955 vel
1649 900 1777 972 deinceps

139 991 225 1047 llaria
239 1004 323 1044 earne
332 989 460 1043 uestitum
471 989 603 1058 processit
617 988 644 1042 in
658 984 807 1051 mundnm;
821 993 850 1040 ει
861 983 934 1039 aliud
985 987 1106 1043 inuenire
1127 986 1267 1058 potueris3
1287 987 1470 1057 gratissimum
1493 988 1662 1053 babebimus,
1682 989 1706 1044 si
1725 1004 1777 1046 nes

138 1082 249 1153 quidem
268 1088 328 1134 erat
344 1080 415 1149 quod
434 1079 594 1134 ridebantur
613 1079 641 1134 in
656 1093 705 1143 eo,
720 1077 792 1132 aliud
807 1076 878 1146 quod
892 1075 934 1130 in·
984 1075 1082 1133 leceris
1103 1090 1193 1144 nosse,
1218 1076 1282 1146 quia
1295 1090 1346 1147 ego
1366 1076 1454 1147 magis
1472 1090 1534 1130 amo
1548 1079 1670 1140 discere,
1692 1097 1777 1145 qum

139 1173 310 1244 telligebatur
325 1170 426 1242 (carnis
449 1186 566 1242 namque
593 1180 720 1243 aspectus
735 1169 763 1225 in
776 1184 809 1225 eo
824 1167 934 1239 patebat
984 1167 1091 1222 dooere.
1106 1165 1174 1234 Quia
1194 1167 1239 1223 illa
1253 1167 1377 1223 veritatis
1398 1175 1426 1222 et
1441 1167 1582 1240 sapientie
1602 1167 1776 1237 pulchritudo

136 1262 277 1326 omnibns,
298 1262 393 1332 paucis
410 1276 474 1317 vero
492 1269 520 1316 et
536 1261 632 1317 electis
646 1261 763 1317 dabatur
778 1259 931 1316 divinitatis
984 1255 1100 1328 (metum
1115 1258 1187 1314 adsit
1200 1273 1376 1329 perseuerans
1389 1258 1512 1314 voluntas
1526 1257 1647 1324 intendi,
1662 1275 1712 1330 pro
1728 1276 1777 1316 eu·

141 1352 256 1424 agnitio>
280 1351 316 1405 ita
332 1360 360 1405 et
380 1365 441 1405 cnm
456 1364 504 1419 per
521 1352 667 1420 propbetas
687 1339 730 1405 iel
751 1349 932 1419 legislatorem
980 1346 1026 1417 jus
1040 1364 1132 1404 amore
1147 1350 1199 1404 boc
1211 1350 1366 1421 peregimus
1379 1350 1463 1421 opus)
1479 1366 1529 1408 nec
1542 1352 1715 1409 multitudiue
1726 1370 1776 1409 au-

139 1445 259 1501 Verbum
272 1444 320 1499 Dei
332 1441 469 1514 prefertur
484 1443 519 1497 ad
528 1443 661 1508 homines,
679 1457 732 1497 nen
748 1443 850 1511 absque
859 1456 933 1496 com-
983 1438 1114 1494 dientium
1125 1440 1276 1510 constipata
1288 1440 1404 1496 secludit
1415 1441 1563 1506 uenientes,
1577 1458 1626 1499 nee
1636 1445 1776 1516 peragitur

137 1536 293 1608 petentibus
322 1532 460 1603 profertur
491 1533 666 1588 indumentis.
698 1532 765 1587 Nam
797 1533 867 1587 sicut
893 1530 931 1587 ibi
982 1536 1113 1600 tempore,
1130 1543 1180 1585 nec
1193 1529 1292 1599 migrat
1312 1529 1394 1597 locis,
1416 1545 1469 1586 nec
1486 1540 1566 1587 noete
1590 1533 1774 1602 intercipitur,

138 1628 239 1693 carnis,
255 1628 291 1681 ita
316 1627 360 1682 lric
382 1625 480 1680 litterae
501 1625 635 1680 velamine
651 1625 771 1696 tegitur:
788 1636 819 1678 ut
840 1623 931 1679 littera
983 1635 1033 1676 nec
1046 1621 1141 1677 umbra
1158 1621 1362 1687 intercluditur,
1374 1638 1424 1679 nec
1437 1624 1563 1678 sensibus
1575 1626 1698 1693 cerporis
1711 1627 1776 1682 sub·

138 1720 248 1791 quidem
269 1717 401 1788 aspicitur
423 1701 552 1786 tanquam
573 1731 650 1781 caro,
669 1714 757 1771 latens
773 1729 839 1769 uero
853 1714 932 1784 spiri·
945 1721 969 1781 Β
980 1710 1062 1781 jacet.
1086 1710 1125 1766 be
1139 1718 1196 1766 toto
1209 1712 1310 1767 mundo
1328 1712 1363 1766 ad
1378 1726 1408 1767 se
1422 1713 1577 1778 conversis,
1599 1712 1647 1782 qui
1660 1712 1777 1784 diligunt

138 1807 200 1864 talis
215 1807 376 1861 intrinsecus
398 1819 493 1860 sensus
514 1813 642 1872 tanquam
657 1802 785 1857 divinitas
804 1801 929 1857 sentitur.
982 1818 1053 1868 eam,
1075 1802 1199 1857 omnibus
1220 1803 1343 1873 proxima
1363 1810 1414 1868 εει,
1435 1803 1560 1858 omnibns
1584 1803 1774 1875 sempiterna:

139 1899 204 1954 Tale
218 1914 282 1969 ergo
295 1906 338 1953 est
356 1893 428 1965 quod
442 1902 470 1951 et
483 1911 555 1951 nunc
565 1895 718 1950 invenimus
732 1893 832 1950 librum
850 1891 930 1949 Leri-
981 1894 1056 1952 nullo
1073 1895 1133 1951 leco
1147 1902 1199 1961 est,
1216 1909 1350 1965 nusquam
1363 1895 1449 1958 deest,
1467 1893 1534 1950 loris
1545 1895 1689 1962 admonet,
1702 1896 1776 1954 intus

139 1991 183 2047 tici
205 1989 409 2061 perquirentes,
424 1986 452 2041 in
465 2001 518 2057 quo
537 1982 735 2041 sacrificiorum
755 1983 827 2037 ritus
839 1990 867 2041 et
879 1982 929 2038 lto-
981 1988 1079 2055 dnnet;
1097 1994 1241 2043 sementes
1259 2001 1290 2042 se
1304 1993 1453 2047 commutat
1465 2001 1560 2042 omnes
1580 1987 1607 2042 in
1624 1988 1738 2055 melius,
1758 2004 1775 2045 n

137 2084 252 2138 stiarum
267 2080 410 2137 diuersitas
427 2094 460 2134 ac
477 2078 648 2134 sacerdotnm
663 2076 814 2132 ministeria
829 2075 931 2131 descri—
980 2079 1054 2136 nullo
1070 2079 1098 2133 in
1108 2078 1228 2135 deterius
1239 2085 1440 2144 commutatur,
1457 2078 1545 2134 nullus
1556 2079 1590 2134 dc
1602 2078 1647 2134 illa
1659 2079 1774 2150 iudicat,

138 2176 258 2238 buntur;
275 2174 321 2228 sed
337 2173 394 2227 ltaec
412 2169 560 2226 secundnm
574 2168 709 2231 litteram,
727 2182 787 2237 quae
801 2175 930 2237 tanquam
980 2170 1069 2228 nullus
1081 2172 1140 2228 sine
1152 2171 1199 2227 illa
1210 2172 1280 2227 bene
1290 2170 1405 2241 judicat.
1423 2169 1480 2226 liae
1491 2169 1545 2226 blo
1561 2185 1671 2227 omnem
1683 2181 1774 2228 muna.

137 2282 203 2322 caro
227 2266 307 2321 Verbi
323 2263 371 2319 boi
385 2271 428 2317 est
444 2269 471 2317 et
484 2260 670 2315 indumentum
691 2258 841 2313 divinitatis
859 2259 929 2329 eins,
980 2261 1112 2318 bilitatem
1132 2262 1168 2317 ab
1185 2260 1337 2317 eternitate
1358 2259 1472 2332 sejungo
1496 2270 1524 2317 et
1543 2261 1602 2331 ipsa
1622 2263 1776 2320 aetemitats

137 2361 211 2432 digni
235 2358 360 2414 fortassis
381 2355 425 2410 vel
443 2353 585 2424 aspiciant,
606 2351 649 2406 vel
671 2350 784 2406 audiant
803 2351 929 2422 indigui:
981 2353 1055 2408 nulls
1080 2353 1167 2423 spatia
1188 2352 1318 2422 temporis
1338 2364 1431 2417 cerno,
1455 2353 1518 2422 quia
1538 2352 1626 2424 spatia
1646 2356 1776 2426 temporis

137 2450 268 2507 scribenti
284 2456 346 2502 snnt
359 2444 396 2499 illi
409 2442 481 2499 oculi
491 2441 537 2511 qni
547 2440 670 2496 uelamen
681 2440 779 2493 litterae
791 2440 931 2495 obtectum
980 2443 1127 2512 praeteritis
1144 2451 1173 2497 et
1186 2440 1284 2497 tuturis
1296 2456 1388 2496 rerum
1408 2442 1527 2497 motibus
1544 2449 1681 2497 constant.
1702 2441 1776 2498 tttbn

137 2541 302 2596 intrinsecus
324 2537 443 2592 divinum
457 2533 589 2604 spiritum
602 2531 706 2595 vident,
720 2539 748 2586 et
772 2530 842 2585 beati
866 2539 931 2586 sunt
981 2529 1209 2601 autemprreterit
1231 2529 1260 2584 in
1284 2536 1399 2594 aterno,
1432 2537 1462 2584 et
1476 2528 1542 2583 nibil
1568 2529 1691 2585 futurum
1712 2540 1774 2587 est:

136 2631 184 2701 qni
202 2629 234 2682 ad
250 2631 307 2684 lime
322 2626 454 2682 audienda
469 2623 586 2680 mundas
600 2638 681 2678 aures
692 2623 829 2679 interioris
840 2623 929 2680 bomi-
980 2619 1044 2691 quia
1055 2628 1083 2674 et
1094 2619 1225 2690 quidquid
1236 2620 1376 2691 preterit,
1388 2636 1449 2677 esse
1463 2621 1580 2688 desinit,
1601 2629 1629 2677 ει
1645 2622 1717 2692 quod
1732 2623 1775 2678 br·

135 2721 180 2775 nis
194 2718 328 2774 deterunt.
981 2719 1135 2779 turunrest.
1146 2712 1266 2768 nondum
1281 2713 1441 2783 essecoepit.
1453 2712 1602 2770 AEternitas
1612 2722 1702 2770 autem
1716 2722 1776 2771 tan·

170 2811 352 2881 Aggredirnur
365 2809 449 2879 igitur
466 2809 600 2877 hocopus
619 2814 756 2862 annuente
772 2807 873 2875 pietate
892 2809 930 2865 di-
980 2803 1121 2859 tummodo
1137 2810 1190 2869 εει,
1204 2818 1255 2859 nec
1267 2802 1328 2868 luit,
1345 2803 1422 2873 quasi
1441 2803 1566 2874 jamnon
1583 2803 1634 2869 sit;
1648 2819 1699 2861 nec
1710 2804 1776 2872 erit,

136 2901 198 2956 nina
217 2898 435 2970 Quadragesimrc
449 2907 581 2967 tempore,
600 2895 652 2951 suh
671 2895 714 2952 die
731 2897 846 2966 septime
867 2896 929 2956 ldus
979 2892 1057 2963 (10181
1071 2893 1161 2948 adhuc
1182 2907 1237 2948 non
1260 2893 1296 2948 tit
1308 2910 1314 2946 τ
1328 2892 1393 2963 quit
1414 2891 1470 2948 0010
1492 2891 1550 2962 ipsa
1571 2893 1714 2951 letissime
1734 2895 1777 2951 dt·

136 2989 236 3053 llartii,
252 3004 322 3043 anno
335 2988 530 3044 incarnationis
541 2987 594 3044 825
606 2986 830 3044 salvatorislesu
850 2987 928 3045 Cbri-
980 2998 1042 3040 cere
1060 2985 1149 3055 potnit
1169 2985 1296 3041 humane
1318 2985 1404 3040 menti
1422 3002 1429 3040 ε
1445 2984 1501 3056 Ego
1517 3001 1577 3040 ram
1595 2987 1642 3058 qai
1664 3003 1734 3055 ιιιιιι,
1747 2995 1776 3044 ει

135 3078 171 3134 sti
186 3078 292 3132 llornini
308 3077 403 3132 nostri.
941 3079 963 3142 c
980 3070 1013 3131 de
1026 3075 1071 3130 illa
1082 3076 1225 3133 rerisdme
1237 3076 1291 3133 dici
1301 3076 1389 3146 potuit
1403 3094 1410 3130 :
1426 3074 1478 3142 Qui
1490 3084 1529 3131 ert
1540 3077 1612 3132 nisit
1627 3093 1678 3132 me.

137 3189 251 3262 Explicit
275 3188 395 3258 prefatio
417 3186 524 3242 Claudii
547 3185 718 3241 Taurinensis
738 3205 752 3241 e
770 3187 863 3258 recepi,
889 3196 925 3253 ει,
1013 3167 1048 3224 Ei
1065 3170 1130 3240 ‘1⁰1²
1143 3169 1181 3225 3¹³
1199 3178 1260 3237 0⁸¹2
1281 3185 1336 3225 ⁰⁰¹¹
1352 3169 1481 3239 lnbeffluf
1497 3170 1532 3225 ²⁶
1548 3175 1701 3225 offiium
1713 3178 1775 3226 ⁸0¹¹·

171 3260 312 3331 premissis
327 3257 450 3328 capitulis
465 3256 525 3310 iibri
537 3257 632 3338 primi,
648 3257 738 3328 incipit
750 3204 816 3311 fider
824 3257 927 3327 primns
977 3261 1052 3326 dere,
1072 3267 1101 3315 ιιι
1117 3259 1267 3316 efficiamur
1278 3260 1362 3327 beati,
1375 3260 1424 3316 sed
1438 3261 1474 3316 ad
1488 3260 1577 3330 ipsum
1591 3259 1749 3320 Creatorem
1765 3281 1773 3320 ι

173 3330 397 3399 ¹”i0fm‘i‘50'mm
416 3327 509 3382 ‘mem’
524 3336 549 3381 θ’
563 3337 681 3396 ‘dmm‘
717 3379 721 3386 ·
978 3349 1012 3404 de
1023 3365 1077 3421 quo
1091 3351 1113 3407 si
1129 3351 1202 3407 aliud
1215 3366 1296 3421 quarn
1305 3358 1423 3421 oportet,
1436 3366 1468 3406 ac
1480 3365 1541 3407 sese
1554 3365 1599 3408 res
1612 3352 1711 3420 habet,
1725 3370 1773 3409 no·

170 3440 307 3496 beriticus
319 3438 388 3493 liber
405 3438 555 3510 appellatus
569 3445 621 3504 est,
636 3436 754 3507 eoquod
769 3437 926 3494 Leuitamm
976 3439 1020 3496 bis
1040 3442 1229 3511 persuadetur,
1252 3442 1484 3512 perniciosissime
1505 3455 1599 3498 errore
1611 3442 1771 3514 decipimur.

134 3532 286 3588 ministeria
297 3539 324 3585 et
332 3529 682 3595 diversitatesrictimarum
690 3531 857 3601 exsequitur,
870 3539 924 3588 etc.
975 3533 1018 3591 ad
1038 3535 1092 3592 bec
1104 3536 1177 3592 enim
1191 3535 1329 3607 pergendo
1338 3534 1411 3607 qnod
1423 3545 1473 3590 aut
1485 3550 1539 3590 uon
1552 3542 1612 3599 est,
1636 3543 1682 3588 aut
1695 3536 1718 3589 si
1731 3544 1774 3591 est

401 3620 436 3675 Et
449 3621 480 3676 in
495 3618 548 3690 fine
564 3619 662 3690 operm.
976 3621 1071 3680 beans
1082 3638 1137 3680 non
1151 3623 1226 3690 lacit,
1242 3623 1277 3679 ad
1287 3625 1396 3680 beamur
1410 3623 1495 3678 vitam
1514 3636 1684 3691 nequaqnam
1698 3623 1773 3692 qnis-

135 3714 200 3771 ilaee
215 3715 277 3784 qnia
289 3712 394 3781 jussisti
406 3713 538 3776 seribere,
564 3727 618 3767 non
637 3727 687 3782 pro
707 3712 859 3768 eruditione
877 3728 926 3768 no·
978 3727 1060 3782 quam
1081 3714 1182 3783 poterit
1199 3713 1351 3782 pervenire.
1367 3712 1426 3779 Qua
1443 3711 1559 3766 veritate
1576 3718 1604 3765 et
1626 3710 1772 3780 sapientia,

134 3814 204 3872 stra,
219 3806 264 3861 scd
277 3820 326 3874 pro
340 3814 430 3860 restra
442 3804 597 3875 dignatione
613 3805 782 3874 praesumpsi.
799 3805 926 3859 Vestrum
977 3817 1038 3873 quae
1059 3803 1211 3858 communis
1235 3800 1362 3856 omnibus
1385 3808 1436 3865 est,
1462 3813 1558 3854 omnes
1583 3800 1720 3869 sapientes
1744 3811 1773 3859 et

133 3912 203 3954 vero
215 3905 256 3951 est
267 3896 417 3967 dijudicare
435 3894 543 3952 verius.
557 3901 586 3947 et
599 3894 633 3949 ad
646 3907 738 3947 veram
753 3893 925 3958 charitatem,
976 3894 1050 3952 beati
1071 3893 1140 3949 dunt
1161 3892 1318 3948 inhaerendo
1337 3891 1385 3946 illi.
1408 3890 1579 3947 Beatitudine
1600 3898 1691 3947 autem
1708 3892 1773 3950 alte-

133 4072 163 4127 in
179 4069 270 4126 obicio
295 4070 499 4140 presbyteratus
525 4066 660 4122 militarit.
687 4065 741 4121 Sed
762 4074 792 4121 nt
812 4064 927 4122 aliomm
977 4073 1088 4130 hornan
1109 4084 1254 4143 aggresus
1272 4077 1323 4126 est.
1345 4069 1482 4126 Praeterea
1506 4077 1706 4128 commentatus
1729 4081 1787 4131 εει·

133 4142 245 4198 utilitati
264 4140 388 4196 doctrina
404 4137 602 4209 praedicationis
615 4135 783 4219 evangeliea,
803 4151 863 4218 que
888 4137 927 4193 illi
978 4141 1153 4225 Euangelium
1168 4140 1298 4206 blattbaei,
1310 4155 1432 4212 opusque
1442 4155 1522 4196 suum
1531 4139 1772 4201 lustoCarrotensi

134 4211 280 4268 admodum
298 4211 386 4265 inesse
408 4209 561 4274 videbatur,
580 4208 744 4272 consuleret,
759 4223 845 4277 rpsrus
862 4207 928 4276 piis·
978 4213 1069 4269 abbati
1082 4211 1247 4282 nuncuparit
1258 4209 1400 4266 anno8l5.
1410 4210 1453 4266 ad
1467 4213 1525 4267 lraec
1535 4213 1661 4284 esposuit
1674 4230 1771 4272 omnes

134 4282 197 4338 simi
212 4281 342 4404 principis
365 4280 506 4334 clementia
520 4278 618 4349 praesnl
632 4276 810 4333 laurinensis
835 4279 927 4334 subro
977 4282 1056 4338 Pauli
1067 4282 1211 4354 Epistulas,
1223 4295 1257 4336 ex
1269 4281 1366 4351 quibus
1380 4281 1601 4352 explanationem
1616 4283 1643 4338 in
1660 4283 1771 4357 Episto-

134 4358 215 4425 gatus
233 4359 275 4406 εει
317 4350 432 4405 eclesia.
451 4369 460 4400 i
477 4349 545 4403 llinc
563 4347 720 4404 contutatur
745 4346 870 4418 vulgatus
893 4362 926 4403 ac
979 4353 1033 4408 lam
1047 4352 1081 4407 ad
1104 4351 1216 4408 Galatas
1231 4350 1418 4407 liructeranno
1431 4352 1523 4407 abbati
1546 4350 1770 4412 sollemniacensi

134 4422 287 4479 eommunis
302 4436 388 4484 error,
403 4419 449 4489 qui
464 4420 498 4475 ab
510 4419 587 4473 annis
602 4420 670 4474 bene
684 4416 777 4471 multis
799 4417 924 4484 invaluit,
937 4429 964 4489 Ι)
977 4423 1078 4479 dicavit
1094 4441 1100 4476 :
1118 4436 1177 4477 eam
1199 4435 1265 4476 uero
1282 4436 1344 4493 quae
1360 4422 1388 4476 in
1412 4421 1560 4502 Epistolam
1583 4422 1617 4477 ad
1639 4423 1772 4494 Ephesios

134 4491 276 4549 Claudium
292 4492 396 4546 scilicet
411 4504 509 4561 genere
522 4488 633 4544 Scotum
645 4488 738 4552 luisse,
751 4503 785 4542 ει
795 4486 924 4544 Hibernia
977 4494 1137 4550 elucubrata
1149 4493 1184 4547 ab
1198 4491 1257 4562 ipso
1271 4498 1324 4556 est,
1336 4490 1474 4547 Ludonrco
1484 4489 1607 4560 dugtrsto
1619 4492 1769 4565 inscripsit.

133 4561 297 4618 oriundum:
315 4576 395 4630 qnem
406 4560 433 4614 in
446 4573 567 4614 errorem
579 4559 660 4613 etiam
673 4559 784 4629 impegit
802 4559 926 4615 eruditus
978 4562 1094 4634 Scripsit
1106 4562 1188 4618 edam
1197 4555 1462 4644 quaedamincultnm
1472 4574 1610 4616 sacrarum
1622 4561 1770 4633 imaginum

136 4633 178 4688 tir
194 4631 321 4688 Usserius
333 4631 530 4686 brmncbanns.
976 4633 1089 4704 piasque
1102 4631 1348 4703 peregrinationes,
1360 4629 1388 4684 in
1405 4628 1504 4699 quibus
1514 4643 1569 4685 non
1587 4639 1661 4686 reete
1674 4633 1769 4688 sensit.

171 4700 468 4757 'l'bcodemirusGallus
482 4699 565 4754 abbas
574 4697 625 4753 luit
636 4706 751 4767 praeerat
772 4707 926 4755 trecentum
1012 4704 1053 4760 lix
1067 4703 1110 4758 bis
1129 4701 1255 4759 omnibus
1280 4699 1337 4756 sola
1359 4699 1494 4824 ergositio
1511 4699 1539 4754 in
1560 4698 1710 4769 Epistolarn
1735 4702 1770 4757 ad

95 4769 98 4772 ’
134 4772 314 4843 quadraginta
333 4770 472 4827 monacbis
487 4770 537 4825 sub
552 4768 644 4839 regula
664 4768 749 4823 saneti
804 4768 924 4834 aedisti,
976 4773 1089 4830 Galatas
1101 4773 1171 4846 typis
1181 4771 1288 4855 vulgata
1300 4778 1343 4827 cst
1354 4769 1382 4824 in
1413 4769 1770 4827 ibliotbccaPatmm:ira-

135 4850 167 4897 nt
181 4841 240 4911 ipse
256 4849 371 4897 testatur
383 4842 409 4894 iu
426 4839 538 4909 epistola
552 4845 647 4893 eontra
659 4837 800 4894 claudium
811 4838 924 4908 scripta,
1024 4851 1116 4899 entem
1129 4841 1296 4913 prelationis
1310 4841 1337 4896 in
1353 4840 1507 4895 Mattbaeum
1522 4840 1551 4895 in
1565 4839 1772 4912 lucemprotulit

134 4909 216 4980 eujus
231 4912 383 4984 fragmenta
395 4910 479 4964 relert
493 4910 575 4965 lonas
591 4909 619 4961 in
635 4907 682 4962 lib.
700 4923 730 4962 ιιι
746 4909 837 4979 operis
856 4923 927 4989 prae·
1003 4914 1106 4969 sserim
1119 4913 1189 4967 inter
1205 4911 1364 4967 ilibernieas
1376 4910 1506 4981 epistolas
1525 4926 1533 4965 r
1549 4917 1658 4976 caetera,
1670 4919 1772 5034 praeter

135 4981 224 5037 citati.
242 4982 375 5037 abbatem
391 4981 418 5035 iu
430 4979 513 5036 Gallia
526 4979 619 5045 luisse,
635 4994 690 5033 non
703 4991 768 5032 tero
785 4978 812 5033 in
832 4977 928 5047 Hispa·
978 4984 1045 5038 duas
1071 4983 1153 5037 hasne
1172 4980 1360 5052 prefationes,
1379 4979 1466 5037 adhue
1488 4979 1650 5036 intenebris
1682 4988 1768 5036 atent.

136 5053 195 5119 nia,
219 5054 258 5107 uti
271 5052 417 5123 aliquando
431 5052 583 5122 suspicatus
600 5064 671 5113 sum,
687 5048 784 5119 collino
801 5064 835 5103 ex
851 5047 928 5103 10¹1ae
978 5053 1181 5123 Expositionem
1194 5052 1220 5105 in
1238 5051 1392 5105 Matthaeum
1408 5051 1496 5120 reperi
1512 5051 1540 5104 in
1554 5050 1715 5106 bibliotheca
1728 5066 1771 5106 ea·

136 5120 185 5178 tib.
201 5137 222 5187 1.
237 5123 270 5179 de
280 5125 376 5179 eodem
390 5121 502 5177 Claudio
514 5123 586 5177 hunc
603 5120 631 5174 in
645 5119 754 5174 modum
771 5118 906 5189 loquentis
920 5135 926 5172 :
979 5123 1109 5179 tbedralis
1120 5121 1243 5178 ecclesie
1256 5120 1444 5176 Laudunensis
1462 5135 1470 5175 ι
1490 5119 1690 5176 Commentaria
1705 5136 1771 5176 rero

139 5191 264 5247 ‹Ferlttl'
278 5195 382 5248 interea
395 5193 422 5246 in
434 5190 650 5263 suggillationem
673 5188 793 5259 ejusdem
811 5188 928 5254 abbatis,
980 5195 1007 5249 in
1023 5191 1172 5250 Leviticum
1186 5206 1271 5260 penes
1288 5206 1338 5246 llos
1353 5191 1485 5246 hahemus
1508 5189 1535 5244 in
1558 5188 1652 5243 codice
1675 5188 1769 5246 Remi.

136 5262 276 5333 1011115100
288 5263 433 5319 Gallim&
448 5260 584 5323 Ecclesiae,
605 5268 687 5314 ante
721 5259 930 5315 01111ῑο0010-
980 5261 1290 5334 giauoeterpesitiones
1304 5275 1386 5330 super
1401 5256 1770 5330 EpistotasPautiinduobns

136 5332 222 5389 ulisse
233 5334 363 5398 libellum,
378 5341 432 5388 etc.
448 5332 588 5402 satanins
599 5329 652 5385 loci
664 5276 848 5394 abiasluerit,
860 5328 928 5384 mibi
982 5335 1165 5390 uoluminibus
1179 5331 1350 5388 bibliothece
1366 5328 1558 5385 Floriacensls.

137 5402 272 5460 hactenus
287 5406 494 5473 incompertum.
1017 5403 1154 5460 Adversus
1166 5401 1309 5458 Claudium
1320 5400 1454 5470 scripsere
1465 5397 1660 5455 Theodemirns
1673 5398 1768 5466 abbas,

174 5473 256 5529 llulta
271 5475 380 5544 scripsit
398 5473 536 5537 Claudius,
554 5470 634 5542 preci
673 5484 688 5525 0
710 5485 776 5526 tere
790 5483 928 5525 cemmen-
980 5474 1120 5546 Dungalus
1131 5467 1767 5541 lleclttsusetionasAurelianensisepiseopus‚

138 5545 210 5605 tarta
224 5546 251 5600 in
264 5559 358 5602 sacros
369 5543 464 5608 libros,
476 5556 573 5613 nempe
590 5542 616 5596 in
670 5541 756 5597 nesim
780 5555 853 5595 anno
875 5538 927 5595 814
981 5559 1120 5601 saeramm
1136 5539 1441 5613 imaginumcultumet
1456 5539 1690 5610 peregrinationes
1708 5541 1769 5612 pins
1856 5594 1859 5601 ,

138 5613 225 5670 libres
244 5624 314 5680 tres;
332 5615 360 5668 in
387 5615 503 5669 exodum
528 5619 644 5683 quatuor
665 5626 736 5667 anno
755 5610 822 5677 ⁸2¹5
847 5618 875 5664 et
898 5607 927 5661 in
981 5615 1057 5670 libris
1073 5614 1153 5670 editis
1168 5610 1353 5669 defendentes.

137 5682 289 5743 Leviticunr
303 5684 446 5750 anno82i,
462 5683 622 5755 quaomnia
637 5680 809 5737 Tbcodemiri
823 5679 928 5735 abbatis
1304 5705 1306 5708 <

261 5779 398 5840 Parnon.
420 5776 502 5842 ctu.
1511 5760 1551 5824 2⁰
