<?xml version="1.0" encoding="UTF-8"?>
<!DOCTYPE html PUBLIC "-//W3C//DTD XHTML 1.0 Transitional//EN"
    "http://www.w3.org/TR/xhtml1/DTD/xhtml1-transitional.dtd">
<html xmlns="http://www.w3.org/1999/xhtml" xml:lang="en" lang="en">
 <head>
  <title>
</title>
<meta http-equiv="Content-Type" content="text/html;charset=utf-8" />
  <meta name='ocr-system' content='tesseract 3.04.00' />
  <meta name='ocr-capabilities' content='ocr_page ocr_carea ocr_par ocr_line ocrx_word'/>
</head>
<body>
  <div class='ocr_page' id='page_1' title='image "./patrologiaecurs103migngoog/patrologiaecurs103migngoog_0598.png"; bbox 0 0 3832 6120; ppageno 0'>
   <div class='ocr_carea' id='block_1_1' title="bbox 135 271 1768 342">
    <p class='ocr_par' dir='ltr' id='par_1_1' title="bbox 135 271 1768 342">
     <span class='ocr_line' id='line_1_1' title="bbox 135 271 1768 342; baseline 0.008 -13"><span class='ocrx_word' id='word_1_1' title='bbox 135 273 201 329; x_wconf 83' lang='lat' dir='ltr'>ilii</span> <span class='ocrx_word' id='word_1_2' title='bbox 701 271 900 334; x_wconf 71' lang='lat' dir='ltr'>pretoriani</span> <span class='ocrx_word' id='word_1_3' title='bbox 919 276 1198 334; x_wconf 73' lang='lat' dir='ltr'>ncosesrasrtnl.</span> <span class='ocrx_word' id='word_1_4' title='bbox 1700 282 1768 342; x_wconf 69' lang='lat' dir='ltr'>lf&#39;lss</span> 
     </span>
    </p>
   </div>
   <div class='ocr_carea' id='block_1_2' title="bbox 134 386 1770 738">
    <p class='ocr_par' dir='ltr' id='par_1_2' title="bbox 134 386 1770 738">
     <span class='ocr_line' id='line_1_2' title="bbox 134 386 1769 460; baseline 0.004 -16"><span class='ocrx_word' id='word_1_5' title='bbox 134 389 189 460; x_wconf 84' lang='lat' dir='ltr'>pair</span> <span class='ocrx_word' id='word_1_6' title='bbox 211 386 325 445; x_wconf 89' lang='lat' dir='ltr'>eeclesia</span> <span class='ocrx_word' id='word_1_7' title='bbox 346 386 420 445; x_wconf 88' lang='lat' dir='ltr'>beati</span> <span class='ocrx_word' id='word_1_8' title='bbox 442 387 582 454; x_wconf 77' lang='lat' dir='ltr'>Germani,</span> <span class='ocrx_word' id='word_1_9' title='bbox 602 395 631 444; x_wconf 89' lang='lat' dir='ltr'>et</span> <span class='ocrx_word' id='word_1_10' title='bbox 653 388 680 444; x_wconf 91' lang='lat' dir='ltr'>in</span> <span class='ocrx_word' id='word_1_11' title='bbox 701 398 784 460; x_wconf 92' lang='lat' dir='ltr'>ponte</span> <span class='ocrx_word' id='word_1_12' title='bbox 801 389 922 445; x_wconf 88' lang='lat' dir='ltr'>Parisios</span> <span class='ocrx_word' id='word_1_13' title='bbox 936 392 961 452; x_wconf 76' lang='lat' dir='ltr'>A</span> <span class='ocrx_word' id='word_1_14' title='bbox 974 386 1095 445; x_wconf 88' lang='lat' dir='ltr'>ferimus.</span> <span class='ocrx_word' id='word_1_15' title='bbox 1107 389 1145 445; x_wconf 90' lang='lat' dir='ltr'>lta</span> <span class='ocrx_word' id='word_1_16' title='bbox 1157 388 1282 445; x_wconf 83' lang='lat' dir='ltr'>videlicet</span> <span class='ocrx_word' id='word_1_17' title='bbox 1292 395 1322 443; x_wconf 92' lang='lat' dir='ltr'>ut</span> <span class='ocrx_word' id='word_1_18' title='bbox 1334 388 1466 460; x_wconf 84' lang='lat' dir='ltr'>quidquid</span> <span class='ocrx_word' id='word_1_19' title='bbox 1477 400 1599 448; x_wconf 81' lang='lat' dir='ltr'>rectores</span> <span class='ocrx_word' id='word_1_20' title='bbox 1612 400 1640 449; x_wconf 91' lang='lat' dir='ltr'>et</span> <span class='ocrx_word' id='word_1_21' title='bbox 1652 395 1769 451; x_wconf 89' lang='lat' dir='ltr'>ministri</span> 
     </span>
     <span class='ocr_line' id='line_1_3' title="bbox 135 480 1770 558; baseline 0.005 -24"><span class='ocrx_word' id='word_1_22' title='bbox 135 481 243 551; x_wconf 81' lang='lat' dir='ltr'>longua</span> <span class='ocrx_word' id='word_1_23' title='bbox 259 490 380 551; x_wconf 90' lang='lat' dir='ltr'>tempore</span> <span class='ocrx_word' id='word_1_24' title='bbox 399 481 567 553; x_wconf 88' lang='lat' dir='ltr'>dispositas:</span> <span class='ocrx_word' id='word_1_25' title='bbox 583 489 611 537; x_wconf 90' lang='lat' dir='ltr'>et</span> <span class='ocrx_word' id='word_1_26' title='bbox 629 481 653 537; x_wconf 91' lang='lat' dir='ltr'>si</span> <span class='ocrx_word' id='word_1_27' title='bbox 674 483 767 552; x_wconf 79' lang='lat' dir='ltr'>augeri</span> <span class='ocrx_word' id='word_1_28' title='bbox 790 481 923 552; x_wconf 83' lang='lat' dir='ltr'>adjudica·</span> <span class='ocrx_word' id='word_1_29' title='bbox 972 480 1094 551; x_wconf 81' lang='lat' dir='ltr'>praedicti</span> <span class='ocrx_word' id='word_1_30' title='bbox 1108 481 1266 537; x_wconf 89' lang='lat' dir='ltr'>monasterii</span> <span class='ocrx_word' id='word_1_31' title='bbox 1280 491 1381 537; x_wconf 75' lang='lat' dir='ltr'>sancte</span> <span class='ocrx_word' id='word_1_32' title='bbox 1391 482 1484 538; x_wconf 86' lang='lat' dir='ltr'>ilariae</span> <span class='ocrx_word' id='word_1_33' title='bbox 1496 499 1603 555; x_wconf 88' lang='lat' dir='ltr'>semper</span> <span class='ocrx_word' id='word_1_34' title='bbox 1611 486 1727 558; x_wconf 78' lang='lat' dir='ltr'>virginis</span> <span class='ocrx_word' id='word_1_35' title='bbox 1736 488 1770 542; x_wconf 91' lang='lat' dir='ltr'>de</span> 
     </span>
     <span class='ocr_line' id='line_1_4' title="bbox 134 570 1770 647; baseline 0.004 -22"><span class='ocrx_word' id='word_1_36' title='bbox 134 573 215 636; x_wconf 90' lang='lat' dir='ltr'>verit,</span> <span class='ocrx_word' id='word_1_37' title='bbox 237 583 264 628; x_wconf 86' lang='lat' dir='ltr'>et</span> <span class='ocrx_word' id='word_1_38' title='bbox 287 589 427 629; x_wconf 90' lang='lat' dir='ltr'>numerum</span> <span class='ocrx_word' id='word_1_39' title='bbox 450 574 647 629; x_wconf 86' lang='lat' dir='ltr'>monachorum</span> <span class='ocrx_word' id='word_1_40' title='bbox 671 575 697 630; x_wconf 90' lang='lat' dir='ltr'>in</span> <span class='ocrx_word' id='word_1_41' title='bbox 718 574 922 647; x_wconf 86' lang='lat' dir='ltr'>majusaugeri,</span> <span class='ocrx_word' id='word_1_42' title='bbox 974 573 1130 642; x_wconf 90' lang='lat' dir='ltr'>supradicto</span> <span class='ocrx_word' id='word_1_43' title='bbox 1152 573 1319 628; x_wconf 85' lang='lat' dir='ltr'>morrasterio</span> <span class='ocrx_word' id='word_1_44' title='bbox 1343 570 1436 629; x_wconf 80' lang='lat' dir='ltr'>Sancti</span> <span class='ocrx_word' id='word_1_45' title='bbox 1464 573 1594 643; x_wconf 78' lang='lat' dir='ltr'>Stephani</span> <span class='ocrx_word' id='word_1_46' title='bbox 1622 577 1770 632; x_wconf 90' lang='lat' dir='ltr'>secuudum</span> 
     </span>
     <span class='ocr_line' id='line_1_5' title="bbox 135 661 1770 738; baseline 0.009 -20"><span class='ocrx_word' id='word_1_47' title='bbox 135 665 294 735; x_wconf 76' lang='lat' dir='ltr'>amplificari</span> <span class='ocrx_word' id='word_1_48' title='bbox 320 667 433 736; x_wconf 90' lang='lat' dir='ltr'>pecunia</span> <span class='ocrx_word' id='word_1_49' title='bbox 454 667 550 738; x_wconf 77' lang='lat' dir='ltr'>maiori</span> <span class='ocrx_word' id='word_1_50' title='bbox 573 668 711 723; x_wconf 75' lang='lat' dir='ltr'>licentiam</span> <span class='ocrx_word' id='word_1_51' title='bbox 733 669 840 725; x_wconf 86' lang='lat' dir='ltr'>lrabeat.</span> <span class='ocrx_word' id='word_1_52' title='bbox 861 667 925 724; x_wconf 72' lang='lat' dir='ltr'>llaec</span> <span class='ocrx_word' id='word_1_53' title='bbox 974 662 1165 717; x_wconf 53' lang='lat' dir='ltr'>{inominalem</span> <span class='ocrx_word' id='word_1_54' title='bbox 1185 661 1344 717; x_wconf 67' lang='lat' dir='ltr'>0³⁰0ss10³¹¹¹</span> <span class='ocrx_word' id='word_1_55' title='bbox 1359 677 1391 717; x_wconf 73' lang='lat'>²⁰</span> <span class='ocrx_word' id='word_1_56' title='bbox 1405 662 1558 734; x_wconf 89' lang='lat' dir='ltr'>regularem</span> <span class='ocrx_word' id='word_1_57' title='bbox 1572 663 1679 731; x_wconf 89' lang='lat' dir='ltr'>facere,</span> <span class='ocrx_word' id='word_1_58' title='bbox 1695 667 1770 722; x_wconf 65' lang='lat' dir='ltr'>ordi·</span> 
     </span>
    </p>
   </div>
   <div class='ocr_carea' id='block_1_3' title="bbox 134 753 1857 829">
    <p class='ocr_par' dir='ltr' id='par_1_3' title="bbox 134 753 1857 829">
     <span class='ocr_line' id='line_1_6' title="bbox 134 753 1857 829; baseline 0.005 -21"><span class='ocrx_word' id='word_1_59' title='bbox 134 762 233 819; x_wconf 88' lang='lat' dir='ltr'>autem,</span> <span class='ocrx_word' id='word_1_60' title='bbox 251 765 282 811; x_wconf 95' lang='lat' dir='ltr'>ut</span> <span class='ocrx_word' id='word_1_61' title='bbox 294 767 432 827; x_wconf 88' lang='lat' dir='ltr'>putamus,</span> <span class='ocrx_word' id='word_1_62' title='bbox 457 758 491 812; x_wconf 90' lang='lat' dir='ltr'>ad</span> <span class='ocrx_word' id='word_1_63' title='bbox 514 774 579 813; x_wconf 91' lang='lat' dir='ltr'>usos</span> <span class='ocrx_word' id='word_1_64' title='bbox 600 767 708 814; x_wconf 90' lang='lat' dir='ltr'>centum</span> <span class='ocrx_word' id='word_1_65' title='bbox 724 759 818 829; x_wconf 83' lang='lat' dir='ltr'>viginti</span> <span class='ocrx_word' id='word_1_66' title='bbox 832 774 925 814; x_wconf 89' lang='lat' dir='ltr'>mona·</span> <span class='ocrx_word' id='word_1_67' title='bbox 973 767 1040 807; x_wconf 71' lang='lat' dir='ltr'>titre</span> <span class='ocrx_word' id='word_1_68' title='bbox 1054 767 1086 807; x_wconf 72' lang='lat' dir='ltr'>tc</span> <span class='ocrx_word' id='word_1_69' title='bbox 1101 754 1243 824; x_wconf 76' lang='lat' dir='ltr'>disponere</span> <span class='ocrx_word' id='word_1_70' title='bbox 1259 754 1412 820; x_wconf 74' lang='lat' dir='ltr'>voluerint,</span> <span class='ocrx_word' id='word_1_71' title='bbox 1429 755 1514 810; x_wconf 74' lang='lat' dir='ltr'>libero</span> <span class='ocrx_word' id='word_1_72' title='bbox 1531 757 1558 810; x_wconf 85' lang='lat' dir='ltr'>ln</span> <span class='ocrx_word' id='word_1_73' title='bbox 1578 757 1704 812; x_wconf 86' lang='lat' dir='ltr'>omnibus</span> <span class='ocrx_word' id='word_1_74' title='bbox 1720 772 1770 828; x_wconf 87' lang='lat' dir='ltr'>po-</span> <span class='ocrx_word' id='word_1_75' title='bbox 1848 753 1857 771; x_wconf 81' lang='grc'><strong>“</strong></span> 
     </span>
    </p>
   </div>
   <div class='ocr_carea' id='block_1_4' title="bbox 64 843 1784 3202">
    <p class='ocr_par' dir='ltr' id='par_1_4' title="bbox 64 843 1784 3202">
     <span class='ocr_line' id='line_1_7' title="bbox 134 843 1772 919; baseline 0.001 -19"><span class='ocrx_word' id='word_1_76' title='bbox 134 847 248 901; x_wconf 88' lang='lat' dir='ltr'>chorum</span> <span class='ocrx_word' id='word_1_77' title='bbox 267 846 403 902; x_wconf 88' lang='lat' dir='ltr'>sufiiciunt</span> <span class='ocrx_word' id='word_1_78' title='bbox 416 867 423 903; x_wconf 76' lang='grc' dir='ltr'><strong>ε</strong></span> <span class='ocrx_word' id='word_1_79' title='bbox 438 848 606 905; x_wconf 88' lang='lat' dir='ltr'>distrahendi</span> <span class='ocrx_word' id='word_1_80' title='bbox 621 859 713 905; x_wconf 91' lang='lat' dir='ltr'>autem</span> <span class='ocrx_word' id='word_1_81' title='bbox 727 849 925 905; x_wconf 90' lang='lat' dir='ltr'>autminuendi</span> <span class='ocrx_word' id='word_1_82' title='bbox 975 843 1078 898; x_wconf 73' lang='lat' dir='ltr'>llantur</span> <span class='ocrx_word' id='word_1_83' title='bbox 1098 845 1212 899; x_wconf 76' lang='lat' dir='ltr'>arbitrio</span> <span class='ocrx_word' id='word_1_84' title='bbox 1234 843 1352 900; x_wconf 85' lang='lat' dir='ltr'>faciendi</span> <span class='ocrx_word' id='word_1_85' title='bbox 1372 847 1502 917; x_wconf 85' lang='lat' dir='ltr'>quidquid</span> <span class='ocrx_word' id='word_1_86' title='bbox 1523 848 1664 919; x_wconf 90' lang='lat' dir='ltr'>elegerint.</span> <span class='ocrx_word' id='word_1_87' title='bbox 1688 848 1722 903; x_wconf 86' lang='lat' dir='ltr'>Et</span> <span class='ocrx_word' id='word_1_88' title='bbox 1742 855 1772 903; x_wconf 93' lang='lat' dir='ltr'>ut</span> 
     </span>
     <span class='ocr_line' id='line_1_8' title="bbox 135 937 1770 1010; baseline 0.001 -18"><span class='ocrx_word' id='word_1_89' title='bbox 135 951 190 1000; x_wconf 86' lang='lat' dir='ltr'>eas,</span> <span class='ocrx_word' id='word_1_90' title='bbox 217 952 286 1008; x_wconf 85' lang='lat' dir='ltr'>quas</span> <span class='ocrx_word' id='word_1_91' title='bbox 308 953 357 1007; x_wconf 92' lang='lat' dir='ltr'>pro</span> <span class='ocrx_word' id='word_1_92' title='bbox 382 939 429 993; x_wconf 87' lang='lat' dir='ltr'>bei</span> <span class='ocrx_word' id='word_1_93' title='bbox 454 941 599 995; x_wconf 75' lang='lat' dir='ltr'>statuimus</span> <span class='ocrx_word' id='word_1_94' title='bbox 625 954 726 1005; x_wconf 87' lang='lat' dir='ltr'>amore,</span> <span class='ocrx_word' id='word_1_95' title='bbox 754 955 925 1010; x_wconf 83' lang='lat' dir='ltr'>nequaquam</span> <span class='ocrx_word' id='word_1_96' title='bbox 975 937 1033 991; x_wconf 83' lang='lat' dir='ltr'>iraec</span> <span class='ocrx_word' id='word_1_97' title='bbox 1051 938 1199 992; x_wconf 87' lang='lat' dir='ltr'>auctoritas</span> <span class='ocrx_word' id='word_1_98' title='bbox 1213 937 1364 1009; x_wconf 81' lang='lat' dir='ltr'>largitionis</span> <span class='ocrx_word' id='word_1_99' title='bbox 1383 946 1482 993; x_wconf 74' lang='lat' dir='ltr'>nostrae</span> <span class='ocrx_word' id='word_1_100' title='bbox 1504 940 1609 994; x_wconf 75' lang='lat' dir='ltr'>firmior</span> <span class='ocrx_word' id='word_1_101' title='bbox 1627 939 1770 1005; x_wconf 86' lang='lat' dir='ltr'>habeatur,</span> 
     </span>
     <span class='ocr_line' id='line_1_9' title="bbox 135 1028 1773 1102; baseline 0.002 -18"><span class='ocrx_word' id='word_1_102' title='bbox 135 1038 290 1097; x_wconf 87' lang='lat' dir='ltr'>praesumat.</span> <span class='ocrx_word' id='word_1_103' title='bbox 311 1028 363 1083; x_wconf 84' lang='lat' dir='ltr'>Sed</span> <span class='ocrx_word' id='word_1_104' title='bbox 376 1029 398 1085; x_wconf 92' lang='lat' dir='ltr'>si</span> <span class='ocrx_word' id='word_1_105' title='bbox 414 1029 503 1085; x_wconf 88' lang='lat' dir='ltr'>facere</span> <span class='ocrx_word' id='word_1_106' title='bbox 516 1031 728 1102; x_wconf 84' lang='lat' dir='ltr'>praesumpserit,</span> <span class='ocrx_word' id='word_1_107' title='bbox 750 1039 778 1086; x_wconf 91' lang='lat' dir='ltr'>et</span> <span class='ocrx_word' id='word_1_108' title='bbox 797 1039 859 1100; x_wconf 92' lang='lat' dir='ltr'>post</span> <span class='ocrx_word' id='word_1_109' title='bbox 871 1031 926 1085; x_wconf 89' lang='lat' dir='ltr'>dis-</span> <span class='ocrx_word' id='word_1_110' title='bbox 975 1036 1003 1083; x_wconf 90' lang='lat' dir='ltr'>et</span> <span class='ocrx_word' id='word_1_111' title='bbox 1022 1043 1070 1099; x_wconf 90' lang='lat' dir='ltr'>per</span> <span class='ocrx_word' id='word_1_112' title='bbox 1085 1028 1175 1084; x_wconf 91' lang='lat' dir='ltr'>futura</span> <span class='ocrx_word' id='word_1_113' title='bbox 1195 1039 1317 1100; x_wconf 89' lang='lat' dir='ltr'>tempora</span> <span class='ocrx_word' id='word_1_114' title='bbox 1336 1031 1432 1086; x_wconf 90' lang='lat' dir='ltr'>melius</span> <span class='ocrx_word' id='word_1_115' title='bbox 1446 1041 1631 1098; x_wconf 87' lang='lat' dir='ltr'>conservetur,</span> <span class='ocrx_word' id='word_1_116' title='bbox 1647 1033 1773 1089; x_wconf 89' lang='lat' dir='ltr'>manibus</span> 
     </span>
     <span class='ocr_line' id='line_1_10' title="bbox 136 1119 1774 1193; baseline 0.003 -19"><span class='ocrx_word' id='word_1_117' title='bbox 136 1134 244 1175; x_wconf 87' lang='lat' dir='ltr'>cessum</span> <span class='ocrx_word' id='word_1_118' title='bbox 276 1128 410 1174; x_wconf 83' lang='lat' dir='ltr'>nostrum·</span> <span class='ocrx_word' id='word_1_119' title='bbox 426 1120 497 1175; x_wconf 90' lang='lat' dir='ltr'>banc</span> <span class='ocrx_word' id='word_1_120' title='bbox 528 1131 649 1176; x_wconf 89' lang='lat' dir='ltr'>nostram</span> <span class='ocrx_word' id='word_1_121' title='bbox 674 1119 925 1185; x_wconf 88' lang='lat' dir='ltr'>confirmationem,</span> <span class='ocrx_word' id='word_1_122' title='bbox 974 1120 1093 1190; x_wconf 88' lang='lat' dir='ltr'>propriis</span> <span class='ocrx_word' id='word_1_123' title='bbox 1112 1121 1375 1176; x_wconf 78' lang='lat' dir='ltr'>subterfirmavimus</span> <span class='ocrx_word' id='word_1_124' title='bbox 1394 1129 1422 1177; x_wconf 92' lang='lat' dir='ltr'>ct</span> <span class='ocrx_word' id='word_1_125' title='bbox 1440 1122 1532 1176; x_wconf 88' lang='lat' dir='ltr'>aurruli</span> <span class='ocrx_word' id='word_1_126' title='bbox 1553 1124 1640 1178; x_wconf 90' lang='lat' dir='ltr'>nostri</span> <span class='ocrx_word' id='word_1_127' title='bbox 1660 1124 1774 1193; x_wconf 88' lang='lat' dir='ltr'>impres-</span> 
     </span>
     <span class='ocr_line' id='line_1_11' title="bbox 136 1210 1354 1282; baseline 0.002 -19"><span class='ocrx_word' id='word_1_128' title='bbox 136 1225 216 1279; x_wconf 86' lang='lat' dir='ltr'>quam</span> <span class='ocrx_word' id='word_1_129' title='bbox 232 1224 313 1279; x_wconf 88' lang='lat' dir='ltr'>supra</span> <span class='ocrx_word' id='word_1_130' title='bbox 334 1210 398 1264; x_wconf 92' lang='lat' dir='ltr'>dicti</span> <span class='ocrx_word' id='word_1_131' title='bbox 418 1211 581 1266; x_wconf 89' lang='lat' dir='ltr'>venerabilis</span> <span class='ocrx_word' id='word_1_132' title='bbox 596 1212 646 1265; x_wconf 88' lang='lat' dir='ltr'>viri</span> <span class='ocrx_word' id='word_1_133' title='bbox 658 1211 778 1266; x_wconf 90' lang='lat' dir='ltr'>llilduini</span> <span class='ocrx_word' id='word_1_134' title='bbox 795 1210 927 1265; x_wconf 89' lang='lat' dir='ltr'>constitu·</span> <span class='ocrx_word' id='word_1_135' title='bbox 978 1212 1053 1267; x_wconf 89' lang='lat' dir='ltr'>sione</span> <span class='ocrx_word' id='word_1_136' title='bbox 1069 1212 1202 1282; x_wconf 87' lang='lat' dir='ltr'>assignari</span> <span class='ocrx_word' id='word_1_137' title='bbox 1213 1210 1354 1279; x_wconf 77' lang='lat' dir='ltr'>jussimus</span> 
     </span>
     <span class='ocr_line' id='line_1_12' title="bbox 136 1299 1771 1374; baseline 0.001 -18"><span class='ocrx_word' id='word_1_138' title='bbox 136 1302 239 1356; x_wconf 89' lang='lat' dir='ltr'>tionem</span> <span class='ocrx_word' id='word_1_139' title='bbox 263 1299 388 1367; x_wconf 84' lang='lat' dir='ltr'>fecimus,</span> <span class='ocrx_word' id='word_1_140' title='bbox 413 1302 516 1357; x_wconf 91' lang='lat' dir='ltr'>violare</span> <span class='ocrx_word' id='word_1_141' title='bbox 539 1303 671 1367; x_wconf 90' lang='lat' dir='ltr'>volucrit,</span> <span class='ocrx_word' id='word_1_142' title='bbox 692 1303 801 1373; x_wconf 85' lang='lat' dir='ltr'>querela</span> <span class='ocrx_word' id='word_1_143' title='bbox 816 1301 849 1355; x_wconf 88' lang='lat' dir='ltr'>ad</span> <span class='ocrx_word' id='word_1_144' title='bbox 866 1317 927 1356; x_wconf 92' lang='lat' dir='ltr'>suc·</span> <span class='ocrx_word' id='word_1_145' title='bbox 1012 1302 1154 1356; x_wconf 79' lang='lat' dir='ltr'>[iurandus</span> <span class='ocrx_word' id='word_1_146' title='bbox 1165 1301 1334 1357; x_wconf 89' lang='lat' dir='ltr'>diaconusad</span> <span class='ocrx_word' id='word_1_147' title='bbox 1342 1301 1429 1357; x_wconf 91' lang='lat' dir='ltr'>vicem</span> <span class='ocrx_word' id='word_1_148' title='bbox 1441 1300 1593 1373; x_wconf 71' lang='lat' dir='ltr'>frigdugisi</span> <span class='ocrx_word' id='word_1_149' title='bbox 1604 1303 1771 1374; x_wconf 84' lang='lat' dir='ltr'>recognovit.</span> 
     </span>
     <span class='ocr_line' id='line_1_13' title="bbox 135 1391 1775 1464; baseline 0 -18"><span class='ocrx_word' id='word_1_150' title='bbox 135 1407 259 1447; x_wconf 89' lang='lat' dir='ltr'>cessores</span> <span class='ocrx_word' id='word_1_151' title='bbox 282 1401 403 1458; x_wconf 88' lang='lat' dir='ltr'>nostros,</span> <span class='ocrx_word' id='word_1_152' title='bbox 427 1395 473 1463; x_wconf 88' lang='lat' dir='ltr'>qui</span> <span class='ocrx_word' id='word_1_153' title='bbox 488 1401 552 1450; x_wconf 91' lang='lat' dir='ltr'>tunc</span> <span class='ocrx_word' id='word_1_154' title='bbox 567 1394 694 1464; x_wconf 90' lang='lat' dir='ltr'>temporis</span> <span class='ocrx_word' id='word_1_155' title='bbox 708 1395 786 1450; x_wconf 90' lang='lat' dir='ltr'>nobis</span> <span class='ocrx_word' id='word_1_156' title='bbox 800 1392 929 1464; x_wconf 89' lang='lat' dir='ltr'>supersti·</span> <span class='ocrx_word' id='word_1_157' title='bbox 1012 1392 1072 1447; x_wconf 83' lang='lat' dir='ltr'>liat.</span> <span class='ocrx_word' id='word_1_158' title='bbox 1086 1409 1103 1446; x_wconf 84' lang='lat' dir='ltr'>x</span> <span class='ocrx_word' id='word_1_159' title='bbox 1118 1392 1231 1447; x_wconf 82' lang='lat' dir='ltr'>Kalend.</span> <span class='ocrx_word' id='word_1_160' title='bbox 1249 1391 1329 1458; x_wconf 81' lang='lat' dir='ltr'>iulii,</span> <span class='ocrx_word' id='word_1_161' title='bbox 1346 1408 1417 1448; x_wconf 80' lang='lat' dir='ltr'>antro</span> <span class='ocrx_word' id='word_1_162' title='bbox 1432 1393 1466 1448; x_wconf 85' lang='grc' dir='ltr'>Ι5</span> <span class='ocrx_word' id='word_1_163' title='bbox 1479 1394 1585 1463; x_wconf 91' lang='lat' dir='ltr'>imperii</span> <span class='ocrx_word' id='word_1_164' title='bbox 1603 1394 1704 1448; x_wconf 91' lang='lat' dir='ltr'>domini</span> <span class='ocrx_word' id='word_1_165' title='bbox 1722 1393 1775 1448; x_wconf 90' lang='lat' dir='ltr'>Lu-</span> 
     </span>
     <span class='ocr_line' id='line_1_14' title="bbox 136 1481 1774 1561; baseline -0.004 -16"><span class='ocrx_word' id='word_1_166' title='bbox 136 1499 180 1545; x_wconf 89' lang='lat' dir='ltr'>tes</span> <span class='ocrx_word' id='word_1_167' title='bbox 204 1489 305 1543; x_wconf 88' lang='lat' dir='ltr'>fuerint</span> <span class='ocrx_word' id='word_1_168' title='bbox 330 1490 489 1555; x_wconf 79' lang='lat' dir='ltr'>devenerit,</span> <span class='ocrx_word' id='word_1_169' title='bbox 516 1490 622 1561; x_wconf 84' lang='lat' dir='ltr'>ipsique</span> <span class='ocrx_word' id='word_1_170' title='bbox 647 1490 738 1561; x_wconf 87' lang='lat' dir='ltr'>agnita</span> <span class='ocrx_word' id='word_1_171' title='bbox 766 1489 927 1543; x_wconf 90' lang='lat' dir='ltr'>auctoritate</span> <span class='ocrx_word' id='word_1_172' title='bbox 977 1482 1064 1538; x_wconf 87' lang='lat' dir='ltr'>devici</span> <span class='ocrx_word' id='word_1_173' title='bbox 1083 1491 1111 1538; x_wconf 91' lang='lat' dir='ltr'>et</span> <span class='ocrx_word' id='word_1_174' title='bbox 1129 1481 1250 1538; x_wconf 87' lang='lat' dir='ltr'>Lotlrarii</span> <span class='ocrx_word' id='word_1_175' title='bbox 1271 1485 1298 1549; x_wconf 84' lang='lat' dir='ltr'>i,</span> <span class='ocrx_word' id='word_1_176' title='bbox 1320 1484 1414 1539; x_wconf 91' lang='lat' dir='ltr'>indict.</span> <span class='ocrx_word' id='word_1_177' title='bbox 1439 1485 1465 1538; x_wconf 86' lang='lat' dir='ltr'>i.</span> <span class='ocrx_word' id='word_1_178' title='bbox 1489 1484 1587 1540; x_wconf 78' lang='lat' dir='ltr'>Actum</span> <span class='ocrx_word' id='word_1_179' title='bbox 1609 1482 1774 1554; x_wconf 65' lang='lat' dir='ltr'>aquisgrani</span> 
     </span>
     <span class='ocr_line' id='line_1_15' title="bbox 136 1573 1644 1646; baseline -0.005 -9"><span class='ocrx_word' id='word_1_180' title='bbox 136 1588 231 1637; x_wconf 90' lang='lat' dir='ltr'>nostra</span> <span class='ocrx_word' id='word_1_181' title='bbox 245 1588 346 1636; x_wconf 83' lang='lat' dir='ltr'>statuta</span> <span class='ocrx_word' id='word_1_182' title='bbox 366 1590 459 1635; x_wconf 91' lang='lat' dir='ltr'>nostra</span> <span class='ocrx_word' id='word_1_183' title='bbox 477 1580 631 1646; x_wconf 80' lang='lat' dir='ltr'>defendant,</span> <span class='ocrx_word' id='word_1_184' title='bbox 647 1588 675 1635; x_wconf 89' lang='lat' dir='ltr'>et</span> <span class='ocrx_word' id='word_1_185' title='bbox 688 1595 743 1635; x_wconf 79' lang='lat' dir='ltr'>sum</span> <span class='ocrx_word' id='word_1_186' title='bbox 756 1578 928 1635; x_wconf 83' lang='lat' dir='ltr'>auctoritatis</span> <span class='ocrx_word' id='word_1_187' title='bbox 978 1574 1077 1643; x_wconf 88' lang='lat' dir='ltr'>palatio</span> <span class='ocrx_word' id='word_1_188' title='bbox 1090 1574 1165 1645; x_wconf 85' lang='lat' dir='ltr'>regio</span> <span class='ocrx_word' id='word_1_189' title='bbox 1180 1573 1208 1628; x_wconf 93' lang='lat' dir='ltr'>in</span> <span class='ocrx_word' id='word_1_190' title='bbox 1221 1573 1268 1629; x_wconf 87' lang='lat' dir='ltr'>Dei</span> <span class='ocrx_word' id='word_1_191' title='bbox 1283 1575 1393 1629; x_wconf 90' lang='lat' dir='ltr'>nomine</span> <span class='ocrx_word' id='word_1_192' title='bbox 1408 1574 1532 1631; x_wconf 79' lang='lat' dir='ltr'>feliciter.</span> <span class='ocrx_word' id='word_1_193' title='bbox 1547 1575 1644 1631; x_wconf 79' lang='lat' dir='ltr'>Amen.</span> 
     </span>
     <span class='ocr_line' id='line_1_16' title="bbox 134 1665 1436 1743; baseline -0.005 -16"><span class='ocrx_word' id='word_1_194' title='bbox 134 1680 270 1743; x_wconf 89' lang='lat' dir='ltr'>praecepto</span> <span class='ocrx_word' id='word_1_195' title='bbox 293 1671 457 1727; x_wconf 86' lang='lat' dir='ltr'>confirment</span> <span class='ocrx_word' id='word_1_196' title='bbox 476 1691 482 1725; x_wconf 94' lang='lat'>:</span> <span class='ocrx_word' id='word_1_197' title='bbox 501 1671 618 1741; x_wconf 89' lang='lat' dir='ltr'>qualiter</span> <span class='ocrx_word' id='word_1_198' title='bbox 643 1670 741 1725; x_wconf 91' lang='lat' dir='ltr'>futuris</span> <span class='ocrx_word' id='word_1_199' title='bbox 761 1669 928 1740; x_wconf 86' lang='lat' dir='ltr'>temporibus</span> <span class='ocrx_word' id='word_1_200' title='bbox 1308 1665 1436 1722; x_wconf 73' lang='lat' dir='ltr'>cnidi.</span> 
     </span>
     <span class='ocr_line' id='line_1_17' title="bbox 64 1744 1670 1832; baseline 0.001 -15"><span class='ocrx_word' id='word_1_201' title='bbox 64 1779 66 1783; x_wconf 54' lang='lat'><strong><em>⁴</em></strong></span> <span class='ocrx_word' id='word_1_202' title='bbox 136 1762 245 1826; x_wconf 90' lang='lat' dir='ltr'>fratres,</span> <span class='ocrx_word' id='word_1_203' title='bbox 264 1762 290 1815; x_wconf 93' lang='lat' dir='ltr'>in</span> <span class='ocrx_word' id='word_1_204' title='bbox 304 1762 429 1817; x_wconf 90' lang='lat' dir='ltr'>coenobio</span> <span class='ocrx_word' id='word_1_205' title='bbox 452 1777 535 1832; x_wconf 88' lang='lat' dir='ltr'>sopra</span> <span class='ocrx_word' id='word_1_206' title='bbox 555 1762 628 1817; x_wconf 92' lang='lat' dir='ltr'>dicto</span> <span class='ocrx_word' id='word_1_207' title='bbox 651 1761 770 1832; x_wconf 87' lang='lat' dir='ltr'>regulam</span> <span class='ocrx_word' id='word_1_208' title='bbox 789 1760 861 1815; x_wconf 93' lang='lat' dir='ltr'>beati</span> <span class='ocrx_word' id='word_1_209' title='bbox 876 1744 965 1814; x_wconf 81' lang='lat' dir='ltr'>ite-B</span> <span class='ocrx_word' id='word_1_210' title='bbox 1084 1774 1134 1815; x_wconf 83' lang='lat' dir='ltr'>nno</span> <span class='ocrx_word' id='word_1_211' title='bbox 1153 1774 1319 1815; x_wconf 82' lang='lat' dir='ltr'>rconccnnro</span> <span class='ocrx_word' id='word_1_212' title='bbox 1337 1776 1518 1816; x_wconf 59' lang='lat' dir='ltr'>,tnuncnvnssr</span> <span class='ocrx_word' id='word_1_213' title='bbox 1536 1776 1670 1820; x_wconf 79' lang='lat' dir='ltr'>nrrscoro.</span> 
     </span>
     <span class='ocr_line' id='line_1_18' title="bbox 135 1847 1464 1925; baseline -0.002 -15"><span class='ocrx_word' id='word_1_214' title='bbox 135 1855 235 1910; x_wconf 89' lang='lat' dir='ltr'>nedicti</span> <span class='ocrx_word' id='word_1_215' title='bbox 248 1862 399 1920; x_wconf 90' lang='lat' dir='ltr'>servantes,</span> <span class='ocrx_word' id='word_1_216' title='bbox 421 1856 523 1925; x_wconf 83' lang='lat' dir='ltr'>absque</span> <span class='ocrx_word' id='word_1_217' title='bbox 540 1855 745 1925; x_wconf 83' lang='lat' dir='ltr'>perturbatione</span> <span class='ocrx_word' id='word_1_218' title='bbox 766 1854 850 1910; x_wconf 88' lang='lat' dir='ltr'>libere</span> <span class='ocrx_word' id='word_1_219' title='bbox 870 1854 926 1909; x_wconf 85' lang='lat' dir='ltr'>beo</span> <span class='ocrx_word' id='word_1_220' title='bbox 1284 1848 1371 1918; x_wconf 77' lang='lat' dir='ltr'>(Anno</span> <span class='ocrx_word' id='word_1_221' title='bbox 1389 1847 1464 1920; x_wconf 73' lang='lat'><strong>829.)</strong></span> 
     </span>
     <span class='ocr_line' id='line_1_19' title="bbox 138 1938 1656 2016; baseline -0.005 -13"><span class='ocrx_word' id='word_1_222' title='bbox 138 1947 274 2003; x_wconf 87' lang='lat' dir='ltr'>deservire</span> <span class='ocrx_word' id='word_1_223' title='bbox 290 1955 399 2016; x_wconf 85' lang='lat' dir='ltr'>queant,</span> <span class='ocrx_word' id='word_1_224' title='bbox 416 1946 549 2016; x_wconf 87' lang='lat' dir='ltr'>nobisque</span> <span class='ocrx_word' id='word_1_225' title='bbox 563 1960 669 2001; x_wconf 89' lang='lat' dir='ltr'>merces</span> <span class='ocrx_word' id='word_1_226' title='bbox 680 1945 778 2001; x_wconf 87' lang='lat' dir='ltr'>exinde</span> <span class='ocrx_word' id='word_1_227' title='bbox 791 1945 819 1999; x_wconf 93' lang='lat' dir='ltr'>in</span> <span class='ocrx_word' id='word_1_228' title='bbox 832 1959 928 2015; x_wconf 91' lang='lat' dir='ltr'>perpe·</span> <span class='ocrx_word' id='word_1_229' title='bbox 1097 1938 1212 2012; x_wconf 61' lang='lat' dir='ltr'>[nalum</span> <span class='ocrx_word' id='word_1_230' title='bbox 1228 1938 1355 2009; x_wconf 78' lang='lat' dir='ltr'>Capitol,</span> <span class='ocrx_word' id='word_1_231' title='bbox 1372 1948 1437 1994; x_wconf 83' lang='lat' dir='ltr'>tona.</span> <span class='ocrx_word' id='word_1_232' title='bbox 1452 1939 1489 2005; x_wconf 89' lang='lat' dir='ltr'>ll,</span> <span class='ocrx_word' id='word_1_233' title='bbox 1505 1956 1567 2011; x_wconf 86' lang='lat' dir='ltr'>pag.</span> <span class='ocrx_word' id='word_1_234' title='bbox 1581 1940 1656 2014; x_wconf 56' lang='lat'>829]</span> 
     </span>
     <span class='ocr_line' id='line_1_20' title="bbox 137 2031 1775 2111; baseline -0.002 -15"><span class='ocrx_word' id='word_1_235' title='bbox 137 2051 183 2097; x_wconf 89' lang='lat' dir='ltr'>tua</span> <span class='ocrx_word' id='word_1_236' title='bbox 196 2049 416 2111; x_wconf 89' lang='lat' dir='ltr'>recompensetur</span> <span class='ocrx_word' id='word_1_237' title='bbox 429 2040 591 2097; x_wconf 71' lang='lat' dir='ltr'>eternitate.</span> <span class='ocrx_word' id='word_1_238' title='bbox 606 2040 640 2094; x_wconf 82' lang='lat' dir='ltr'>Et</span> <span class='ocrx_word' id='word_1_239' title='bbox 655 2047 684 2094; x_wconf 94' lang='lat' dir='ltr'>ut</span> <span class='ocrx_word' id='word_1_240' title='bbox 696 2039 755 2094; x_wconf 86' lang='lat' dir='ltr'>baec</span> <span class='ocrx_word' id='word_1_241' title='bbox 767 2038 927 2104; x_wconf 87' lang='lat' dir='ltr'>auctoritas,</span> <span class='ocrx_word' id='word_1_242' title='bbox 1013 2031 1043 2088; x_wconf 92' lang='lat' dir='ltr'>ln</span> <span class='ocrx_word' id='word_1_243' title='bbox 1063 2036 1172 2090; x_wconf 89' lang='lat' dir='ltr'>nomine</span> <span class='ocrx_word' id='word_1_244' title='bbox 1191 2034 1298 2091; x_wconf 87' lang='lat' dir='ltr'>bomini</span> <span class='ocrx_word' id='word_1_245' title='bbox 1320 2036 1367 2090; x_wconf 87' lang='lat' dir='ltr'>Dei</span> <span class='ocrx_word' id='word_1_246' title='bbox 1388 2045 1415 2091; x_wconf 93' lang='lat' dir='ltr'>et</span> <span class='ocrx_word' id='word_1_247' title='bbox 1436 2035 1585 2092; x_wconf 91' lang='lat' dir='ltr'>Salvatoris</span> <span class='ocrx_word' id='word_1_248' title='bbox 1605 2038 1689 2092; x_wconf 85' lang='lat' dir='ltr'>nostri</span> <span class='ocrx_word' id='word_1_249' title='bbox 1712 2035 1775 2093; x_wconf 83' lang='lat' dir='ltr'>lesu</span> 
     </span>
     <span class='ocr_line' id='line_1_21' title="bbox 135 2125 1777 2203; baseline -0.002 -16"><span class='ocrx_word' id='word_1_250' title='bbox 135 2132 264 2203; x_wconf 88' lang='lat' dir='ltr'>qnamob</span> <span class='ocrx_word' id='word_1_251' title='bbox 278 2147 400 2187; x_wconf 90' lang='lat' dir='ltr'>amorem</span> <span class='ocrx_word' id='word_1_252' title='bbox 418 2131 466 2187; x_wconf 86' lang='lat' dir='ltr'>Dei</span> <span class='ocrx_word' id='word_1_253' title='bbox 487 2140 515 2186; x_wconf 93' lang='lat' dir='ltr'>et</span> <span class='ocrx_word' id='word_1_254' title='bbox 536 2132 634 2185; x_wconf 87' lang='lat' dir='ltr'>animae</span> <span class='ocrx_word' id='word_1_255' title='bbox 656 2138 756 2186; x_wconf 84' lang='lat' dir='ltr'>nostrae</span> <span class='ocrx_word' id='word_1_256' title='bbox 778 2130 927 2186; x_wconf 89' lang='lat' dir='ltr'>remedium</span> <span class='ocrx_word' id='word_1_257' title='bbox 977 2125 1095 2194; x_wconf 85' lang='lat' dir='ltr'>Christi,</span> <span class='ocrx_word' id='word_1_258' title='bbox 1117 2126 1271 2185; x_wconf 82' lang='lat' dir='ltr'>ludovicus</span> <span class='ocrx_word' id='word_1_259' title='bbox 1292 2135 1320 2184; x_wconf 90' lang='lat' dir='ltr'>et</span> <span class='ocrx_word' id='word_1_260' title='bbox 1341 2127 1504 2192; x_wconf 82' lang='lat' dir='ltr'>lotharius,</span> <span class='ocrx_word' id='word_1_261' title='bbox 1526 2127 1616 2183; x_wconf 90' lang='lat' dir='ltr'>divina</span> <span class='ocrx_word' id='word_1_262' title='bbox 1634 2128 1777 2184; x_wconf 89' lang='lat' dir='ltr'>ordinante</span> 
     </span>
     <span class='ocr_line' id='line_1_22' title="bbox 137 2217 1490 2292; baseline -0.004 -13"><span class='ocrx_word' id='word_1_263' title='bbox 137 2223 292 2287; x_wconf 86' lang='lat' dir='ltr'>statuimus,</span> <span class='ocrx_word' id='word_1_264' title='bbox 313 2220 462 2277; x_wconf 85' lang='lat' dir='ltr'>firmiorem</span> <span class='ocrx_word' id='word_1_265' title='bbox 477 2222 598 2277; x_wconf 87' lang='lat' dir='ltr'>obtineat</span> <span class='ocrx_word' id='word_1_266' title='bbox 613 2222 745 2292; x_wconf 88' lang='lat' dir='ltr'>vigorem,</span> <span class='ocrx_word' id='word_1_267' title='bbox 758 2229 786 2275; x_wconf 90' lang='lat' dir='ltr'>et</span> <span class='ocrx_word' id='word_1_268' title='bbox 800 2221 928 2290; x_wconf 85' lang='lat' dir='ltr'>deinceps</span> <span class='ocrx_word' id='word_1_269' title='bbox 978 2217 1158 2287; x_wconf 88' lang='lat' dir='ltr'>providentia,</span> <span class='ocrx_word' id='word_1_270' title='bbox 1175 2218 1354 2289; x_wconf 90' lang='lat' dir='ltr'>imperatores</span> <span class='ocrx_word' id='word_1_271' title='bbox 1366 2218 1490 2288; x_wconf 78' lang='lat' dir='ltr'>Augusti.</span> 
     </span>
     <span class='ocr_line' id='line_1_23' title="bbox 136 2304 1777 2381; baseline -0.002 -13"><span class='ocrx_word' id='word_1_272' title='bbox 136 2313 294 2368; x_wconf 88' lang='lat' dir='ltr'>inconvulsa</span> <span class='ocrx_word' id='word_1_273' title='bbox 319 2312 408 2367; x_wconf 88' lang='lat' dir='ltr'>valeat</span> <span class='ocrx_word' id='word_1_274' title='bbox 433 2313 590 2381; x_wconf 87' lang='lat' dir='ltr'>perdurare,</span> <span class='ocrx_word' id='word_1_275' title='bbox 617 2327 714 2367; x_wconf 88' lang='lat' dir='ltr'>manus</span> <span class='ocrx_word' id='word_1_276' title='bbox 740 2319 840 2366; x_wconf 70' lang='lat' dir='ltr'>nostrae</span> <span class='ocrx_word' id='word_1_277' title='bbox 865 2309 929 2365; x_wconf 91' lang='lat' dir='ltr'>sub-</span> <span class='ocrx_word' id='word_1_278' title='bbox 1015 2304 1045 2362; x_wconf 88' lang='lat' dir='ltr'>Si</span> <span class='ocrx_word' id='word_1_279' title='bbox 1060 2323 1093 2362; x_wconf 88' lang='lat' dir='ltr'>ea</span> <span class='ocrx_word' id='word_1_280' title='bbox 1106 2322 1165 2377; x_wconf 81' lang='lat' dir='ltr'>quae</span> <span class='ocrx_word' id='word_1_281' title='bbox 1180 2307 1272 2364; x_wconf 90' lang='lat' dir='ltr'>fideles</span> <span class='ocrx_word' id='word_1_282' title='bbox 1284 2309 1391 2380; x_wconf 90' lang='lat' dir='ltr'>imperii</span> <span class='ocrx_word' id='word_1_283' title='bbox 1404 2309 1489 2364; x_wconf 91' lang='lat' dir='ltr'>nostri</span> <span class='ocrx_word' id='word_1_284' title='bbox 1507 2324 1559 2379; x_wconf 93' lang='lat' dir='ltr'>pro</span> <span class='ocrx_word' id='word_1_285' title='bbox 1572 2324 1665 2365; x_wconf 88' lang='lat' dir='ltr'>eorum</span> <span class='ocrx_word' id='word_1_286' title='bbox 1682 2325 1777 2380; x_wconf 88' lang='lat' dir='ltr'>oppor-</span> 
     </span>
     <span class='ocr_line' id='line_1_24' title="bbox 136 2397 1784 2471; baseline -0.005 -13"><span class='ocrx_word' id='word_1_287' title='bbox 136 2402 284 2471; x_wconf 85' lang='lat' dir='ltr'>scriptione</span> <span class='ocrx_word' id='word_1_288' title='bbox 296 2417 358 2456; x_wconf 88' lang='lat' dir='ltr'>eam</span> <span class='ocrx_word' id='word_1_289' title='bbox 373 2402 467 2457; x_wconf 87' lang='lat' dir='ltr'>subter</span> <span class='ocrx_word' id='word_1_290' title='bbox 484 2401 661 2468; x_wconf 85' lang='lat' dir='ltr'>firmavimus,</span> <span class='ocrx_word' id='word_1_291' title='bbox 678 2413 706 2456; x_wconf 91' lang='lat' dir='ltr'>et</span> <span class='ocrx_word' id='word_1_292' title='bbox 720 2399 820 2455; x_wconf 86' lang='lat' dir='ltr'>annulo</span> <span class='ocrx_word' id='word_1_293' title='bbox 835 2409 928 2456; x_wconf 90' lang='lat' dir='ltr'>nostro</span> <span class='ocrx_word' id='word_1_294' title='bbox 978 2397 1141 2453; x_wconf 88' lang='lat' dir='ltr'>tunitatibus</span> <span class='ocrx_word' id='word_1_295' title='bbox 1165 2397 1235 2454; x_wconf 90' lang='lat' dir='ltr'>inter</span> <span class='ocrx_word' id='word_1_296' title='bbox 1256 2414 1286 2453; x_wconf 89' lang='lat' dir='ltr'>se</span> <span class='ocrx_word' id='word_1_297' title='bbox 1309 2399 1538 2453; x_wconf 77' lang='lat' dir='ltr'>commutaverint</span> <span class='ocrx_word' id='word_1_298' title='bbox 1560 2400 1662 2454; x_wconf 91' lang='lat' dir='ltr'>nostris</span> <span class='ocrx_word' id='word_1_299' title='bbox 1682 2400 1784 2454; x_wconf 90' lang='lat' dir='ltr'>confir.</span> 
     </span>
     <span class='ocr_line' id='line_1_25' title="bbox 137 2488 1783 2563; baseline 0 -16"><span class='ocrx_word' id='word_1_300' title='bbox 137 2491 251 2563; x_wconf 87' lang='lat' dir='ltr'>sigillari</span> <span class='ocrx_word' id='word_1_301' title='bbox 262 2491 404 2562; x_wconf 82' lang='lat' dir='ltr'>jussimus.</span> <span class='ocrx_word' id='word_1_302' title='bbox 978 2501 1085 2544; x_wconf 89' lang='lat' dir='ltr'>mamus</span> <span class='ocrx_word' id='word_1_303' title='bbox 1104 2489 1217 2556; x_wconf 90' lang='lat' dir='ltr'>edictis,</span> <span class='ocrx_word' id='word_1_304' title='bbox 1239 2488 1408 2560; x_wconf 87' lang='lat' dir='ltr'>imperialem</span> <span class='ocrx_word' id='word_1_305' title='bbox 1428 2504 1588 2545; x_wconf 85' lang='lat' dir='ltr'>exercemus</span> <span class='ocrx_word' id='word_1_306' title='bbox 1608 2492 1783 2547; x_wconf 75' lang='lat' dir='ltr'>consuetudi·</span> 
     </span>
     <span class='ocr_line' id='line_1_26' title="bbox 173 2577 1777 2659; baseline -0.002 -21"><span class='ocrx_word' id='word_1_307' title='bbox 173 2584 241 2638; x_wconf 86' lang='lat' dir='ltr'>liata</span> <span class='ocrx_word' id='word_1_308' title='bbox 260 2584 349 2642; x_wconf 90' lang='lat' dir='ltr'>idibus</span> <span class='ocrx_word' id='word_1_309' title='bbox 366 2583 498 2649; x_wconf 79' lang='lat' dir='ltr'>ianuarii,</span> <span class='ocrx_word' id='word_1_310' title='bbox 514 2599 585 2638; x_wconf 81' lang='lat' dir='ltr'>annm</span> <span class='ocrx_word' id='word_1_311' title='bbox 600 2581 708 2638; x_wconf 86' lang='lat' dir='ltr'>Christo</span> <span class='ocrx_word' id='word_1_312' title='bbox 721 2581 838 2653; x_wconf 90' lang='lat' dir='ltr'>propitio</span> <span class='ocrx_word' id='word_1_313' title='bbox 850 2587 929 2637; x_wconf 79' lang='lat' dir='ltr'>sexto</span> <span class='ocrx_word' id='word_1_314' title='bbox 979 2594 1052 2643; x_wconf 90' lang='lat' dir='ltr'>nem,</span> <span class='ocrx_word' id='word_1_315' title='bbox 1064 2587 1091 2635; x_wconf 91' lang='lat' dir='ltr'>et</span> <span class='ocrx_word' id='word_1_316' title='bbox 1101 2580 1186 2659; x_wconf 81' lang='lat' dir='ltr'>lnocin</span> <span class='ocrx_word' id='word_1_317' title='bbox 1197 2580 1370 2650; x_wconf 88' lang='lat' dir='ltr'>postmodum</span> <span class='ocrx_word' id='word_1_318' title='bbox 1378 2577 1440 2647; x_wconf 85' lang='lat' dir='ltr'>jure</span> <span class='ocrx_word' id='word_1_319' title='bbox 1452 2579 1609 2635; x_wconf 90' lang='lat' dir='ltr'>firmissimo</span> <span class='ocrx_word' id='word_1_320' title='bbox 1621 2596 1777 2636; x_wconf 86' lang='lat' dir='ltr'>mansurum</span> 
     </span>
     <span class='ocr_line' id='line_1_27' title="bbox 136 2669 1779 2747; baseline -0.002 -16"><span class='ocrx_word' id='word_1_321' title='bbox 136 2676 243 2733; x_wconf 86' lang='lat' dir='ltr'>decimo</span> <span class='ocrx_word' id='word_1_322' title='bbox 255 2676 361 2747; x_wconf 89' lang='lat' dir='ltr'>imperii</span> <span class='ocrx_word' id='word_1_323' title='bbox 374 2675 465 2731; x_wconf 90' lang='lat' dir='ltr'>domni</span> <span class='ocrx_word' id='word_1_324' title='bbox 481 2675 609 2730; x_wconf 76' lang='lat' dir='ltr'>ludovici</span> <span class='ocrx_word' id='word_1_325' title='bbox 623 2672 789 2729; x_wconf 90' lang='lat' dir='ltr'>serenissimi</span> <span class='ocrx_word' id='word_1_326' title='bbox 801 2670 927 2742; x_wconf 75' lang='lat' dir='ltr'>Augusti,</span> <span class='ocrx_word' id='word_1_327' title='bbox 979 2685 1040 2726; x_wconf 89' lang='lat' dir='ltr'>esse</span> <span class='ocrx_word' id='word_1_328' title='bbox 1059 2670 1192 2727; x_wconf 91' lang='lat' dir='ltr'>volumus.</span> <span class='ocrx_word' id='word_1_329' title='bbox 1211 2669 1315 2726; x_wconf 90' lang='lat' dir='ltr'>idcirco</span> <span class='ocrx_word' id='word_1_330' title='bbox 1331 2672 1438 2726; x_wconf 90' lang='lat' dir='ltr'>noverit</span> <span class='ocrx_word' id='word_1_331' title='bbox 1458 2671 1579 2740; x_wconf 82' lang='lat' dir='ltr'>omnium</span> <span class='ocrx_word' id='word_1_332' title='bbox 1597 2671 1715 2727; x_wconf 88' lang='lat' dir='ltr'>fidelium</span> <span class='ocrx_word' id='word_1_333' title='bbox 1732 2688 1779 2728; x_wconf 91' lang='lat' dir='ltr'>no-</span> 
     </span>
     <span class='ocr_line' id='line_1_28' title="bbox 137 2760 1778 2835; baseline -0.001 -17"><span class='ocrx_word' id='word_1_334' title='bbox 137 2764 284 2821; x_wconf 88' lang='lat' dir='ltr'>indictione</span> <span class='ocrx_word' id='word_1_335' title='bbox 307 2765 431 2834; x_wconf 85' lang='lat' dir='ltr'>septima.</span> <span class='ocrx_word' id='word_1_336' title='bbox 448 2764 546 2820; x_wconf 78' lang='lat' dir='ltr'>netum</span> <span class='ocrx_word' id='word_1_337' title='bbox 560 2762 724 2835; x_wconf 76' lang='lat' dir='ltr'>aquisgrani</span> <span class='ocrx_word' id='word_1_338' title='bbox 739 2761 838 2833; x_wconf 89' lang='lat' dir='ltr'>palatio</span> <span class='ocrx_word' id='word_1_339' title='bbox 855 2760 928 2833; x_wconf 87' lang='lat' dir='ltr'>regio</span> <span class='ocrx_word' id='word_1_340' title='bbox 979 2768 1100 2816; x_wconf 89' lang='lat' dir='ltr'>strorum</span> <span class='ocrx_word' id='word_1_341' title='bbox 1113 2761 1289 2832; x_wconf 86' lang='lat' dir='ltr'>praesentium</span> <span class='ocrx_word' id='word_1_342' title='bbox 1303 2761 1408 2817; x_wconf 89' lang='lat' dir='ltr'>scilicet</span> <span class='ocrx_word' id='word_1_343' title='bbox 1426 2769 1453 2817; x_wconf 90' lang='lat' dir='ltr'>et</span> <span class='ocrx_word' id='word_1_344' title='bbox 1467 2763 1623 2819; x_wconf 88' lang='lat' dir='ltr'>futurorum</span> <span class='ocrx_word' id='word_1_345' title='bbox 1645 2762 1778 2817; x_wconf 84' lang='lat' dir='ltr'>industria</span> 
     </span>
     <span class='ocr_line' id='line_1_29' title="bbox 137 2851 1780 2924; baseline -0.002 -13"><span class='ocrx_word' id='word_1_346' title='bbox 137 2854 165 2911; x_wconf 89' lang='lat' dir='ltr'>in</span> <span class='ocrx_word' id='word_1_347' title='bbox 178 2855 227 2912; x_wconf 85' lang='lat' dir='ltr'>bei</span> <span class='ocrx_word' id='word_1_348' title='bbox 241 2857 351 2912; x_wconf 89' lang='lat' dir='ltr'>nomine</span> <span class='ocrx_word' id='word_1_349' title='bbox 367 2855 491 2911; x_wconf 86' lang='lat' dir='ltr'>feliciter.</span> <span class='ocrx_word' id='word_1_350' title='bbox 505 2855 602 2910; x_wconf 77' lang='lat' dir='ltr'>brnen.</span> <span class='ocrx_word' id='word_1_351' title='bbox 979 2853 1044 2924; x_wconf 85' lang='lat' dir='ltr'>quia</span> <span class='ocrx_word' id='word_1_352' title='bbox 1058 2852 1172 2908; x_wconf 91' lang='lat' dir='ltr'>dilectus</span> <span class='ocrx_word' id='word_1_353' title='bbox 1187 2851 1257 2907; x_wconf 82' lang='lat' dir='ltr'>filius</span> <span class='ocrx_word' id='word_1_354' title='bbox 1275 2862 1368 2908; x_wconf 90' lang='lat' dir='ltr'>noster</span> <span class='ocrx_word' id='word_1_355' title='bbox 1386 2853 1523 2923; x_wconf 75' lang='lat' dir='ltr'>Augustos</span> <span class='ocrx_word' id='word_1_356' title='bbox 1540 2852 1687 2907; x_wconf 82' lang='lat' dir='ltr'>lotharius</span> <span class='ocrx_word' id='word_1_357' title='bbox 1702 2853 1780 2909; x_wconf 91' lang='lat' dir='ltr'>inno·</span> 
     </span>
     <span class='ocr_line' id='line_1_30' title="bbox 479 2942 1779 3016; baseline -0.002 -15"><span class='ocrx_word' id='word_1_358' title='bbox 479 2945 592 3002; x_wconf 73' lang='lat' dir='ltr'>cxcvi.</span> <span class='ocrx_word' id='word_1_359' title='bbox 979 2945 1033 3000; x_wconf 92' lang='lat' dir='ltr'>tuit</span> <span class='ocrx_word' id='word_1_360' title='bbox 1047 2944 1245 2999; x_wconf 87' lang='lat' dir='ltr'>mansuetudini</span> <span class='ocrx_word' id='word_1_361' title='bbox 1261 2952 1362 3000; x_wconf 80' lang='lat' dir='ltr'>nostrae</span> <span class='ocrx_word' id='word_1_362' title='bbox 1375 2944 1447 3014; x_wconf 82' lang='lat' dir='ltr'>qrrcd</span> <span class='ocrx_word' id='word_1_363' title='bbox 1462 2942 1637 3015; x_wconf 72' lang='lat' dir='ltr'>flodegarius</span> <span class='ocrx_word' id='word_1_364' title='bbox 1654 2943 1779 3016; x_wconf 68' lang='lat' dir='ltr'>analoga-</span> 
     </span>
     <span class='ocr_line' id='line_1_31' title="bbox 336 3036 1781 3108; baseline -0.001 -15"><span class='ocrx_word' id='word_1_365' title='bbox 336 3053 386 3094; x_wconf 84' lang='lat' dir='ltr'>rno</span> <span class='ocrx_word' id='word_1_366' title='bbox 404 3053 571 3093; x_wconf 79' lang='lat' dir='ltr'>uounsrnnro</span> <span class='ocrx_word' id='word_1_367' title='bbox 590 3051 725 3091; x_wconf 85' lang='lat' dir='ltr'>ranrnusr.</span> <span class='ocrx_word' id='word_1_368' title='bbox 981 3037 1074 3093; x_wconf 90' lang='lat' dir='ltr'>vensis</span> <span class='ocrx_word' id='word_1_369' title='bbox 1083 3036 1160 3091; x_wconf 90' lang='lat' dir='ltr'>urbis</span> <span class='ocrx_word' id='word_1_370' title='bbox 1169 3036 1312 3108; x_wconf 89' lang='lat' dir='ltr'>episcopus</span> <span class='ocrx_word' id='word_1_371' title='bbox 1323 3052 1373 3108; x_wconf 90' lang='lat' dir='ltr'>pro</span> <span class='ocrx_word' id='word_1_372' title='bbox 1386 3036 1524 3092; x_wconf 91' lang='lat' dir='ltr'>communi</span> <span class='ocrx_word' id='word_1_373' title='bbox 1539 3036 1655 3091; x_wconf 90' lang='lat' dir='ltr'>utilitate</span> <span class='ocrx_word' id='word_1_374' title='bbox 1667 3047 1694 3090; x_wconf 89' lang='lat' dir='ltr'>ct</span> <span class='ocrx_word' id='word_1_375' title='bbox 1705 3053 1781 3092; x_wconf 92' lang='lat' dir='ltr'>com·</span> 
     </span>
     <span class='ocr_line' id='line_1_32' title="bbox 447 3099 1780 3202; baseline -0.002 -18"><span class='ocrx_word' id='word_1_376' title='bbox 447 3130 533 3200; x_wconf 78' lang='lat' dir='ltr'>(Anno</span> <span class='ocrx_word' id='word_1_377' title='bbox 549 3130 624 3202; x_wconf 71' lang='lat'><strong>829.)</strong></span> <span class='ocrx_word' id='word_1_378' title='bbox 944 3099 967 3162; x_wconf 73' lang='lat' dir='ltr'>C</span> <span class='ocrx_word' id='word_1_379' title='bbox 983 3127 1082 3199; x_wconf 90' lang='lat' dir='ltr'>pendio</span> <span class='ocrx_word' id='word_1_380' title='bbox 1095 3127 1250 3197; x_wconf 87' lang='lat' dir='ltr'>nuperrime</span> <span class='ocrx_word' id='word_1_381' title='bbox 1262 3127 1295 3182; x_wconf 88' lang='lat' dir='ltr'>de</span> <span class='ocrx_word' id='word_1_382' title='bbox 1307 3125 1470 3197; x_wconf 88' lang='lat' dir='ltr'>quibusdam</span> <span class='ocrx_word' id='word_1_383' title='bbox 1484 3126 1627 3196; x_wconf 89' lang='lat' dir='ltr'>mancipiis</span> <span class='ocrx_word' id='word_1_384' title='bbox 1638 3141 1699 3181; x_wconf 90' lang='lat' dir='ltr'>cum</span> <span class='ocrx_word' id='word_1_385' title='bbox 1713 3142 1780 3197; x_wconf 87' lang='lat' dir='ltr'>quo-</span> 
     </span>
    </p>
   </div>
   <div class='ocr_carea' id='block_1_5' title="bbox 137 3218 1869 3293">
    <p class='ocr_par' dir='ltr' id='par_1_5' title="bbox 137 3218 1869 3293">
     <span class='ocr_line' id='line_1_33' title="bbox 137 3218 1869 3293; baseline -0.001 -15"><span class='ocrx_word' id='word_1_386' title='bbox 137 3221 231 3293; x_wconf 78' lang='lat' dir='ltr'>ldpud</span> <span class='ocrx_word' id='word_1_387' title='bbox 252 3221 416 3286; x_wconf 85' lang='lat' dir='ltr'>Cbesnium,</span> <span class='ocrx_word' id='word_1_388' title='bbox 442 3220 538 3292; x_wconf 86' lang='lat' dir='ltr'>Script.</span> <span class='ocrx_word' id='word_1_389' title='bbox 562 3221 624 3274; x_wconf 81' lang='lat' dir='ltr'>fler.</span> <span class='ocrx_word' id='word_1_390' title='bbox 648 3218 766 3288; x_wconf 63' lang='lat' dir='ltr'>Frena,</span> <span class='ocrx_word' id='word_1_391' title='bbox 791 3230 856 3276; x_wconf 91' lang='lat' dir='ltr'>tom.</span> <span class='ocrx_word' id='word_1_392' title='bbox 879 3220 930 3287; x_wconf 87' lang='grc' dir='ltr'>ΙΙΙ,</span> <span class='ocrx_word' id='word_1_393' title='bbox 982 3220 1042 3277; x_wconf 90' lang='lat' dir='ltr'>darn</span> <span class='ocrx_word' id='word_1_394' title='bbox 1072 3220 1182 3275; x_wconf 90' lang='lat' dir='ltr'>bomine</span> <span class='ocrx_word' id='word_1_395' title='bbox 1209 3220 1317 3275; x_wconf 86' lang='lat' dir='ltr'>numine</span> <span class='ocrx_word' id='word_1_396' title='bbox 1344 3219 1513 3276; x_wconf 80' lang='lat' dir='ltr'>winnerado</span> <span class='ocrx_word' id='word_1_397' title='bbox 1540 3221 1781 3276; x_wconf 88' lang='lat' dir='ltr'>commutationem</span> <span class='ocrx_word' id='word_1_398' title='bbox 1868 3285 1869 3290; x_wconf 8' lang='grc' dir='ltr'>η</span> 
     </span>
    </p>
   </div>
   <div class='ocr_carea' id='block_1_6' title="bbox 137 3289 1781 4837">
    <p class='ocr_par' dir='ltr' id='par_1_6' title="bbox 460 3289 1781 3382">
     <span class='ocr_line' id='line_1_34' title="bbox 460 3289 1781 3382; baseline 0.005 -21"><span class='ocrx_word' id='word_1_399' title='bbox 460 3307 521 3376; x_wconf 78' lang='lat' dir='ltr'>pag.</span> <span class='ocrx_word' id='word_1_400' title='bbox 536 3289 611 3364; x_wconf 43' lang='lat'>⁶58}</span> <span class='ocrx_word' id='word_1_401' title='bbox 981 3309 1099 3366; x_wconf 89' lang='lat' dir='ltr'>lecisset.</span> <span class='ocrx_word' id='word_1_402' title='bbox 1115 3310 1193 3365; x_wconf 83' lang='lat' dir='ltr'>Dedit</span> <span class='ocrx_word' id='word_1_403' title='bbox 1208 3311 1290 3382; x_wconf 88' lang='lat' dir='ltr'>igitur</span> <span class='ocrx_word' id='word_1_404' title='bbox 1302 3311 1476 3380; x_wconf 88' lang='lat' dir='ltr'>praescriptus</span> <span class='ocrx_word' id='word_1_405' title='bbox 1490 3310 1529 3365; x_wconf 85' lang='lat' dir='ltr'>vir</span> <span class='ocrx_word' id='word_1_406' title='bbox 1545 3310 1707 3367; x_wconf 89' lang='lat' dir='ltr'>venerabilis</span> <span class='ocrx_word' id='word_1_407' title='bbox 1719 3310 1781 3368; x_wconf 78' lang='lat' dir='ltr'>ilo·</span> 
     </span>
    </p>

    <p class='ocr_par' dir='ltr' id='par_1_7' title="bbox 137 3379 1781 4837">
     <span class='ocr_line' id='line_1_35' title="bbox 174 3379 1781 3474; baseline 0.009 -30"><span class='ocrx_word' id='word_1_408' title='bbox 174 3386 325 3440; x_wconf 67' lang='lat' dir='ltr'>lodovicus</span> <span class='ocrx_word' id='word_1_409' title='bbox 348 3390 376 3439; x_wconf 71' lang='lat' dir='ltr'>el</span> <span class='ocrx_word' id='word_1_410' title='bbox 395 3382 542 3438; x_wconf 49' lang='lat' dir='ltr'>lotharius</span> <span class='ocrx_word' id='word_1_411' title='bbox 566 3382 657 3438; x_wconf 80' lang='lat' dir='ltr'>divina</span> <span class='ocrx_word' id='word_1_412' title='bbox 678 3382 821 3438; x_wconf 63' lang='lat' dir='ltr'>Ordinsssslfl</span> <span class='ocrx_word' id='word_1_413' title='bbox 840 3379 931 3451; x_wconf 89' lang='lat' dir='ltr'>provi·</span> <span class='ocrx_word' id='word_1_414' title='bbox 981 3401 1117 3470; x_wconf 87' lang='lat' dir='ltr'>degarius,</span> <span class='ocrx_word' id='word_1_415' title='bbox 1132 3400 1335 3472; x_wconf 72' lang='lat' dir='ltr'>audegavensis</span> <span class='ocrx_word' id='word_1_416' title='bbox 1350 3401 1426 3456; x_wconf 91' lang='lat' dir='ltr'>urbis</span> <span class='ocrx_word' id='word_1_417' title='bbox 1439 3401 1591 3474; x_wconf 90' lang='lat' dir='ltr'>episcopus,</span> <span class='ocrx_word' id='word_1_418' title='bbox 1606 3403 1717 3473; x_wconf 90' lang='lat' dir='ltr'>paribus</span> <span class='ocrx_word' id='word_1_419' title='bbox 1731 3419 1781 3459; x_wconf 76' lang='lat' dir='ltr'>sce·</span> 
     </span>
     <span class='ocr_line' id='line_1_36' title="bbox 139 3474 1779 3563; baseline 0.01 -28"><span class='ocrx_word' id='word_1_420' title='bbox 139 3478 419 3545; x_wconf 80' lang='lat' dir='ltr'>eenriaimperatores</span> <span class='ocrx_word' id='word_1_421' title='bbox 433 3474 558 3544; x_wconf 72' lang='lat' dir='ltr'>Assssttsll·</span> <span class='ocrx_word' id='word_1_422' title='bbox 980 3493 1081 3563; x_wconf 91' lang='lat' dir='ltr'>pedicti</span> <span class='ocrx_word' id='word_1_423' title='bbox 1104 3493 1263 3548; x_wconf 88' lang='lat' dir='ltr'>Winneradi</span> <span class='ocrx_word' id='word_1_424' title='bbox 1288 3493 1321 3547; x_wconf 94' lang='lat' dir='ltr'>de</span> <span class='ocrx_word' id='word_1_425' title='bbox 1344 3493 1450 3547; x_wconf 87' lang='lat' dir='ltr'>ratione</span> <span class='ocrx_word' id='word_1_426' title='bbox 1474 3493 1595 3548; x_wconf 64' lang='lat' dir='ltr'>ecclesiae</span> <span class='ocrx_word' id='word_1_427' title='bbox 1617 3510 1672 3550; x_wconf 84' lang='lat' dir='ltr'>suae</span> <span class='ocrx_word' id='word_1_428' title='bbox 1693 3495 1779 3551; x_wconf 89' lang='lat' dir='ltr'>sancti</span> 
     </span>
     <span class='ocr_line' id='line_1_37' title="bbox 172 3563 1778 3655; baseline 0.001 -32"><span class='ocrx_word' id='word_1_429' title='bbox 172 3566 238 3623; x_wconf 81' lang='lat' dir='ltr'>Cum</span> <span class='ocrx_word' id='word_1_430' title='bbox 254 3566 321 3622; x_wconf 93' lang='lat' dir='ltr'>locis</span> <span class='ocrx_word' id='word_1_431' title='bbox 334 3565 425 3619; x_wconf 90' lang='lat' dir='ltr'>divino</span> <span class='ocrx_word' id='word_1_432' title='bbox 442 3563 525 3618; x_wconf 91' lang='lat' dir='ltr'>cultui</span> <span class='ocrx_word' id='word_1_433' title='bbox 541 3564 701 3633; x_wconf 91' lang='lat' dir='ltr'>mancipatis</span> <span class='ocrx_word' id='word_1_434' title='bbox 715 3563 866 3634; x_wconf 86' lang='lat' dir='ltr'>largitionis</span> <span class='ocrx_word' id='word_1_435' title='bbox 880 3577 930 3616; x_wconf 92' lang='lat' dir='ltr'>no·</span> <span class='ocrx_word' id='word_1_436' title='bbox 981 3584 1104 3639; x_wconf 58' lang='lat' dir='ltr'>muncip</span> <span class='ocrx_word' id='word_1_437' title='bbox 1123 3586 1156 3639; x_wconf 67' lang='lat' dir='ltr'>de</span> <span class='ocrx_word' id='word_1_438' title='bbox 1173 3584 1235 3640; x_wconf 62' lang='lat' dir='ltr'>vffla</span> <span class='ocrx_word' id='word_1_439' title='bbox 1256 3592 1410 3652; x_wconf 58' lang='lat' dir='ltr'>nuncupata</span> <span class='ocrx_word' id='word_1_440' title='bbox 1427 3582 1643 3649; x_wconf 56' lang='lat' dir='ltr'>chamberliaco,</span> <span class='ocrx_word' id='word_1_441' title='bbox 1663 3586 1690 3638; x_wconf 74' lang='lat' dir='ltr'>jn</span> <span class='ocrx_word' id='word_1_442' title='bbox 1710 3586 1778 3655; x_wconf 59' lang='lat' dir='ltr'>ipsa,</span> 
     </span>
     <span class='ocr_line' id='line_1_38' title="bbox 138 3651 1781 3741; baseline 0.007 -21"><span class='ocrx_word' id='word_1_443' title='bbox 138 3667 201 3714; x_wconf 73' lang='lat' dir='ltr'>slrae</span> <span class='ocrx_word' id='word_1_444' title='bbox 219 3671 331 3711; x_wconf 67' lang='lat' dir='ltr'>munere</span> <span class='ocrx_word' id='word_1_445' title='bbox 344 3653 482 3723; x_wconf 60' lang='lat' dir='ltr'>quidpiam</span> <span class='ocrx_word' id='word_1_446' title='bbox 498 3651 674 3716; x_wconf 63' lang='lat' dir='ltr'>⁰⁰¹¹s⁰fi¹¹¹¹¹⁵2</span> <span class='ocrx_word' id='word_1_447' title='bbox 689 3652 716 3705; x_wconf 63' lang='lat' dir='ltr'>ld</span> <span class='ocrx_word' id='word_1_448' title='bbox 728 3653 806 3705; x_wconf 63' lang='lat' dir='ltr'>¹¹⁰bl⁵</span> <span class='ocrx_word' id='word_1_449' title='bbox 824 3651 858 3704; x_wconf 64' lang='lat' dir='ltr'>ad</span> <span class='ocrx_word' id='word_1_450' title='bbox 873 3660 930 3705; x_wconf 73' lang='lat'>⁸¹³·</span> <span class='ocrx_word' id='word_1_451' title='bbox 981 3688 1044 3728; x_wconf 92' lang='lat' dir='ltr'>cum</span> <span class='ocrx_word' id='word_1_452' title='bbox 1059 3688 1193 3728; x_wconf 90' lang='lat' dir='ltr'>consensu</span> <span class='ocrx_word' id='word_1_453' title='bbox 1209 3672 1306 3735; x_wconf 71' lang='lat' dir='ltr'>bertae,</span> <span class='ocrx_word' id='word_1_454' title='bbox 1322 3687 1382 3741; x_wconf 83' lang='lat' dir='ltr'>quae</span> <span class='ocrx_word' id='word_1_455' title='bbox 1397 3673 1483 3740; x_wconf 90' lang='lat' dir='ltr'>ipsam</span> <span class='ocrx_word' id='word_1_456' title='bbox 1500 3671 1591 3726; x_wconf 91' lang='lat' dir='ltr'>villam</span> <span class='ocrx_word' id='word_1_457' title='bbox 1606 3674 1632 3727; x_wconf 93' lang='lat' dir='ltr'>in</span> <span class='ocrx_word' id='word_1_458' title='bbox 1648 3676 1781 3732; x_wconf 90' lang='lat' dir='ltr'>beneficio</span> 
     </span>
     <span class='ocr_line' id='line_1_39' title="bbox 137 3741 1780 3833; baseline 0.009 -24"><span class='ocrx_word' id='word_1_459' title='bbox 137 3748 269 3803; x_wconf 69' lang='lat' dir='ltr'>bililaleffl</span> <span class='ocrx_word' id='word_1_460' title='bbox 284 3742 389 3812; x_wconf 62' lang='lat' dir='ltr'>imbelli</span> <span class='ocrx_word' id='word_1_461' title='bbox 404 3742 499 3804; x_wconf 65' lang='lat' dir='ltr'>¹¹⁰⁸fflr</span> <span class='ocrx_word' id='word_1_462' title='bbox 514 3749 541 3795; x_wconf 70' lang='lat'>²¹</span> <span class='ocrx_word' id='word_1_463' title='bbox 552 3741 586 3796; x_wconf 65' lang='lat' dir='ltr'>ad</span> <span class='ocrx_word' id='word_1_464' title='bbox 598 3749 707 3795; x_wconf 55' lang='lat' dir='ltr'>‘⁸²⁰¹ssae</span> <span class='ocrx_word' id='word_1_465' title='bbox 719 3741 781 3795; x_wconf 60' lang='lat' dir='ltr'><strong>*⁴5¹ae</strong></span> <span class='ocrx_word' id='word_1_466' title='bbox 791 3741 931 3809; x_wconf 61' lang='lat' dir='ltr'>l&#39;faemium</span> <span class='ocrx_word' id='word_1_467' title='bbox 981 3765 1082 3822; x_wconf 89' lang='lat' dir='ltr'>habere</span> <span class='ocrx_word' id='word_1_468' title='bbox 1093 3765 1210 3830; x_wconf 88' lang='lat' dir='ltr'>videtur,</span> <span class='ocrx_word' id='word_1_469' title='bbox 1220 3766 1385 3833; x_wconf 81' lang='lat' dir='ltr'>mancipium</span> <span class='ocrx_word' id='word_1_470' title='bbox 1397 3765 1506 3820; x_wconf 91' lang='lat' dir='ltr'>nomine</span> <span class='ocrx_word' id='word_1_471' title='bbox 1517 3765 1645 3820; x_wconf 75' lang='lat' dir='ltr'>brodium</span> <span class='ocrx_word' id='word_1_472' title='bbox 1656 3768 1690 3821; x_wconf 88' lang='lat' dir='ltr'>ad</span> <span class='ocrx_word' id='word_1_473' title='bbox 1701 3783 1780 3823; x_wconf 83' lang='lat' dir='ltr'>suunt</span> 
     </span>
     <span class='ocr_line' id='line_1_40' title="bbox 138 3831 1781 3930; baseline 0.002 -39"><span class='ocrx_word' id='word_1_474' title='bbox 138 3832 334 3906; x_wconf 87' lang='lat' dir='ltr'>capessendum</span> <span class='ocrx_word' id='word_1_475' title='bbox 349 3831 521 3901; x_wconf 86' lang='lat' dir='ltr'>profuturum</span> <span class='ocrx_word' id='word_1_476' title='bbox 536 3831 639 3930; x_wconf 79' lang='lat' dir='ltr'>liquido</span> <span class='ocrx_word' id='word_1_477' title='bbox 657 3833 802 3887; x_wconf 87' lang='lat' dir='ltr'>credimus.</span> <span class='ocrx_word' id='word_1_478' title='bbox 815 3831 932 3887; x_wconf 85' lang='lat' dir='ltr'>Proinde</span> <span class='ocrx_word' id='word_1_479' title='bbox 981 3856 1121 3927; x_wconf 54' lang='lat' dir='ltr'>proprium</span> <span class='ocrx_word' id='word_1_480' title='bbox 1136 3855 1300 3910; x_wconf 48' lang='lat' dir='ltr'>habendum,</span> <span class='ocrx_word' id='word_1_481' title='bbox 1320 3844 1353 3909; x_wconf 66' lang='lat' dir='ltr'>gg</span> <span class='ocrx_word' id='word_1_482' title='bbox 1370 3871 1385 3909; x_wconf 68' lang='lat' dir='ltr'>e</span> <span class='ocrx_word' id='word_1_483' title='bbox 1403 3863 1497 3909; x_wconf 60' lang='lat' dir='ltr'><strong>comm</strong></span> <span class='ocrx_word' id='word_1_484' title='bbox 1516 3854 1543 3910; x_wconf 68' lang='lat' dir='ltr'>i„</span> <span class='ocrx_word' id='word_1_485' title='bbox 1561 3859 1781 3926; x_wconf 59' lang='lat' dir='ltr'>compensagom</span> 
     </span>
     <span class='ocr_line' id='line_1_41' title="bbox 139 3923 1780 4015; baseline 0.006 -20"><span class='ocrx_word' id='word_1_486' title='bbox 139 3937 234 3983; x_wconf 67' lang='lat' dir='ltr'><strong>⁰⁰¹⁰OE</strong></span> <span class='ocrx_word' id='word_1_487' title='bbox 253 3941 313 3981; x_wconf 67' lang='lat'>⁰⁵⁸0</span> <span class='ocrx_word' id='word_1_488' title='bbox 333 3924 456 3981; x_wconf 71' lang='lat' dir='ltr'>l0¹¹¹¹¹¹¹¹⁵</span> <span class='ocrx_word' id='word_1_489' title='bbox 476 3925 597 3980; x_wconf 53' lang='grc' dir='ltr'><strong>ΟΜΝΗ)</strong></span> <span class='ocrx_word' id='word_1_490' title='bbox 619 3923 737 3979; x_wconf 62' lang='lat' dir='ltr'>fidelium</span> <span class='ocrx_word' id='word_1_491' title='bbox 759 3933 929 3989; x_wconf 58' lang='lat' dir='ltr'>¹¹⁰⁵is⁰f¹¹¹¹¹r</span> <span class='ocrx_word' id='word_1_492' title='bbox 981 3945 1061 4015; x_wconf 82' lang='lat' dir='ltr'>hujus</span> <span class='ocrx_word' id='word_1_493' title='bbox 1077 3947 1116 4002; x_wconf 87' lang='lat' dir='ltr'>rei</span> <span class='ocrx_word' id='word_1_494' title='bbox 1128 3946 1202 4002; x_wconf 88' lang='lat' dir='ltr'>dedit</span> <span class='ocrx_word' id='word_1_495' title='bbox 1213 3945 1270 4015; x_wconf 85' lang='lat' dir='ltr'>jam</span> <span class='ocrx_word' id='word_1_496' title='bbox 1288 3946 1376 4002; x_wconf 86' lang='lat' dir='ltr'>dictus</span> <span class='ocrx_word' id='word_1_497' title='bbox 1387 3945 1570 4001; x_wconf 77' lang='lat' dir='ltr'>winneradus</span> <span class='ocrx_word' id='word_1_498' title='bbox 1580 3948 1708 4014; x_wconf 87' lang='lat' dir='ltr'>praedicto</span> <span class='ocrx_word' id='word_1_499' title='bbox 1722 3950 1780 4005; x_wconf 91' lang='lat' dir='ltr'>viro</span> 
     </span>
     <span class='ocr_line' id='line_1_42' title="bbox 137 4019 1781 4109; baseline 0 -14"><span class='ocrx_word' id='word_1_500' title='bbox 137 4020 314 4095; x_wconf 64' lang='lat' dir='ltr'>Plaesfmlffln</span> <span class='ocrx_word' id='word_1_501' title='bbox 337 4020 440 4075; x_wconf 57' lang='lat' dir='ltr'>scillcet</span> <span class='ocrx_word' id='word_1_502' title='bbox 459 4029 486 4074; x_wconf 65' lang='lat'>⁰²</span> <span class='ocrx_word' id='word_1_503' title='bbox 508 4020 671 4104; x_wconf 58' lang='lat' dir='ltr'><strong>summum»</strong></span> <span class='ocrx_word' id='word_1_504' title='bbox 694 4020 844 4091; x_wconf 43' lang='lat' dir='ltr'>⁸³8&amp;in</span> <span class='ocrx_word' id='word_1_505' title='bbox 867 4019 932 4090; x_wconf 89' lang='lat' dir='ltr'>quia</span> <span class='ocrx_word' id='word_1_506' title='bbox 981 4037 1129 4093; x_wconf 83' lang='lat' dir='ltr'>venerabili</span> <span class='ocrx_word' id='word_1_507' title='bbox 1142 4036 1439 4109; x_wconf 84' lang='lat' dir='ltr'>Flodegariocpiscnpe</span> <span class='ocrx_word' id='word_1_508' title='bbox 1453 4038 1601 4107; x_wconf 85' lang='lat' dir='ltr'>adportem</span> <span class='ocrx_word' id='word_1_509' title='bbox 1615 4040 1781 4109; x_wconf 71' lang='lat' dir='ltr'>praescriptae</span> 
     </span>
     <span class='ocr_line' id='line_1_43' title="bbox 139 4111 1779 4200; baseline 0.01 -32"><span class='ocrx_word' id='word_1_510' title='bbox 139 4128 189 4170; x_wconf 89' lang='lat' dir='ltr'>nos</span> <span class='ocrx_word' id='word_1_511' title='bbox 203 4127 319 4181; x_wconf 90' lang='lat' dir='ltr'>superno</span> <span class='ocrx_word' id='word_1_512' title='bbox 335 4126 427 4166; x_wconf 91' lang='lat' dir='ltr'>amore</span> <span class='ocrx_word' id='word_1_513' title='bbox 440 4111 557 4178; x_wconf 89' lang='lat' dir='ltr'>accensi,</span> <span class='ocrx_word' id='word_1_514' title='bbox 574 4127 622 4181; x_wconf 93' lang='lat' dir='ltr'>pro</span> <span class='ocrx_word' id='word_1_515' title='bbox 639 4113 757 4167; x_wconf 84' lang='lat' dir='ltr'>remedio</span> <span class='ocrx_word' id='word_1_516' title='bbox 774 4111 868 4167; x_wconf 75' lang='lat' dir='ltr'>animae</span> <span class='ocrx_word' id='word_1_517' title='bbox 884 4127 932 4167; x_wconf 93' lang='lat' dir='ltr'>no-</span> <span class='ocrx_word' id='word_1_518' title='bbox 981 4128 1052 4184; x_wconf 63' lang='lat' dir='ltr'>vfflae</span> <span class='ocrx_word' id='word_1_519' title='bbox 1067 4127 1109 4184; x_wconf 64' lang='lat' dir='ltr'>vel</span> <span class='ocrx_word' id='word_1_520' title='bbox 1123 4128 1237 4183; x_wconf 55' lang='lat' dir='ltr'>dominas</span> <span class='ocrx_word' id='word_1_521' title='bbox 1255 4127 1359 4192; x_wconf 69' lang='lat' dir='ltr'>berem,</span> <span class='ocrx_word' id='word_1_522' title='bbox 1375 4128 1543 4198; x_wconf 73' lang='lat' dir='ltr'>quaerendem</span> <span class='ocrx_word' id='word_1_523' title='bbox 1557 4137 1678 4199; x_wconf 90' lang='lat' dir='ltr'>tempore</span> <span class='ocrx_word' id='word_1_524' title='bbox 1693 4129 1779 4200; x_wconf 88' lang='lat' dir='ltr'>ipsam</span> 
     </span>
     <span class='ocr_line' id='line_1_44' title="bbox 139 4202 1779 4288; baseline 0.006 -29"><span class='ocrx_word' id='word_1_525' title='bbox 139 4212 204 4259; x_wconf 78' lang='lat' dir='ltr'>strae</span> <span class='ocrx_word' id='word_1_526' title='bbox 220 4202 393 4259; x_wconf 89' lang='lat' dir='ltr'>concedimus</span> <span class='ocrx_word' id='word_1_527' title='bbox 410 4203 545 4272; x_wconf 86' lang='lat' dir='ltr'>qrroddam</span> <span class='ocrx_word' id='word_1_528' title='bbox 564 4203 784 4259; x_wconf 84' lang='lat' dir='ltr'>monasteriolum</span> <span class='ocrx_word' id='word_1_529' title='bbox 802 4203 884 4258; x_wconf 91' lang='lat' dir='ltr'>situm</span> <span class='ocrx_word' id='word_1_530' title='bbox 904 4202 932 4258; x_wconf 93' lang='lat' dir='ltr'>in</span> <span class='ocrx_word' id='word_1_531' title='bbox 983 4216 1074 4272; x_wconf 67' lang='lat' dir='ltr'>viltam</span> <span class='ocrx_word' id='word_1_532' title='bbox 1097 4217 1125 4271; x_wconf 66' lang='lat' dir='ltr'>tn</span> <span class='ocrx_word' id='word_1_533' title='bbox 1146 4215 1278 4271; x_wconf 68' lang='lat' dir='ltr'>beneficio</span> <span class='ocrx_word' id='word_1_534' title='bbox 1298 4214 1398 4272; x_wconf 75' lang='lat' dir='ltr'>habere</span> <span class='ocrx_word' id='word_1_535' title='bbox 1410 4216 1528 4282; x_wconf 77' lang='lat' dir='ltr'>videtur,</span> <span class='ocrx_word' id='word_1_536' title='bbox 1542 4217 1575 4273; x_wconf 81' lang='lat' dir='ltr'>de</span> <span class='ocrx_word' id='word_1_537' title='bbox 1596 4219 1707 4288; x_wconf 81' lang='lat' dir='ltr'>proprio</span> <span class='ocrx_word' id='word_1_538' title='bbox 1730 4235 1779 4274; x_wconf 86' lang='lat' dir='ltr'>sno</span> 
     </span>
     <span class='ocr_line' id='line_1_45' title="bbox 140 4295 1779 4377; baseline 0 -26"><span class='ocrx_word' id='word_1_539' title='bbox 140 4295 239 4352; x_wconf 77' lang='lat' dir='ltr'>finibus</span> <span class='ocrx_word' id='word_1_540' title='bbox 251 4295 369 4350; x_wconf 81' lang='lat' dir='ltr'>Teatinae</span> <span class='ocrx_word' id='word_1_541' title='bbox 380 4296 437 4351; x_wconf 91' lang='lat' dir='ltr'>sive</span> <span class='ocrx_word' id='word_1_542' title='bbox 449 4295 595 4360; x_wconf 71' lang='lat' dir='ltr'>incitante,</span> <span class='ocrx_word' id='word_1_543' title='bbox 611 4297 638 4351; x_wconf 91' lang='lat' dir='ltr'>in</span> <span class='ocrx_word' id='word_1_544' title='bbox 652 4296 711 4352; x_wconf 89' lang='lat' dir='ltr'>loco</span> <span class='ocrx_word' id='word_1_545' title='bbox 725 4297 802 4369; x_wconf 87' lang='lat' dir='ltr'>cujus</span> <span class='ocrx_word' id='word_1_546' title='bbox 815 4297 933 4352; x_wconf 85' lang='lat' dir='ltr'>vocabu·</span> <span class='ocrx_word' id='word_1_547' title='bbox 982 4307 1118 4377; x_wconf 61' lang='lat' dir='ltr'>mancipia</span> <span class='ocrx_word' id='word_1_548' title='bbox 1134 4307 1187 4362; x_wconf 76' lang='lat' dir='ltr'>duo</span> <span class='ocrx_word' id='word_1_549' title='bbox 1202 4306 1244 4361; x_wconf 75' lang='lat' dir='ltr'>his</span> <span class='ocrx_word' id='word_1_550' title='bbox 1262 4306 1416 4362; x_wconf 74' lang='lat' dir='ltr'>nominihus</span> <span class='ocrx_word' id='word_1_551' title='bbox 1428 4306 1584 4362; x_wconf 67' lang='lat' dir='ltr'>{restaldum</span> <span class='ocrx_word' id='word_1_552' title='bbox 1600 4315 1628 4362; x_wconf 68' lang='lat' dir='ltr'>et</span> <span class='ocrx_word' id='word_1_553' title='bbox 1642 4308 1779 4364; x_wconf 63' lang='lat' dir='ltr'>Ermenav.</span> 
     </span>
     <span class='ocr_line' id='line_1_46' title="bbox 139 4387 1780 4467; baseline 0.001 -27"><span class='ocrx_word' id='word_1_554' title='bbox 139 4387 196 4442; x_wconf 93' lang='lat' dir='ltr'>lum</span> <span class='ocrx_word' id='word_1_555' title='bbox 210 4396 252 4441; x_wconf 91' lang='lat' dir='ltr'>est</span> <span class='ocrx_word' id='word_1_556' title='bbox 270 4387 389 4451; x_wconf 89' lang='lat' dir='ltr'>Lucana,</span> <span class='ocrx_word' id='word_1_557' title='bbox 406 4394 434 4441; x_wconf 89' lang='lat' dir='ltr'>et</span> <span class='ocrx_word' id='word_1_558' title='bbox 451 4395 636 4441; x_wconf 88' lang='lat' dir='ltr'>constructum</span> <span class='ocrx_word' id='word_1_559' title='bbox 653 4387 680 4441; x_wconf 91' lang='lat' dir='ltr'>in</span> <span class='ocrx_word' id='word_1_560' title='bbox 700 4388 829 4442; x_wconf 83' lang='lat' dir='ltr'>horrorem</span> <span class='ocrx_word' id='word_1_561' title='bbox 843 4388 929 4442; x_wconf 87' lang='lat' dir='ltr'>sancti</span> <span class='ocrx_word' id='word_1_562' title='bbox 983 4398 1057 4453; x_wconf 75' lang='lat' dir='ltr'>dum,</span> <span class='ocrx_word' id='word_1_563' title='bbox 1078 4397 1154 4452; x_wconf 63' lang='lat' dir='ltr'>Unde</span> <span class='ocrx_word' id='word_1_564' title='bbox 1172 4404 1199 4451; x_wconf 68' lang='lat'>01</span> <span class='ocrx_word' id='word_1_565' title='bbox 1214 4397 1281 4452; x_wconf 70' lang='lat' dir='ltr'>duas</span> <span class='ocrx_word' id='word_1_566' title='bbox 1295 4397 1519 4453; x_wconf 64' lang='lat' dir='ltr'>commutaciones</span> <span class='ocrx_word' id='word_1_567' title='bbox 1536 4400 1593 4467; x_wconf 60' lang='lat' dir='ltr'>pari</span> <span class='ocrx_word' id='word_1_568' title='bbox 1609 4409 1703 4456; x_wconf 61' lang='lat' dir='ltr'>reme</span> <span class='ocrx_word' id='word_1_569' title='bbox 1717 4416 1780 4456; x_wconf 92' lang='lat' dir='ltr'>con-</span> 
     </span>
     <span class='ocr_line' id='line_1_47' title="bbox 141 4451 1779 4559; baseline 0.004 -19"><span class='ocrx_word' id='word_1_570' title='bbox 141 4478 272 4549; x_wconf 72' lang='lat' dir='ltr'>Slephtni</span> <span class='ocrx_word' id='word_1_571' title='bbox 295 4480 517 4550; x_wconf 78' lang='lat' dir='ltr'>protomartyris,</span> <span class='ocrx_word' id='word_1_572' title='bbox 541 4480 591 4534; x_wconf 73' lang='lat'>⁵1¹¹)</span> <span class='ocrx_word' id='word_1_573' title='bbox 612 4480 686 4534; x_wconf 71' lang='lat' dir='ltr'>Omni</span> <span class='ocrx_word' id='word_1_574' title='bbox 709 4480 873 4550; x_wconf 62' lang='grc' dir='ltr'>ῑῃῑθεῑῑῑθῑθ,</span> <span class='ocrx_word' id='word_1_575' title='bbox 896 4451 1779 4559; x_wconf 69' lang='lat' dir='ltr'>sdDscriptasmanibusnuebonorumbominummboratasitms</span> 
     </span>
     <span class='ocr_line' id='line_1_48' title="bbox 140 4570 1778 4653; baseline 0.008 -31"><span class='ocrx_word' id='word_1_576' title='bbox 140 4571 331 4624; x_wconf 85' lang='lat' dir='ltr'>monasterium</span> <span class='ocrx_word' id='word_1_577' title='bbox 346 4579 468 4625; x_wconf 85' lang='lat' dir='ltr'>nostrum</span> <span class='ocrx_word' id='word_1_578' title='bbox 480 4579 581 4624; x_wconf 78' lang='lat' dir='ltr'>sancte</span> <span class='ocrx_word' id='word_1_579' title='bbox 590 4570 681 4643; x_wconf 82' lang='lat' dir='ltr'>llariae</span> <span class='ocrx_word' id='word_1_580' title='bbox 692 4587 800 4642; x_wconf 89' lang='lat' dir='ltr'>semper</span> <span class='ocrx_word' id='word_1_581' title='bbox 809 4571 930 4642; x_wconf 87' lang='lat' dir='ltr'>virginis,</span> <span class='ocrx_word' id='word_1_582' title='bbox 984 4595 1039 4651; x_wconf 80' lang='lat' dir='ltr'>prae</span> <span class='ocrx_word' id='word_1_583' title='bbox 1049 4580 1175 4635; x_wconf 81' lang='lat' dir='ltr'>manibus</span> <span class='ocrx_word' id='word_1_584' title='bbox 1186 4580 1431 4651; x_wconf 81' lang='lat' dir='ltr'>habereprofessus</span> <span class='ocrx_word' id='word_1_585' title='bbox 1441 4589 1492 4636; x_wconf 87' lang='lat' dir='ltr'>est.</span> <span class='ocrx_word' id='word_1_586' title='bbox 1505 4579 1558 4636; x_wconf 89' lang='lat' dir='ltr'>Sed</span> <span class='ocrx_word' id='word_1_587' title='bbox 1567 4598 1616 4653; x_wconf 88' lang='lat' dir='ltr'>pro</span> <span class='ocrx_word' id='word_1_588' title='bbox 1624 4583 1728 4653; x_wconf 84' lang='lat' dir='ltr'>integra</span> <span class='ocrx_word' id='word_1_589' title='bbox 1737 4582 1778 4637; x_wconf 86' lang='lat' dir='ltr'>frr·</span> 
     </span>
     <span class='ocr_line' id='line_1_49' title="bbox 140 4661 1778 4744; baseline 0.011 -32"><span class='ocrx_word' id='word_1_590' title='bbox 140 4661 212 4730; x_wconf 89' lang='lat' dir='ltr'>quod</span> <span class='ocrx_word' id='word_1_591' title='bbox 229 4669 270 4715; x_wconf 88' lang='lat' dir='ltr'>est</span> <span class='ocrx_word' id='word_1_592' title='bbox 290 4662 371 4715; x_wconf 86' lang='lat' dir='ltr'>situm</span> <span class='ocrx_word' id='word_1_593' title='bbox 389 4661 416 4716; x_wconf 93' lang='lat' dir='ltr'>in</span> <span class='ocrx_word' id='word_1_594' title='bbox 436 4678 503 4732; x_wconf 86' lang='lat' dir='ltr'>pago</span> <span class='ocrx_word' id='word_1_595' title='bbox 524 4661 676 4729; x_wconf 86' lang='lat' dir='ltr'>Sabincnsi,</span> <span class='ocrx_word' id='word_1_596' title='bbox 697 4665 743 4720; x_wconf 92' lang='lat' dir='ltr'>ubi</span> <span class='ocrx_word' id='word_1_597' title='bbox 761 4665 788 4719; x_wconf 93' lang='lat' dir='ltr'>in</span> <span class='ocrx_word' id='word_1_598' title='bbox 805 4665 932 4735; x_wconf 85' lang='lat' dir='ltr'>praesenti</span> <span class='ocrx_word' id='word_1_599' title='bbox 984 4671 1080 4727; x_wconf 88' lang='lat' dir='ltr'>mitate</span> <span class='ocrx_word' id='word_1_600' title='bbox 1098 4672 1176 4742; x_wconf 92' lang='lat' dir='ltr'>petiit</span> <span class='ocrx_word' id='word_1_601' title='bbox 1194 4681 1222 4726; x_wconf 92' lang='lat' dir='ltr'>ut</span> <span class='ocrx_word' id='word_1_602' title='bbox 1239 4673 1311 4742; x_wconf 90' lang='lat' dir='ltr'>ipsas</span> <span class='ocrx_word' id='word_1_603' title='bbox 1324 4672 1549 4728; x_wconf 88' lang='lat' dir='ltr'>commutationes</span> <span class='ocrx_word' id='word_1_604' title='bbox 1563 4674 1651 4728; x_wconf 89' lang='lat' dir='ltr'>denuo</span> <span class='ocrx_word' id='word_1_605' title='bbox 1667 4689 1716 4744; x_wconf 89' lang='lat' dir='ltr'>per</span> <span class='ocrx_word' id='word_1_606' title='bbox 1733 4691 1778 4730; x_wconf 85' lang='lat' dir='ltr'>no</span> 
     </span>
     <span class='ocr_line' id='line_1_50' title="bbox 141 4750 1779 4837; baseline 0.013 -35"><span class='ocrx_word' id='word_1_607' title='bbox 141 4759 261 4821; x_wconf 89' lang='lat' dir='ltr'>tempore</span> <span class='ocrx_word' id='word_1_608' title='bbox 279 4750 421 4824; x_wconf 88' lang='lat' dir='ltr'>lngoaldus</span> <span class='ocrx_word' id='word_1_609' title='bbox 442 4753 525 4807; x_wconf 88' lang='lat' dir='ltr'>abbas</span> <span class='ocrx_word' id='word_1_610' title='bbox 544 4768 660 4823; x_wconf 83' lang='lat' dir='ltr'>praeesse</span> <span class='ocrx_word' id='word_1_611' title='bbox 679 4754 854 4825; x_wconf 83' lang='lat' dir='ltr'>dignoscitur.</span> <span class='ocrx_word' id='word_1_612' title='bbox 877 4752 933 4809; x_wconf 78' lang='lat' dir='ltr'>llo-</span> <span class='ocrx_word' id='word_1_613' title='bbox 984 4769 1048 4818; x_wconf 81' lang='lat' dir='ltr'>stne</span> <span class='ocrx_word' id='word_1_614' title='bbox 1070 4763 1284 4818; x_wconf 91' lang='lat' dir='ltr'>mansuetudinis</span> <span class='ocrx_word' id='word_1_615' title='bbox 1300 4773 1464 4835; x_wconf 69' lang='lat' dir='ltr'>praeceptum</span> <span class='ocrx_word' id='word_1_616' title='bbox 1485 4765 1591 4834; x_wconf 87' lang='lat' dir='ltr'>plenius</span> <span class='ocrx_word' id='word_1_617' title='bbox 1607 4767 1779 4837; x_wconf 76' lang='lat' dir='ltr'>confirmare·</span> 
     </span>
    </p>
   </div>
   <div class='ocr_carea' id='block_1_7' title="bbox 140 4843 1877 4926">
    <p class='ocr_par' dir='ltr' id='par_1_8' title="bbox 140 4843 1877 4926">
     <span class='ocr_line' id='line_1_51' title="bbox 140 4843 1877 4926; baseline 0.006 -28"><span class='ocrx_word' id='word_1_618' title='bbox 140 4843 315 4899; x_wconf 80' lang='lat' dir='ltr'>trasferiolunn</span> <span class='ocrx_word' id='word_1_619' title='bbox 330 4860 394 4899; x_wconf 86' lang='lat' dir='ltr'>vero</span> <span class='ocrx_word' id='word_1_620' title='bbox 407 4844 589 4913; x_wconf 82' lang='lat' dir='ltr'>supradictum</span> <span class='ocrx_word' id='word_1_621' title='bbox 604 4844 751 4899; x_wconf 84' lang='lat' dir='ltr'>cumomni</span> <span class='ocrx_word' id='word_1_622' title='bbox 766 4843 931 4915; x_wconf 77' lang='lat' dir='ltr'>integritate,</span> <span class='ocrx_word' id='word_1_623' title='bbox 985 4869 1055 4909; x_wconf 87' lang='lat' dir='ltr'>mtts.</span> <span class='ocrx_word' id='word_1_624' title='bbox 1066 4852 1114 4909; x_wconf 75' lang='lat' dir='ltr'>Cui</span> <span class='ocrx_word' id='word_1_625' title='bbox 1128 4854 1251 4924; x_wconf 80' lang='lat' dir='ltr'>petitioni</span> <span class='ocrx_word' id='word_1_626' title='bbox 1267 4856 1398 4926; x_wconf 78' lang='lat' dir='ltr'>denegare</span> <span class='ocrx_word' id='word_1_627' title='bbox 1411 4855 1561 4922; x_wconf 87' lang='lat' dir='ltr'>noluimus;</span> <span class='ocrx_word' id='word_1_628' title='bbox 1577 4857 1623 4912; x_wconf 88' lang='lat' dir='ltr'>sed</span> <span class='ocrx_word' id='word_1_629' title='bbox 1637 4858 1707 4913; x_wconf 85' lang='lat' dir='ltr'>sieut</span> <span class='ocrx_word' id='word_1_630' title='bbox 1721 4860 1779 4914; x_wconf 86' lang='lat' dir='ltr'>uni·</span> <span class='ocrx_word' id='word_1_631' title='bbox 1875 4866 1877 4871; x_wconf 86' lang='lat'>&#39;</span> 
     </span>
    </p>
   </div>
   <div class='ocr_carea' id='block_1_8' title="bbox 137 4934 1778 5749">
    <p class='ocr_par' dir='ltr' id='par_1_9' title="bbox 137 4934 1778 5749">
     <span class='ocr_line' id='line_1_52' title="bbox 140 4934 1778 5018; baseline 0.009 -28"><span class='ocrx_word' id='word_1_632' title='bbox 140 4952 202 4991; x_wconf 91' lang='lat' dir='ltr'>cum</span> <span class='ocrx_word' id='word_1_633' title='bbox 217 4936 351 5003; x_wconf 88' lang='lat' dir='ltr'>ecclesiis,</span> <span class='ocrx_word' id='word_1_634' title='bbox 366 4936 478 5000; x_wconf 91' lang='lat' dir='ltr'>cellulis,</span> <span class='ocrx_word' id='word_1_635' title='bbox 494 4935 650 5000; x_wconf 89' lang='lat' dir='ltr'>territoriis,</span> <span class='ocrx_word' id='word_1_636' title='bbox 665 4934 795 4998; x_wconf 71' lang='lat' dir='ltr'>aedificiis,</span> <span class='ocrx_word' id='word_1_637' title='bbox 812 4934 931 5000; x_wconf 88' lang='lat' dir='ltr'>familiis,</span> <span class='ocrx_word' id='word_1_638' title='bbox 983 4944 1080 5014; x_wconf 76' lang='lat' dir='ltr'>cuique</span> <span class='ocrx_word' id='word_1_639' title='bbox 1099 4943 1216 4999; x_wconf 78' lang='lat' dir='ltr'>fidelium</span> <span class='ocrx_word' id='word_1_640' title='bbox 1237 4955 1391 5000; x_wconf 83' lang='lat' dir='ltr'>nostrorum</span> <span class='ocrx_word' id='word_1_641' title='bbox 1408 4947 1481 5016; x_wconf 87' lang='lat' dir='ltr'>juste</span> <span class='ocrx_word' id='word_1_642' title='bbox 1499 4948 1659 5018; x_wconf 88' lang='lat' dir='ltr'>petentium,</span> <span class='ocrx_word' id='word_1_643' title='bbox 1676 4952 1712 5005; x_wconf 90' lang='lat' dir='ltr'>ita</span> <span class='ocrx_word' id='word_1_644' title='bbox 1727 4966 1778 5006; x_wconf 88' lang='lat' dir='ltr'>nos</span> 
     </span>
     <span class='ocr_line' id='line_1_53' title="bbox 137 5026 1776 5110; baseline 0.006 -29"><span class='ocrx_word' id='word_1_645' title='bbox 137 5026 210 5096; x_wconf 84' lang='lat' dir='ltr'>juste</span> <span class='ocrx_word' id='word_1_646' title='bbox 227 5030 435 5098; x_wconf 79' lang='lat' dir='ltr'>pertinentibus,</span> <span class='ocrx_word' id='word_1_647' title='bbox 455 5028 536 5094; x_wconf 66' lang='lat' dir='ltr'>casis,</span> <span class='ocrx_word' id='word_1_648' title='bbox 555 5026 750 5092; x_wconf 65' lang='lat' dir='ltr'>amassariciis,</span> <span class='ocrx_word' id='word_1_649' title='bbox 774 5026 930 5089; x_wconf 63' lang='lat' dir='ltr'>aldiariciis,</span> <span class='ocrx_word' id='word_1_650' title='bbox 984 5034 1022 5090; x_wconf 89' lang='lat' dir='ltr'>illi</span> <span class='ocrx_word' id='word_1_651' title='bbox 1033 5035 1198 5090; x_wconf 91' lang='lat' dir='ltr'>concessisse</span> <span class='ocrx_word' id='word_1_652' title='bbox 1212 5043 1240 5090; x_wconf 91' lang='lat' dir='ltr'>ct</span> <span class='ocrx_word' id='word_1_653' title='bbox 1250 5036 1426 5093; x_wconf 78' lang='lat' dir='ltr'>confirmasse</span> <span class='ocrx_word' id='word_1_654' title='bbox 1438 5037 1464 5091; x_wconf 91' lang='lat' dir='ltr'>in</span> <span class='ocrx_word' id='word_1_655' title='bbox 1477 5039 1601 5094; x_wconf 90' lang='lat' dir='ltr'>omnibus</span> <span class='ocrx_word' id='word_1_656' title='bbox 1612 5041 1776 5110; x_wconf 87' lang='lat' dir='ltr'>cognoscite.</span> 
     </span>
     <span class='ocr_line' id='line_1_54' title="bbox 141 5119 1777 5202; baseline 0.006 -25"><span class='ocrx_word' id='word_1_657' title='bbox 141 5122 326 5187; x_wconf 88' lang='lat' dir='ltr'>bouillicariis,</span> <span class='ocrx_word' id='word_1_658' title='bbox 343 5122 510 5186; x_wconf 84' lang='lat' dir='ltr'>vaccariciis,</span> <span class='ocrx_word' id='word_1_659' title='bbox 530 5120 641 5192; x_wconf 76' lang='lat' dir='ltr'>Alpibus</span> <span class='ocrx_word' id='word_1_660' title='bbox 659 5120 744 5185; x_wconf 85' lang='lat' dir='ltr'>Gaiis,</span> <span class='ocrx_word' id='word_1_661' title='bbox 760 5119 930 5184; x_wconf 86' lang='lat' dir='ltr'>molendinis,</span> <span class='ocrx_word' id='word_1_662' title='bbox 983 5127 1175 5200; x_wconf 78' lang='lat' dir='ltr'>Praecipientes</span> <span class='ocrx_word' id='word_1_663' title='bbox 1187 5144 1251 5200; x_wconf 82' lang='lat' dir='ltr'>ergo</span> <span class='ocrx_word' id='word_1_664' title='bbox 1264 5129 1390 5200; x_wconf 83' lang='lat' dir='ltr'>jubemus</span> <span class='ocrx_word' id='word_1_665' title='bbox 1403 5138 1432 5184; x_wconf 96' lang='lat' dir='ltr'>ut</span> <span class='ocrx_word' id='word_1_666' title='bbox 1443 5131 1571 5201; x_wconf 86' lang='lat' dir='ltr'>quidquid</span> <span class='ocrx_word' id='word_1_667' title='bbox 1587 5132 1733 5202; x_wconf 86' lang='lat' dir='ltr'>pnrsjuste</span> <span class='ocrx_word' id='word_1_668' title='bbox 1749 5143 1777 5186; x_wconf 87' lang='lat' dir='ltr'>ct</span> 
     </span>
     <span class='ocr_line' id='line_1_55' title="bbox 142 5212 1777 5291; baseline -0.001 -15"><span class='ocrx_word' id='word_1_669' title='bbox 142 5217 227 5286; x_wconf 76' lang='lat' dir='ltr'>touls,</span> <span class='ocrx_word' id='word_1_670' title='bbox 247 5215 416 5278; x_wconf 74' lang='lat' dir='ltr'>decursibus,</span> <span class='ocrx_word' id='word_1_671' title='bbox 436 5215 554 5283; x_wconf 66' lang='lat' dir='ltr'>pascuis,</span> <span class='ocrx_word' id='word_1_672' title='bbox 573 5212 725 5283; x_wconf 69' lang='lat' dir='ltr'>paludibus,</span> <span class='ocrx_word' id='word_1_673' title='bbox 740 5213 783 5269; x_wconf 68' lang='lat' dir='ltr'>tel</span> <span class='ocrx_word' id='word_1_674' title='bbox 803 5212 931 5282; x_wconf 67' lang='lat' dir='ltr'>quidquid</span> <span class='ocrx_word' id='word_1_675' title='bbox 982 5219 1180 5276; x_wconf 87' lang='lat' dir='ltr'>rationabiliter</span> <span class='ocrx_word' id='word_1_676' title='bbox 1190 5220 1267 5275; x_wconf 88' lang='lat' dir='ltr'>alteri</span> <span class='ocrx_word' id='word_1_677' title='bbox 1283 5220 1396 5276; x_wconf 88' lang='lat' dir='ltr'>contulit</span> <span class='ocrx_word' id='word_1_678' title='bbox 1410 5220 1490 5289; x_wconf 87' lang='lat' dir='ltr'>parti,</span> <span class='ocrx_word' id='word_1_679' title='bbox 1506 5220 1632 5291; x_wconf 87' lang='lat' dir='ltr'>deinceps</span> <span class='ocrx_word' id='word_1_680' title='bbox 1644 5237 1694 5291; x_wconf 91' lang='lat' dir='ltr'>per</span> <span class='ocrx_word' id='word_1_681' title='bbox 1707 5222 1777 5276; x_wconf 88' lang='lat' dir='ltr'>banc</span> 
     </span>
     <span class='ocr_line' id='line_1_56' title="bbox 140 5305 1776 5382; baseline 0.001 -17"><span class='ocrx_word' id='word_1_682' title='bbox 140 5310 267 5382; x_wconf 77' lang='lat' dir='ltr'>presenti</span> <span class='ocrx_word' id='word_1_683' title='bbox 286 5317 406 5378; x_wconf 88' lang='lat' dir='ltr'>tempore</span> <span class='ocrx_word' id='word_1_684' title='bbox 423 5305 497 5374; x_wconf 86' lang='lat' dir='ltr'>juste</span> <span class='ocrx_word' id='word_1_685' title='bbox 513 5315 541 5361; x_wconf 90' lang='lat' dir='ltr'>et</span> <span class='ocrx_word' id='word_1_686' title='bbox 555 5306 676 5378; x_wconf 85' lang='lat' dir='ltr'>legaliter</span> <span class='ocrx_word' id='word_1_687' title='bbox 690 5309 825 5378; x_wconf 89' lang='lat' dir='ltr'>pertinere</span> <span class='ocrx_word' id='word_1_688' title='bbox 839 5307 932 5376; x_wconf 90' lang='lat' dir='ltr'>digno·</span> <span class='ocrx_word' id='word_1_689' title='bbox 983 5318 1104 5366; x_wconf 88' lang='lat' dir='ltr'>nostram</span> <span class='ocrx_word' id='word_1_690' title='bbox 1117 5310 1306 5365; x_wconf 89' lang='lat' dir='ltr'>auctoritatem</span> <span class='ocrx_word' id='word_1_691' title='bbox 1328 5307 1387 5378; x_wconf 79' lang='lat' dir='ltr'>jure</span> <span class='ocrx_word' id='word_1_692' title='bbox 1406 5309 1562 5364; x_wconf 89' lang='lat' dir='ltr'>drmissimo</span> <span class='ocrx_word' id='word_1_693' title='bbox 1583 5317 1674 5366; x_wconf 90' lang='lat' dir='ltr'>teneat</span> <span class='ocrx_word' id='word_1_694' title='bbox 1695 5322 1776 5382; x_wconf 88' lang='lat' dir='ltr'>atque</span> 
     </span>
     <span class='ocr_line' id='line_1_57' title="bbox 141 5395 1775 5471; baseline 0.001 -16"><span class='ocrx_word' id='word_1_695' title='bbox 141 5402 237 5463; x_wconf 90' lang='lat' dir='ltr'>scitur,</span> <span class='ocrx_word' id='word_1_696' title='bbox 258 5408 286 5453; x_wconf 91' lang='lat' dir='ltr'>et</span> <span class='ocrx_word' id='word_1_697' title='bbox 306 5395 479 5466; x_wconf 87' lang='lat' dir='ltr'>nostrijuris</span> <span class='ocrx_word' id='word_1_698' title='bbox 501 5405 580 5466; x_wconf 83' lang='lat' dir='ltr'>atque</span> <span class='ocrx_word' id='word_1_699' title='bbox 594 5399 772 5467; x_wconf 88' lang='lat' dir='ltr'>possessionis</span> <span class='ocrx_word' id='word_1_700' title='bbox 794 5395 853 5466; x_wconf 80' lang='lat' dir='ltr'>jure</span> <span class='ocrx_word' id='word_1_701' title='bbox 874 5411 933 5466; x_wconf 82' lang='lat' dir='ltr'>pro</span> <span class='ocrx_word' id='word_1_702' title='bbox 982 5399 1134 5470; x_wconf 89' lang='lat' dir='ltr'>possideat,</span> <span class='ocrx_word' id='word_1_703' title='bbox 1149 5407 1176 5455; x_wconf 90' lang='lat' dir='ltr'>et</span> <span class='ocrx_word' id='word_1_704' title='bbox 1195 5398 1277 5454; x_wconf 85' lang='lat' dir='ltr'>faciat</span> <span class='ocrx_word' id='word_1_705' title='bbox 1296 5399 1393 5453; x_wconf 83' lang='lat' dir='ltr'>exinde</span> <span class='ocrx_word' id='word_1_706' title='bbox 1410 5399 1539 5468; x_wconf 84' lang='lat' dir='ltr'>quidquid</span> <span class='ocrx_word' id='word_1_707' title='bbox 1558 5400 1678 5471; x_wconf 86' lang='lat' dir='ltr'>elegerit.</span> <span class='ocrx_word' id='word_1_708' title='bbox 1696 5401 1729 5456; x_wconf 83' lang='lat' dir='ltr'>tn</span> <span class='ocrx_word' id='word_1_709' title='bbox 1746 5409 1775 5456; x_wconf 92' lang='lat' dir='ltr'>ut</span> 
     </span>
     <span class='ocr_line' id='line_1_58' title="bbox 141 5486 1774 5561; baseline 0.004 -19"><span class='ocrx_word' id='word_1_710' title='bbox 141 5488 263 5559; x_wconf 88' lang='lat' dir='ltr'>prietatis</span> <span class='ocrx_word' id='word_1_711' title='bbox 276 5495 328 5551; x_wconf 90' lang='lat' dir='ltr'>est,</span> <span class='ocrx_word' id='word_1_712' title='bbox 341 5495 426 5542; x_wconf 91' lang='lat' dir='ltr'>totum</span> <span class='ocrx_word' id='word_1_713' title='bbox 439 5493 467 5539; x_wconf 90' lang='lat' dir='ltr'>et</span> <span class='ocrx_word' id='word_1_714' title='bbox 479 5486 513 5539; x_wconf 92' lang='lat' dir='ltr'>ad</span> <span class='ocrx_word' id='word_1_715' title='bbox 525 5486 717 5557; x_wconf 85' lang='lat' dir='ltr'>integritatem,</span> <span class='ocrx_word' id='word_1_716' title='bbox 732 5487 772 5540; x_wconf 91' lang='lat' dir='ltr'>vel</span> <span class='ocrx_word' id='word_1_717' title='bbox 787 5486 933 5555; x_wconf 81' lang='lat' dir='ltr'>inexquisi-</span> <span class='ocrx_word' id='word_1_718' title='bbox 982 5488 1040 5542; x_wconf 81' lang='lat' dir='ltr'>baec</span> <span class='ocrx_word' id='word_1_719' title='bbox 1052 5489 1199 5543; x_wconf 89' lang='lat' dir='ltr'>auctoritas</span> <span class='ocrx_word' id='word_1_720' title='bbox 1213 5498 1306 5542; x_wconf 86' lang='lat' dir='ltr'>nostra</span> <span class='ocrx_word' id='word_1_721' title='bbox 1322 5487 1425 5543; x_wconf 79' lang='lat' dir='ltr'>fumunr</span> <span class='ocrx_word' id='word_1_722' title='bbox 1440 5490 1572 5545; x_wconf 86' lang='lat' dir='ltr'>babentur</span> <span class='ocrx_word' id='word_1_723' title='bbox 1581 5502 1608 5545; x_wconf 89' lang='lat' dir='ltr'>ct</span> <span class='ocrx_word' id='word_1_724' title='bbox 1620 5505 1669 5561; x_wconf 88' lang='lat' dir='ltr'>per</span> <span class='ocrx_word' id='word_1_725' title='bbox 1685 5491 1774 5548; x_wconf 73' lang='lat' dir='ltr'>fertura</span> 
     </span>
     <span class='ocr_line' id='line_1_59' title="bbox 141 5578 1775 5651; baseline 0.002 -17"><span class='ocrx_word' id='word_1_726' title='bbox 141 5589 209 5643; x_wconf 84' lang='lat' dir='ltr'>turn,</span> <span class='ocrx_word' id='word_1_727' title='bbox 231 5581 359 5651; x_wconf 76' lang='lat' dir='ltr'>praedicto</span> <span class='ocrx_word' id='word_1_728' title='bbox 374 5579 538 5634; x_wconf 87' lang='lat' dir='ltr'>monasterio</span> <span class='ocrx_word' id='word_1_729' title='bbox 558 5578 664 5634; x_wconf 68' lang='lat' dir='ltr'>Sanctae</span> <span class='ocrx_word' id='word_1_730' title='bbox 682 5580 771 5634; x_wconf 83' lang='lat' dir='ltr'>llarim</span> <span class='ocrx_word' id='word_1_731' title='bbox 789 5579 930 5640; x_wconf 84' lang='lat' dir='ltr'>tradimus,</span> <span class='ocrx_word' id='word_1_732' title='bbox 983 5589 1102 5647; x_wconf 88' lang='lat' dir='ltr'>tempora</span> <span class='ocrx_word' id='word_1_733' title='bbox 1121 5578 1217 5632; x_wconf 92' lang='lat' dir='ltr'>melius</span> <span class='ocrx_word' id='word_1_734' title='bbox 1235 5588 1421 5642; x_wconf 81' lang='lat' dir='ltr'>conservetur,</span> <span class='ocrx_word' id='word_1_735' title='bbox 1439 5581 1472 5632; x_wconf 87' lang='lat' dir='ltr'>dc</span> <span class='ocrx_word' id='word_1_736' title='bbox 1490 5582 1589 5637; x_wconf 72' lang='lat' dir='ltr'>:vernulo</span> <span class='ocrx_word' id='word_1_737' title='bbox 1605 5591 1697 5638; x_wconf 86' lang='lat' dir='ltr'>nostro</span> <span class='ocrx_word' id='word_1_738' title='bbox 1711 5583 1775 5637; x_wconf 84' lang='lat' dir='ltr'>svb·</span> 
     </span>
     <span class='ocr_line' id='line_1_60' title="bbox 141 5664 1573 5749; baseline -0.001 -23"><span class='ocrx_word' id='word_1_739' title='bbox 141 5680 166 5726; x_wconf 88' lang='lat' dir='ltr'>ct</span> <span class='ocrx_word' id='word_1_740' title='bbox 183 5672 215 5729; x_wconf 88' lang='lat' dir='ltr'>dc</span> <span class='ocrx_word' id='word_1_741' title='bbox 225 5683 317 5749; x_wconf 74' lang='lat' dir='ltr'>nostro</span> <span class='ocrx_word' id='word_1_742' title='bbox 328 5671 386 5740; x_wconf 78' lang='lat' dir='ltr'>jure</span> <span class='ocrx_word' id='word_1_743' title='bbox 401 5668 428 5727; x_wconf 85' lang='lat' dir='ltr'>in</span> <span class='ocrx_word' id='word_1_744' title='bbox 438 5670 482 5738; x_wconf 79' lang='lat' dir='ltr'>jus</span> <span class='ocrx_word' id='word_1_745' title='bbox 496 5681 520 5725; x_wconf 86' lang='lat' dir='ltr'>ct</span> <span class='ocrx_word' id='word_1_746' title='bbox 535 5671 744 5725; x_wconf 77' lang='lat' dir='ltr'>rtoannarionam</span> <span class='ocrx_word' id='word_1_747' title='bbox 759 5670 830 5724; x_wconf 87' lang='lat' dir='ltr'>illius</span> <span class='ocrx_word' id='word_1_748' title='bbox 844 5678 931 5724; x_wconf 87' lang='lat' dir='ltr'>trans·</span> <span class='ocrx_word' id='word_1_749' title='bbox 982 5676 1023 5723; x_wconf 88' lang='lat' dir='ltr'>ter</span> <span class='ocrx_word' id='word_1_750' title='bbox 1040 5669 1149 5735; x_wconf 76' lang='lat' dir='ltr'>sigillari</span> <span class='ocrx_word' id='word_1_751' title='bbox 1167 5669 1302 5734; x_wconf 83' lang='lat' dir='ltr'>iussimus.</span> <span class='ocrx_word' id='word_1_752' title='bbox 1572 5664 1573 5667; x_wconf 61' lang='grc'>’</span> 
     </span>
    </p>
   </div>
   <div class='ocr_carea' id='block_1_9' title="bbox 0 0 1926 6116">
    <p class='ocr_par' dir='ltr' id='par_1_10' title="bbox 0 0 1926 6116">
     <span class='ocr_line' id='line_1_61' title="bbox 0 0 1926 6116; baseline 0 0"><span class='ocrx_word' id='word_1_753' title='bbox 0 0 1926 6116; x_wconf 95' lang='lat' dir='ltr'> </span> 
     </span>
    </p>
   </div>
  </div>
 </body>
</html>
