<?xml version="1.0" encoding="UTF-8"?>
<!DOCTYPE html PUBLIC "-//W3C//DTD XHTML 1.0 Transitional//EN"
    "http://www.w3.org/TR/xhtml1/DTD/xhtml1-transitional.dtd">
<html xmlns="http://www.w3.org/1999/xhtml" xml:lang="en" lang="en">
 <head>
  <title>
</title>
<meta http-equiv="Content-Type" content="text/html;charset=utf-8" />
  <meta name='ocr-system' content='tesseract 3.04.00' />
  <meta name='ocr-capabilities' content='ocr_page ocr_carea ocr_par ocr_line ocrx_word'/>
</head>
<body>
  <div class='ocr_page' id='page_1' title='image "./patrologiaecurs103migngoog_0075.png"; bbox 0 0 3832 6120; ppageno 0'>
   <div class='ocr_carea' id='block_1_1' title="bbox 36 5724 606 5798">
    <p class='ocr_par' dir='ltr' id='par_1_1' title="bbox 36 5724 606 5798">
     <span class='ocr_line' id='line_1_1' title="bbox 36 5724 606 5798; baseline 0.009 -19"><span class='ocrx_word' id='word_1_1' title='bbox 36 5770 42 5779; x_wconf 85' lang='grc'><strong><em>,</em></strong></span> <span class='ocrx_word' id='word_1_2' title='bbox 151 5724 301 5798; x_wconf 62' lang='lat' dir='ltr'><strong>mundum</strong></span> <span class='ocrx_word' id='word_1_3' title='bbox 311 5724 458 5783; x_wconf 85' lang='lat' dir='ltr'><strong>commisso</strong></span> <span class='ocrx_word' id='word_1_4' title='bbox 472 5727 606 5784; x_wconf 84' lang='lat' dir='ltr'><strong>habitant.</strong></span> 
     </span>
    </p>
   </div>
   <div class='ocr_carea' id='block_1_2' title="bbox 152 269 1790 335">
    <p class='ocr_par' dir='ltr' id='par_1_2' title="bbox 152 269 1790 335">
     <span class='ocr_line' id='line_1_2' title="bbox 152 269 1790 335; baseline -0.001 -3"><span class='ocrx_word' id='word_1_5' title='bbox 152 277 202 335; x_wconf 73' lang='grc'><strong>139</strong></span> <span class='ocrx_word' id='word_1_6' title='bbox 646 274 676 331; x_wconf 83' lang='lat' dir='ltr'><strong>S.</strong></span> <span class='ocrx_word' id='word_1_7' title='bbox 695 271 872 332; x_wconf 79' lang='lat' dir='ltr'><strong>tuousuut</strong></span> <span class='ocrx_word' id='word_1_8' title='bbox 891 270 1047 329; x_wconf 76' lang='lat' dir='ltr'><strong>belsebul</strong></span> <span class='ocrx_word' id='word_1_9' title='bbox 1064 269 1310 330; x_wconf 77' lang='lat' dir='ltr'><strong>Luduuuttusts</strong></span> <span class='ocrx_word' id='word_1_10' title='bbox 1698 309 1700 315; x_wconf 92' lang='lat'><em>·</em></span> <span class='ocrx_word' id='word_1_11' title='bbox 1724 269 1790 332; x_wconf 81' lang='lat' dir='ltr'><strong>&#39;tto</strong></span> 
     </span>
    </p>
   </div>
   <div class='ocr_carea' id='block_1_3' title="bbox 143 386 1793 2196">
    <p class='ocr_par' dir='ltr' id='par_1_3' title="bbox 143 386 1793 2196">
     <span class='ocr_line' id='line_1_3' title="bbox 147 386 1793 467; baseline -0.001 -17"><span class='ocrx_word' id='word_1_12' title='bbox 147 393 329 467; x_wconf 70' lang='lat' dir='ltr'><strong>entsageltos</strong></span> <span class='ocrx_word' id='word_1_13' title='bbox 340 392 508 465; x_wconf 74' lang='lat' dir='ltr'><strong>provideant.</strong></span> <span class='ocrx_word' id='word_1_14' title='bbox 520 391 627 463; x_wconf 83' lang='lat' dir='ltr'><strong>iitquia</strong></span> <span class='ocrx_word' id='word_1_15' title='bbox 639 390 717 457; x_wconf 84' lang='lat' dir='ltr'><strong>teies,</strong></span> <span class='ocrx_word' id='word_1_16' title='bbox 728 391 762 447; x_wconf 88' lang='lat' dir='ltr'><strong>de</strong></span> <span class='ocrx_word' id='word_1_17' title='bbox 772 389 872 460; x_wconf 88' lang='lat' dir='ltr'><strong>quibus</strong></span> <span class='ocrx_word' id='word_1_18' title='bbox 881 386 1063 457; x_wconf 56' lang='lat' dir='ltr'><strong>lucetque,</strong></span> <span class='ocrx_word' id='word_1_19' title='bbox 1085 387 1177 444; x_wconf 87' lang='lat' dir='ltr'><strong>dicem</strong></span> <span class='ocrx_word' id='word_1_20' title='bbox 1198 406 1204 441; x_wconf 93' lang='lat'>:</span> <span class='ocrx_word' id='word_1_21' title='bbox 1223 387 1287 444; x_wconf 83' lang='lat' dir='ltr'><strong>lime</strong></span> <span class='ocrx_word' id='word_1_22' title='bbox 1308 387 1380 443; x_wconf 88' lang='lat' dir='ltr'><strong>dicta</strong></span> <span class='ocrx_word' id='word_1_23' title='bbox 1405 397 1469 444; x_wconf 91' lang='lat' dir='ltr'><strong>sunt</strong></span> <span class='ocrx_word' id='word_1_24' title='bbox 1491 390 1526 445; x_wconf 91' lang='lat' dir='ltr'><strong>de</strong></span> <span class='ocrx_word' id='word_1_25' title='bbox 1550 389 1644 447; x_wconf 88' lang='lat' dir='ltr'><strong>decem</strong></span> <span class='ocrx_word' id='word_1_26' title='bbox 1665 393 1793 449; x_wconf 81' lang='lat' dir='ltr'>tribubus</span> 
     </span>
     <span class='ocr_line' id='line_1_4' title="bbox 146 472 1792 556; baseline -0.005 -6"><span class='ocrx_word' id='word_1_27' title='bbox 146 489 271 556; x_wconf 76' lang='lat' dir='ltr'><strong>uenus.</strong></span> <span class='ocrx_word' id='word_1_28' title='bbox 291 491 379 547; x_wconf 87' lang='lat' dir='ltr'><strong>bonos</strong></span> <span class='ocrx_word' id='word_1_29' title='bbox 403 489 560 546; x_wconf 82' lang='lat' dir='ltr'><strong>secerdotes</strong></span> <span class='ocrx_word' id='word_1_30' title='bbox 576 488 604 543; x_wconf 92' lang='lat' dir='ltr'><strong>in</strong></span> <span class='ocrx_word' id='word_1_31' title='bbox 624 485 752 544; x_wconf 76' lang='lat' dir='ltr'>domibus</span> <span class='ocrx_word' id='word_1_32' title='bbox 770 485 827 541; x_wconf 87' lang='lat' dir='ltr'><strong>suis</strong></span> <span class='ocrx_word' id='word_1_33' title='bbox 840 484 942 540; x_wconf 84' lang='lat' dir='ltr'><strong>babere</strong></span> <span class='ocrx_word' id='word_1_34' title='bbox 993 476 1086 543; x_wconf 82' lang='lat' dir='ltr'><strong>israel,</strong></span> <span class='ocrx_word' id='word_1_35' title='bbox 1104 493 1165 548; x_wconf 72' lang='lat' dir='ltr'><strong>quse</strong></span> <span class='ocrx_word' id='word_1_36' title='bbox 1178 493 1228 550; x_wconf 91' lang='lat' dir='ltr'><strong>per</strong></span> <span class='ocrx_word' id='word_1_37' title='bbox 1239 472 1403 535; x_wconf 78' lang='lat' dir='ltr'>Hieroboam</span> <span class='ocrx_word' id='word_1_38' title='bbox 1418 490 1591 538; x_wconf 86' lang='lat' dir='ltr'><strong>recesserunt</strong></span> <span class='ocrx_word' id='word_1_39' title='bbox 1612 499 1627 538; x_wconf 80' lang='lat' dir='ltr'>a</span> <span class='ocrx_word' id='word_1_40' title='bbox 1646 485 1729 541; x_wconf 89' lang='lat' dir='ltr'><strong>domo</strong></span> <span class='ocrx_word' id='word_1_41' title='bbox 1741 487 1792 541; x_wconf 82' lang='lat' dir='ltr'><strong>iia-</strong></span> 
     </span>
     <span class='ocr_line' id='line_1_5' title="bbox 146 567 1792 652; baseline 0.003 -27"><span class='ocrx_word' id='word_1_42' title='bbox 146 567 202 637; x_wconf 67' lang='lat' dir='ltr'><strong>m</strong></span> <span class='ocrx_word' id='word_1_43' title='bbox 214 587 328 651; x_wconf 61' lang='lat' dir='ltr'><strong>possunt</strong></span> <span class='ocrx_word' id='word_1_44' title='bbox 342 579 416 650; x_wconf 70' lang='lat' dir='ltr'><strong>(nam</strong></span> <span class='ocrx_word' id='word_1_45' title='bbox 429 580 491 652; x_wconf 69' lang='lat' dir='ltr'><strong>quis</strong></span> <span class='ocrx_word' id='word_1_46' title='bbox 504 588 577 636; x_wconf 62' lang='lat' dir='ltr'><strong>esset</strong></span> <span class='ocrx_word' id='word_1_47' title='bbox 590 578 677 634; x_wconf 74' lang='lat' dir='ltr'><strong>bonus</strong></span> <span class='ocrx_word' id='word_1_48' title='bbox 691 577 806 633; x_wconf 57' lang='lat' dir='ltr'><strong>cleptem</strong></span> <span class='ocrx_word' id='word_1_49' title='bbox 821 575 867 647; x_wconf 79' lang='lat' dir='ltr'><strong>qui</strong></span> <span class='ocrx_word' id='word_1_50' title='bbox 880 589 942 631; x_wconf 78' lang='lat' dir='ltr'><strong>enm</strong></span> <span class='ocrx_word' id='word_1_51' title='bbox 993 567 1050 634; x_wconf 83' lang='lat' dir='ltr'><strong>rid,</strong></span> <span class='ocrx_word' id='word_1_52' title='bbox 1062 575 1091 624; x_wconf 86' lang='lat' dir='ltr'><strong>et</strong></span> <span class='ocrx_word' id='word_1_53' title='bbox 1099 568 1209 624; x_wconf 88' lang='lat' dir='ltr'><strong>civitate</strong></span> <span class='ocrx_word' id='word_1_54' title='bbox 1221 576 1325 634; x_wconf 86' lang='lat' dir='ltr'><strong>sancte,</strong></span> <span class='ocrx_word' id='word_1_55' title='bbox 1334 583 1367 624; x_wconf 84' lang='lat' dir='ltr'><strong>sc</strong></span> <span class='ocrx_word' id='word_1_56' title='bbox 1378 569 1479 640; x_wconf 89' lang='lat' dir='ltr'><strong>templo</strong></span> <span class='ocrx_word' id='word_1_57' title='bbox 1498 578 1527 625; x_wconf 90' lang='lat' dir='ltr'><strong>ct</strong></span> <span class='ocrx_word' id='word_1_58' title='bbox 1540 571 1630 639; x_wconf 76' lang='lat' dir='ltr'><strong>alteri,</strong></span> <span class='ocrx_word' id='word_1_59' title='bbox 1644 574 1701 629; x_wconf 83' lang='lat' dir='ltr'><strong>site</strong></span> <span class='ocrx_word' id='word_1_60' title='bbox 1711 576 1792 630; x_wconf 81' lang='lat' dir='ltr'><strong>mirsi-</strong></span> 
     </span>
     <span class='ocr_line' id='line_1_6' title="bbox 146 659 1793 734; baseline 0 -8"><span class='ocrx_word' id='word_1_61' title='bbox 146 668 249 726; x_wconf 84' lang='lat' dir='ltr'><strong>lelibus</strong></span> <span class='ocrx_word' id='word_1_62' title='bbox 267 668 424 725; x_wconf 84' lang='lat' dir='ltr'><strong>bominibus</strong></span> <span class='ocrx_word' id='word_1_63' title='bbox 436 667 610 725; x_wconf 81' lang='lat' dir='ltr'><strong>dehonestari</strong></span> <span class='ocrx_word' id='word_1_64' title='bbox 625 681 724 722; x_wconf 89' lang='lat' dir='ltr'><strong>nomen</strong></span> <span class='ocrx_word' id='word_1_65' title='bbox 733 674 761 723; x_wconf 90' lang='lat' dir='ltr'><strong>et</strong></span> <span class='ocrx_word' id='word_1_66' title='bbox 770 666 854 721; x_wconf 80' lang='lat' dir='ltr'><strong>uitam</strong></span> <span class='ocrx_word' id='word_1_67' title='bbox 865 679 943 721; x_wconf 78' lang='lat' dir='ltr'><strong>mem</strong></span> <span class='ocrx_word' id='word_1_68' title='bbox 993 660 1077 716; x_wconf 86' lang='lat' dir='ltr'><strong>sterio</strong></span> <span class='ocrx_word' id='word_1_69' title='bbox 1098 659 1246 716; x_wconf 90' lang='lat' dir='ltr'><strong>electorum</strong></span> <span class='ocrx_word' id='word_1_70' title='bbox 1271 660 1461 728; x_wconf 66' lang='lat' dir='ltr'><strong>secerdotum</strong></span> <span class='ocrx_word' id='word_1_71' title='bbox 1482 671 1509 717; x_wconf 91' lang='lat' dir='ltr'><strong>et</strong></span> <span class='ocrx_word' id='word_1_72' title='bbox 1530 670 1675 734; x_wconf 85' lang='lat' dir='ltr'><strong>propterea</strong></span> <span class='ocrx_word' id='word_1_73' title='bbox 1690 663 1793 726; x_wconf 89' lang='lat' dir='ltr'><strong>debent</strong></span> 
     </span>
     <span class='ocr_line' id='line_1_7' title="bbox 146 748 1791 831; baseline 0 -17"><span class='ocrx_word' id='word_1_74' title='bbox 146 757 272 831; x_wconf 83' lang='lat' dir='ltr'><strong>ierretl),</strong></span> <span class='ocrx_word' id='word_1_75' title='bbox 286 774 341 816; x_wconf 89' lang='lat' dir='ltr'><strong>non</strong></span> <span class='ocrx_word' id='word_1_76' title='bbox 361 766 460 815; x_wconf 90' lang='lat' dir='ltr'><strong>curant</strong></span> <span class='ocrx_word' id='word_1_77' title='bbox 472 759 584 816; x_wconf 87' lang='lat' dir='ltr'><strong>omnino</strong></span> <span class='ocrx_word' id='word_1_78' title='bbox 597 757 693 829; x_wconf 87' lang='lat' dir='ltr'><strong>quales</strong></span> <span class='ocrx_word' id='word_1_79' title='bbox 711 756 804 814; x_wconf 89' lang='lat' dir='ltr'><strong>clerici</strong></span> <span class='ocrx_word' id='word_1_80' title='bbox 819 753 857 810; x_wconf 91' lang='lat' dir='ltr'><strong>illi</strong></span> <span class='ocrx_word' id='word_1_81' title='bbox 876 754 942 820; x_wconf 89' lang='lat' dir='ltr'><strong>sint,</strong></span> <span class='ocrx_word' id='word_1_82' title='bbox 992 748 1027 805; x_wconf 86' lang='lat' dir='ltr'><strong>dc</strong></span> <span class='ocrx_word' id='word_1_83' title='bbox 1041 749 1175 805; x_wconf 86' lang='lat' dir='ltr'><strong>baereticis</strong></span> <span class='ocrx_word' id='word_1_84' title='bbox 1191 749 1315 821; x_wconf 77' lang='lat' dir='ltr'><strong>intelligi,</strong></span> <span class='ocrx_word' id='word_1_85' title='bbox 1331 750 1379 821; x_wconf 93' lang='lat' dir='ltr'><strong>qni</strong></span> <span class='ocrx_word' id='word_1_86' title='bbox 1395 752 1551 807; x_wconf 80' lang='lat' dir='ltr'><strong>recedente</strong></span> <span class='ocrx_word' id='word_1_87' title='bbox 1564 754 1622 809; x_wconf 79' lang='lat' dir='ltr'><strong>teri</strong></span> <span class='ocrx_word' id='word_1_88' title='bbox 1642 755 1723 812; x_wconf 91' lang='lat' dir='ltr'><strong>domo</strong></span> <span class='ocrx_word' id='word_1_89' title='bbox 1736 757 1791 814; x_wconf 80' lang='lat' dir='ltr'><strong>ila-</strong></span> 
     </span>
     <span class='ocr_line' id='line_1_8' title="bbox 145 837 1791 923; baseline -0.002 -15"><span class='ocrx_word' id='word_1_90' title='bbox 145 857 248 921; x_wconf 81' lang='lat' dir='ltr'><strong>quante</strong></span> <span class='ocrx_word' id='word_1_91' title='bbox 261 851 415 923; x_wconf 83' lang='lat' dir='ltr'><strong>ignorantia</strong></span> <span class='ocrx_word' id='word_1_92' title='bbox 429 850 506 916; x_wconf 84' lang='lat' dir='ltr'><strong>eaeci,</strong></span> <span class='ocrx_word' id='word_1_93' title='bbox 520 849 629 919; x_wconf 88' lang='lat' dir='ltr'><strong>quantis</strong></span> <span class='ocrx_word' id='word_1_94' title='bbox 641 847 801 905; x_wconf 82' lang='lat' dir='ltr'><strong>criminibus</strong></span> <span class='ocrx_word' id='word_1_95' title='bbox 815 845 941 913; x_wconf 76' lang='lat' dir='ltr'><strong>involuti3</strong></span> <span class='ocrx_word' id='word_1_96' title='bbox 993 838 1048 904; x_wconf 67' lang='lat' dir='ltr'><strong>lid,</strong></span> <span class='ocrx_word' id='word_1_97' title='bbox 1069 838 1097 893; x_wconf 74' lang='lat' dir='ltr'><strong>ill</strong></span> <span class='ocrx_word' id='word_1_98' title='bbox 1115 846 1157 895; x_wconf 70' lang='lat' dir='ltr'><strong>esi</strong></span> <span class='ocrx_word' id='word_1_99' title='bbox 1176 837 1289 904; x_wconf 76' lang='lat' dir='ltr'><strong>Christi,</strong></span> <span class='ocrx_word' id='word_1_100' title='bbox 1308 846 1336 893; x_wconf 83' lang='lat' dir='ltr'><strong>et</strong></span> <span class='ocrx_word' id='word_1_101' title='bbox 1357 854 1373 893; x_wconf 91' lang='lat' dir='ltr'><strong>a</strong></span> <span class='ocrx_word' id='word_1_102' title='bbox 1391 842 1581 898; x_wconf 89' lang='lat' dir='ltr'><strong>communione</strong></span> <span class='ocrx_word' id='word_1_103' title='bbox 1602 843 1644 900; x_wconf 80' lang='lat' dir='ltr'><strong>tei</strong></span> <span class='ocrx_word' id='word_1_104' title='bbox 1665 845 1791 905; x_wconf 83' lang='lat' dir='ltr'><strong>doctrina</strong></span> 
     </span>
     <span class='ocr_line' id='line_1_9' title="bbox 147 929 1793 1013; baseline -0.003 -13"><span class='ocrx_word' id='word_1_105' title='bbox 147 949 251 1001; x_wconf 75' lang='lat' dir='ltr'><strong>tantm</strong></span> <span class='ocrx_word' id='word_1_106' title='bbox 271 949 303 998; x_wconf 87' lang='lat' dir='ltr'><strong>ot</strong></span> <span class='ocrx_word' id='word_1_107' title='bbox 325 943 444 998; x_wconf 77' lang='lat' dir='ltr'><strong>babeant</strong></span> <span class='ocrx_word' id='word_1_108' title='bbox 465 942 640 1013; x_wconf 86' lang='lat' dir='ltr'><strong>presbyteros</strong></span> <span class='ocrx_word' id='word_1_109' title='bbox 663 940 804 1010; x_wconf 86' lang='lat' dir='ltr'><strong>pmprios,</strong></span> <span class='ocrx_word' id='word_1_110' title='bbox 826 953 943 1010; x_wconf 85' lang='lat' dir='ltr'><strong>qnorum</strong></span> <span class='ocrx_word' id='word_1_111' title='bbox 993 930 1165 985; x_wconf 68' lang='lat' dir='ltr'><strong>sacerdotum</strong></span> <span class='ocrx_word' id='word_1_112' title='bbox 1180 929 1387 986; x_wconf 84' lang='lat' dir='ltr'><strong>catholicorum.</strong></span> <span class='ocrx_word' id='word_1_113' title='bbox 1403 930 1458 987; x_wconf 78' lang='lat' dir='ltr'><strong>lios</strong></span> <span class='ocrx_word' id='word_1_114' title='bbox 1478 933 1512 989; x_wconf 86' lang='lat' dir='ltr'><strong>ab</strong></span> <span class='ocrx_word' id='word_1_115' title='bbox 1529 931 1650 991; x_wconf 74' lang='lat' dir='ltr'><strong>Ecclesia</strong></span> <span class='ocrx_word' id='word_1_116' title='bbox 1673 953 1727 994; x_wconf 91' lang='lat' dir='ltr'><strong>non</strong></span> <span class='ocrx_word' id='word_1_117' title='bbox 1749 957 1793 996; x_wconf 76' lang='lat' dir='ltr'><strong>re</strong></span> 
     </span>
     <span class='ocr_line' id='line_1_10' title="bbox 145 1023 1792 1101; baseline -0.001 -9"><span class='ocrx_word' id='word_1_118' title='bbox 145 1036 289 1092; x_wconf 72' lang='lat' dir='ltr'><strong>occasione</strong></span> <span class='ocrx_word' id='word_1_119' title='bbox 303 1036 430 1092; x_wconf 87' lang='lat' dir='ltr'><strong>deserant</strong></span> <span class='ocrx_word' id='word_1_120' title='bbox 444 1034 587 1101; x_wconf 87' lang='lat' dir='ltr'><strong>ecclesias,</strong></span> <span class='ocrx_word' id='word_1_121' title='bbox 609 1034 624 1076; x_wconf 66' lang='lat' dir='ltr'><strong>i</strong></span> <span class='ocrx_word' id='word_1_122' title='bbox 648 1035 782 1100; x_wconf 82' lang='lat' dir='ltr'><strong>seniores,</strong></span> <span class='ocrx_word' id='word_1_123' title='bbox 803 1040 831 1088; x_wconf 91' lang='lat' dir='ltr'><strong>et</strong></span> <span class='ocrx_word' id='word_1_124' title='bbox 855 1032 943 1089; x_wconf 83' lang='lat' dir='ltr'><strong>odicin</strong></span> <span class='ocrx_word' id='word_1_125' title='bbox 992 1023 1125 1089; x_wconf 56' lang='lat' dir='ltr'><strong>cedimus»</strong></span> <span class='ocrx_word' id='word_1_126' title='bbox 1148 1038 1200 1080; x_wconf 79' lang='lat' dir='ltr'><strong>nec</strong></span> <span class='ocrx_word' id='word_1_127' title='bbox 1223 1024 1376 1095; x_wconf 76' lang='lat' dir='ltr'><strong>spernimus</strong></span> <span class='ocrx_word' id='word_1_128' title='bbox 1399 1026 1409 1065; x_wconf 79' lang='lat'><em>¹</em></span> <span class='ocrx_word' id='word_1_129' title='bbox 1433 1026 1555 1083; x_wconf 87' lang='lat' dir='ltr'><strong>nutrices</strong></span> <span class='ocrx_word' id='word_1_130' title='bbox 1577 1029 1723 1098; x_wconf 73' lang='lat' dir='ltr'><strong>ecclesias,</strong></span> <span class='ocrx_word' id='word_1_131' title='bbox 1743 1034 1792 1090; x_wconf 88' lang='lat' dir='ltr'><strong>sed</strong></span> 
     </span>
     <span class='ocr_line' id='line_1_11' title="bbox 145 1113 1790 1197; baseline 0.007 -28"><span class='ocrx_word' id='word_1_132' title='bbox 145 1126 264 1197; x_wconf 59' lang='lat' dir='ltr'><strong>miliia.</strong></span> <span class='ocrx_word' id='word_1_133' title='bbox 279 1125 357 1194; x_wconf 75' lang='lat' dir='ltr'><strong>Quod</strong></span> <span class='ocrx_word' id='word_1_134' title='bbox 371 1135 462 1181; x_wconf 69' lang='lat' dir='ltr'><strong>amem</strong></span> <span class='ocrx_word' id='word_1_135' title='bbox 474 1139 527 1181; x_wconf 76' lang='lat' dir='ltr'><strong>non</strong></span> <span class='ocrx_word' id='word_1_136' title='bbox 540 1123 659 1182; x_wconf 67' lang='lat' dir='ltr'><strong>habeant</strong></span> <span class='ocrx_word' id='word_1_137' title='bbox 680 1139 728 1180; x_wconf 70' lang='grc' dir='ltr'><strong>ως</strong></span> <span class='ocrx_word' id='word_1_138' title='bbox 749 1131 860 1194; x_wconf 67' lang='lat' dir='ltr'><strong>propter</strong></span> <span class='ocrx_word' id='word_1_139' title='bbox 880 1123 944 1180; x_wconf 69' lang='lat' dir='ltr'><strong>peli-</strong></span> <span class='ocrx_word' id='word_1_140' title='bbox 992 1113 1124 1170; x_wconf 74' lang='lat' dir='ltr'><strong>hebemus</strong></span> <span class='ocrx_word' id='word_1_141' title='bbox 1140 1115 1296 1171; x_wconf 67' lang='lat' dir='ltr'><strong>Saoel&#39;doies</strong></span> <span class='ocrx_word' id='word_1_142' title='bbox 1305 1116 1399 1187; x_wconf 66' lang='grc' dir='ltr'>(11131θῦ</span> <span class='ocrx_word' id='word_1_143' title='bbox 1409 1130 1564 1187; x_wconf 73' lang='lat' dir='ltr'><strong>postumus.</strong></span> <span class='ocrx_word' id='word_1_144' title='bbox 1577 1116 1790 1194; x_wconf 71' lang='lat' dir='ltr'><strong>Considei&#39;eiqlli</strong></span> 
     </span>
     <span class='ocr_line' id='line_1_12' title="bbox 146 1203 1792 1289; baseline 0 -19"><span class='ocrx_word' id='word_1_145' title='bbox 146 1215 385 1289; x_wconf 79' lang='lat' dir='ltr'><strong>gionisltonorem,</strong></span> <span class='ocrx_word' id='word_1_146' title='bbox 398 1222 512 1286; x_wconf 81' lang='lat' dir='ltr'><strong>apparet</strong></span> <span class='ocrx_word' id='word_1_147' title='bbox 524 1229 558 1269; x_wconf 81' lang='lat' dir='ltr'><strong>ex</strong></span> <span class='ocrx_word' id='word_1_148' title='bbox 568 1215 621 1269; x_wconf 91' lang='lat' dir='ltr'><strong>boc</strong></span> <span class='ocrx_word' id='word_1_149' title='bbox 631 1213 704 1285; x_wconf 88' lang='lat' dir='ltr'><strong>quod</strong></span> <span class='ocrx_word' id='word_1_150' title='bbox 712 1228 768 1268; x_wconf 93' lang='lat' dir='ltr'><strong>non</strong></span> <span class='ocrx_word' id='word_1_151' title='bbox 782 1214 883 1269; x_wconf 80' lang='lat' dir='ltr'><strong>nobem</strong></span> <span class='ocrx_word' id='word_1_152' title='bbox 896 1228 943 1270; x_wconf 83' lang='lat' dir='ltr'><strong>eos</strong></span> <span class='ocrx_word' id='word_1_153' title='bbox 993 1203 1051 1260; x_wconf 76' lang='lat' dir='ltr'><strong>boto</strong></span> <span class='ocrx_word' id='word_1_154' title='bbox 1063 1204 1129 1261; x_wconf 85' lang='lat' dir='ltr'><strong>dicit</strong></span> <span class='ocrx_word' id='word_1_155' title='bbox 1138 1206 1247 1276; x_wconf 77' lang='lat' dir='ltr'><strong>(quantis</strong></span> <span class='ocrx_word' id='word_1_156' title='bbox 1260 1206 1349 1262; x_wconf 87' lang='lat' dir='ltr'><strong>modis</strong></span> <span class='ocrx_word' id='word_1_157' title='bbox 1359 1208 1496 1264; x_wconf 89' lang='lat' dir='ltr'><strong>receditur</strong></span> <span class='ocrx_word' id='word_1_158' title='bbox 1510 1224 1526 1264; x_wconf 89' lang='lat' dir='ltr'><strong>a</strong></span> <span class='ocrx_word' id='word_1_159' title='bbox 1542 1209 1624 1266; x_wconf 88' lang='lat' dir='ltr'><strong>domo</strong></span> <span class='ocrx_word' id='word_1_160' title='bbox 1635 1222 1663 1268; x_wconf 87' lang='lat' dir='ltr'><strong>et</strong></span> <span class='ocrx_word' id='word_1_161' title='bbox 1677 1229 1792 1287; x_wconf 86' lang='lat' dir='ltr'><strong>corpore</strong></span> 
     </span>
     <span class='ocr_line' id='line_1_13' title="bbox 145 1295 1791 1377; baseline -0.002 -10"><span class='ocrx_word' id='word_1_162' title='bbox 145 1307 175 1367; x_wconf 79' lang='lat' dir='ltr'><strong>is</strong></span> <span class='ocrx_word' id='word_1_163' title='bbox 194 1310 307 1366; x_wconf 87' lang='lat' dir='ltr'><strong>bonore.</strong></span> <span class='ocrx_word' id='word_1_164' title='bbox 330 1308 408 1366; x_wconf 80' lang='lat' dir='ltr'><strong>ilnde</strong></span> <span class='ocrx_word' id='word_1_165' title='bbox 430 1315 458 1364; x_wconf 88' lang='lat' dir='ltr'><strong>et</strong></span> <span class='ocrx_word' id='word_1_166' title='bbox 476 1306 670 1364; x_wconf 76' lang='lat' dir='ltr'><strong>contumeliose</strong></span> <span class='ocrx_word' id='word_1_167' title='bbox 692 1319 741 1362; x_wconf 89' lang='lat' dir='ltr'><strong>eos</strong></span> <span class='ocrx_word' id='word_1_168' title='bbox 760 1305 942 1372; x_wconf 86' lang='lat' dir='ltr'><strong>nominantes,</strong></span> <span class='ocrx_word' id='word_1_169' title='bbox 992 1295 1087 1363; x_wconf 71' lang='lat' dir='ltr'><strong>Dtvldt</strong></span> <span class='ocrx_word' id='word_1_170' title='bbox 1105 1305 1133 1351; x_wconf 91' lang='lat' dir='ltr'><strong>et</strong></span> <span class='ocrx_word' id='word_1_171' title='bbox 1147 1296 1268 1353; x_wconf 80' lang='lat' dir='ltr'><strong>inveniet</strong></span> <span class='ocrx_word' id='word_1_172' title='bbox 1285 1298 1380 1368; x_wconf 90' lang='lat' dir='ltr'><strong>procui</strong></span> <span class='ocrx_word' id='word_1_173' title='bbox 1401 1300 1483 1356; x_wconf 74' lang='lat' dir='ltr'><strong>dubio</strong></span> <span class='ocrx_word' id='word_1_174' title='bbox 1504 1302 1582 1357; x_wconf 81' lang='lat' dir='ltr'><strong>ratde</strong></span> <span class='ocrx_word' id='word_1_175' title='bbox 1595 1318 1748 1377; x_wconf 80' lang='lat' dir='ltr'><strong>congerere</strong></span> <span class='ocrx_word' id='word_1_176' title='bbox 1763 1309 1791 1364; x_wconf 91' lang='lat' dir='ltr'><strong>in</strong></span> 
     </span>
     <span class='ocr_line' id='line_1_14' title="bbox 145 1384 1792 1473; baseline 0.005 -28"><span class='ocrx_word' id='word_1_177' title='bbox 145 1401 254 1473; x_wconf 62' lang='lat' dir='ltr'><strong>mdo</strong></span> <span class='ocrx_word' id='word_1_178' title='bbox 267 1400 360 1456; x_wconf 75' lang='lat' dir='ltr'><strong>volum</strong></span> <span class='ocrx_word' id='word_1_179' title='bbox 377 1399 437 1456; x_wconf 68' lang='lat' dir='ltr'><strong>iilos</strong></span> <span class='ocrx_word' id='word_1_180' title='bbox 450 1398 572 1455; x_wconf 61' lang='lat' dir='ltr'><strong>ominari</strong></span> <span class='ocrx_word' id='word_1_181' title='bbox 584 1398 770 1469; x_wconf 64' lang='lat' dir='ltr'><strong>presbyteros,</strong></span> <span class='ocrx_word' id='word_1_182' title='bbox 783 1404 880 1466; x_wconf 70' lang='lat' dir='ltr'><strong>rogant</strong></span> <span class='ocrx_word' id='word_1_183' title='bbox 893 1412 943 1452; x_wconf 74' lang='lat' dir='ltr'><strong>nos</strong></span> <span class='ocrx_word' id='word_1_184' title='bbox 992 1384 1044 1440; x_wconf 80' lang='lat' dir='ltr'><strong>hae</strong></span> <span class='ocrx_word' id='word_1_185' title='bbox 1056 1399 1088 1440; x_wconf 76' lang='lat'><strong>1¹0</strong></span> <span class='ocrx_word' id='word_1_186' title='bbox 1100 1386 1227 1442; x_wconf 81' lang='lat' dir='ltr'><strong>omuibus</strong></span> <span class='ocrx_word' id='word_1_187' title='bbox 1239 1387 1423 1458; x_wconf 66' lang='lat' dir='ltr'><strong>improbabilis</strong></span> <span class='ocrx_word' id='word_1_188' title='bbox 1433 1389 1522 1458; x_wconf 85' lang='lat' dir='ltr'><strong>luctis,</strong></span> <span class='ocrx_word' id='word_1_189' title='bbox 1543 1392 1615 1448; x_wconf 78' lang='lat' dir='ltr'><strong>sicui</strong></span> <span class='ocrx_word' id='word_1_190' title='bbox 1625 1403 1653 1450; x_wconf 75' lang='lat' dir='ltr'><strong>ei</strong></span> <span class='ocrx_word' id='word_1_191' title='bbox 1667 1397 1792 1454; x_wconf 65' lang='lat' dir='ltr'><strong>doctores</strong></span> 
     </span>
     <span class='ocr_line' id='line_1_15' title="bbox 145 1475 1791 1561; baseline 0.007 -28"><span class='ocrx_word' id='word_1_192' title='bbox 145 1500 194 1549; x_wconf 64' lang='lat' dir='ltr'><strong>issi</strong></span> <span class='ocrx_word' id='word_1_193' title='bbox 212 1491 320 1561; x_wconf 60' lang='lat' dir='ltr'><strong>jubent,</strong></span> <span class='ocrx_word' id='word_1_194' title='bbox 344 1490 467 1546; x_wconf 68' lang='lat' dir='ltr'><strong>(iioeiiiffl</strong></span> <span class='ocrx_word' id='word_1_195' title='bbox 491 1507 498 1543; x_wconf 70' lang='grc' dir='ltr'><strong>ς</strong></span> <span class='ocrx_word' id='word_1_196' title='bbox 525 1486 619 1544; x_wconf 66' lang='lat' dir='ltr'><strong>Habeo</strong></span> <span class='ocrx_word' id='word_1_197' title='bbox 646 1503 730 1543; x_wconf 79' lang='lat' dir='ltr'><strong>uuum</strong></span> <span class='ocrx_word' id='word_1_198' title='bbox 753 1486 941 1555; x_wconf 58' lang='lat' dir='ltr'><strong>clericionem,</strong></span> <span class='ocrx_word' id='word_1_199' title='bbox 992 1475 1079 1531; x_wconf 72' lang='lat' dir='ltr'><strong>iiosli&#39;i</strong></span> <span class='ocrx_word' id='word_1_200' title='bbox 1092 1485 1246 1532; x_wconf 71' lang='grc' dir='ltr'>81111801ΰῦ1.</span> <span class='ocrx_word' id='word_1_201' title='bbox 1260 1476 1420 1549; x_wconf 72' lang='lat' dir='ltr'><strong>Quanquam</strong></span> <span class='ocrx_word' id='word_1_202' title='bbox 1434 1491 1498 1537; x_wconf 80' lang='lat' dir='ltr'><strong>sunl</strong></span> <span class='ocrx_word' id='word_1_203' title='bbox 1515 1483 1576 1539; x_wconf 69' lang='lat' dir='ltr'><strong>dliae</strong></span> <span class='ocrx_word' id='word_1_204' title='bbox 1587 1484 1686 1542; x_wconf 72' lang='lat' dir='ltr'><strong>divium</strong></span> <span class='ocrx_word' id='word_1_205' title='bbox 1698 1498 1791 1545; x_wconf 79' lang='lat' dir='ltr'><strong>auclo-</strong></span> 
     </span>
     <span class='ocr_line' id='line_1_16' title="bbox 145 1567 1791 1652; baseline 0.011 -34"><span class='ocrx_word' id='word_1_206' title='bbox 145 1594 227 1652; x_wconf 62' lang='grc' dir='ltr'><strong>Μ</strong></span> <span class='ocrx_word' id='word_1_207' title='bbox 239 1579 307 1635; x_wconf 75' lang='lat' dir='ltr'><strong>mqg</strong></span> <span class='ocrx_word' id='word_1_208' title='bbox 320 1577 421 1634; x_wconf 56' lang='lat' dir='ltr'><strong>„agripp</strong></span> <span class='ocrx_word' id='word_1_209' title='bbox 438 1580 473 1635; x_wconf 67' lang='lat' dir='ltr'><strong>ge</strong></span> <span class='ocrx_word' id='word_1_210' title='bbox 485 1577 571 1635; x_wconf 61' lang='lat' dir='ltr'><strong>,mes</strong></span> <span class='ocrx_word' id='word_1_211' title='bbox 585 1576 654 1632; x_wconf 64' lang='lat' dir='ltr'><strong>mgis</strong></span> <span class='ocrx_word' id='word_1_212' title='bbox 667 1577 795 1649; x_wconf 58' lang='lat' dir='ltr'><strong>propriis,</strong></span> <span class='ocrx_word' id='word_1_213' title='bbox 811 1587 882 1633; x_wconf 59' lang='lat' dir='ltr'><strong>auge</strong></span> <span class='ocrx_word' id='word_1_214' title='bbox 898 1578 944 1633; x_wconf 89' lang='lat' dir='ltr'><strong>bc-</strong></span> <span class='ocrx_word' id='word_1_215' title='bbox 993 1567 1082 1623; x_wconf 85' lang='lat' dir='ltr'><strong>ritstis</strong></span> <span class='ocrx_word' id='word_1_216' title='bbox 1091 1567 1183 1623; x_wconf 80' lang='lat' dir='ltr'><strong>multe</strong></span> <span class='ocrx_word' id='word_1_217' title='bbox 1192 1569 1343 1635; x_wconf 75' lang='lat' dir='ltr'><strong>sententie,</strong></span> <span class='ocrx_word' id='word_1_218' title='bbox 1356 1571 1383 1625; x_wconf 87' lang='lat' dir='ltr'><strong>io</strong></span> <span class='ocrx_word' id='word_1_219' title='bbox 1394 1572 1492 1641; x_wconf 88' lang='lat' dir='ltr'><strong>quibus</strong></span> <span class='ocrx_word' id='word_1_220' title='bbox 1503 1574 1562 1631; x_wconf 88' lang='lat' dir='ltr'><strong>sine</strong></span> <span class='ocrx_word' id='word_1_221' title='bbox 1573 1579 1791 1635; x_wconf 72' lang='lat' dir='ltr'><strong>contradictione</strong></span> 
     </span>
     <span class='ocr_line' id='line_1_17' title="bbox 144 1660 1792 1740; baseline 0.013 -33"><span class='ocrx_word' id='word_1_222' title='bbox 144 1667 324 1734; x_wconf 54' lang='lat' dir='ltr'><strong>mesappus,</strong></span> <span class='ocrx_word' id='word_1_223' title='bbox 343 1668 401 1724; x_wconf 59' lang='lat' dir='ltr'><strong>give</strong></span> <span class='ocrx_word' id='word_1_224' title='bbox 420 1666 435 1708; x_wconf 83' lang='lat' dir='ltr'><strong>s</strong></span> <span class='ocrx_word' id='word_1_225' title='bbox 454 1666 633 1740; x_wconf 52' lang='lat' dir='ltr'><strong>pagensem„</strong></span> <span class='ocrx_word' id='word_1_226' title='bbox 659 1674 707 1721; x_wconf 64' lang='lat' dir='ltr'><strong>aue</strong></span> <span class='ocrx_word' id='word_1_227' title='bbox 724 1666 829 1722; x_wconf 66' lang='lat' dir='ltr'><strong>optinui</strong></span> <span class='ocrx_word' id='word_1_228' title='bbox 844 1667 879 1723; x_wconf 72' lang='lat' dir='ltr'><strong>ab</strong></span> <span class='ocrx_word' id='word_1_229' title='bbox 896 1667 943 1722; x_wconf 63' lang='grc' dir='ltr'><strong>ιιι.)</strong></span> <span class='ocrx_word' id='word_1_230' title='bbox 994 1660 1138 1715; x_wconf 88' lang='lat' dir='ltr'><strong>temeratio</strong></span> <span class='ocrx_word' id='word_1_231' title='bbox 1151 1667 1233 1716; x_wconf 76' lang='lat' dir='ltr'><strong>tantm</strong></span> <span class='ocrx_word' id='word_1_232' title='bbox 1252 1662 1406 1719; x_wconf 80' lang='lat' dir='ltr'><strong>sanctitatis</strong></span> <span class='ocrx_word' id='word_1_233' title='bbox 1427 1666 1560 1736; x_wconf 77' lang='lat' dir='ltr'><strong>arguitur.</strong></span> <span class='ocrx_word' id='word_1_234' title='bbox 1576 1667 1654 1725; x_wconf 87' lang='lat' dir='ltr'><strong>Sicut</strong></span> <span class='ocrx_word' id='word_1_235' title='bbox 1666 1679 1709 1727; x_wconf 93' lang='lat' dir='ltr'><strong>est</strong></span> <span class='ocrx_word' id='word_1_236' title='bbox 1725 1672 1792 1730; x_wconf 88' lang='lat' dir='ltr'><strong>iilud</strong></span> 
     </span>
     <span class='ocr_line' id='line_1_18' title="bbox 143 1742 1792 1829; baseline 0.003 -13"><span class='ocrx_word' id='word_1_237' title='bbox 143 1759 189 1817; x_wconf 83' lang='lat' dir='ltr'><strong>rel</strong></span> <span class='ocrx_word' id='word_1_238' title='bbox 209 1759 256 1815; x_wconf 88' lang='lat' dir='ltr'><strong>illo</strong></span> <span class='ocrx_word' id='word_1_239' title='bbox 269 1758 388 1826; x_wconf 87' lang='lat' dir='ltr'><strong>bomine,</strong></span> <span class='ocrx_word' id='word_1_240' title='bbox 404 1758 462 1814; x_wconf 89' lang='lat' dir='ltr'><strong>sire</strong></span> <span class='ocrx_word' id='word_1_241' title='bbox 485 1758 519 1813; x_wconf 92' lang='lat' dir='ltr'><strong>de</strong></span> <span class='ocrx_word' id='word_1_242' title='bbox 538 1758 584 1814; x_wconf 90' lang='lat' dir='ltr'><strong>illo</strong></span> <span class='ocrx_word' id='word_1_243' title='bbox 598 1757 640 1813; x_wconf 81' lang='lat' dir='ltr'><strong>rel</strong></span> <span class='ocrx_word' id='word_1_244' title='bbox 659 1757 705 1814; x_wconf 94' lang='lat' dir='ltr'><strong>illo</strong></span> <span class='ocrx_word' id='word_1_245' title='bbox 726 1772 807 1829; x_wconf 87' lang='lat' dir='ltr'><strong>pago.</strong></span> <span class='ocrx_word' id='word_1_246' title='bbox 825 1757 890 1814; x_wconf 85' lang='lat' dir='ltr'><strong>llolo</strong></span> <span class='ocrx_word' id='word_1_247' title='bbox 913 1766 944 1814; x_wconf 90' lang='lat' dir='ltr'><strong>ut</strong></span> <span class='ocrx_word' id='word_1_248' title='bbox 956 1742 981 1806; x_wconf 87' lang='grc' dir='ltr'><strong><em>Β</em></strong></span> <span class='ocrx_word' id='word_1_249' title='bbox 995 1753 1133 1811; x_wconf 74' lang='lat' dir='ltr'><strong>boscum</strong></span> <span class='ocrx_word' id='word_1_250' title='bbox 1156 1756 1295 1826; x_wconf 77' lang='lat' dir='ltr'><strong>prophetes</strong></span> <span class='ocrx_word' id='word_1_251' title='bbox 1320 1755 1350 1824; x_wconf 87' lang='grc' dir='ltr'><strong>(ι,</strong></span> <span class='ocrx_word' id='word_1_252' title='bbox 1367 1756 1396 1827; x_wconf 89' lang='lat'><strong>8)</strong></span> <span class='ocrx_word' id='word_1_253' title='bbox 1415 1773 1421 1811; x_wconf 78' lang='grc' dir='ltr'><strong>ι</strong></span> <span class='ocrx_word' id='word_1_254' title='bbox 1443 1756 1473 1814; x_wconf 80' lang='lat' dir='ltr'><strong>Si</strong></span> <span class='ocrx_word' id='word_1_255' title='bbox 1494 1760 1611 1829; x_wconf 67' lang='lat' dir='ltr'><strong>offeratis</strong></span> <span class='ocrx_word' id='word_1_256' title='bbox 1633 1779 1732 1819; x_wconf 80' lang='lat' dir='ltr'><strong>cecum</strong></span> <span class='ocrx_word' id='word_1_257' title='bbox 1755 1768 1792 1821; x_wconf 81' lang='lat' dir='ltr'><strong>etl</strong></span> 
     </span>
     <span class='ocr_line' id='line_1_19' title="bbox 144 1845 1792 1923; baseline 0.002 -17"><span class='ocrx_word' id='word_1_258' title='bbox 144 1847 256 1907; x_wconf 82' lang='lat' dir='ltr'><strong>ordines</strong></span> <span class='ocrx_word' id='word_1_259' title='bbox 268 1862 330 1905; x_wconf 84' lang='lat' dir='ltr'><strong>eum</strong></span> <span class='ocrx_word' id='word_1_260' title='bbox 346 1847 412 1904; x_wconf 83' lang='lat' dir='ltr'><strong>milti</strong></span> <span class='ocrx_word' id='word_1_261' title='bbox 423 1848 623 1919; x_wconf 77' lang='lat' dir='ltr'><strong>presbyterum.</strong></span> <span class='ocrx_word' id='word_1_262' title='bbox 637 1846 760 1919; x_wconf 82' lang='lat' dir='ltr'><strong>Cumque</strong></span> <span class='ocrx_word' id='word_1_263' title='bbox 774 1845 877 1903; x_wconf 74' lang='lat' dir='ltr'><strong>laomim</strong></span> <span class='ocrx_word' id='word_1_264' title='bbox 889 1846 946 1904; x_wconf 85' lang='lat' dir='ltr'><strong>lue·</strong></span> <span class='ocrx_word' id='word_1_265' title='bbox 992 1845 1194 1912; x_wconf 75' lang='lat' dir='ltr'><strong>immolandum,</strong></span> <span class='ocrx_word' id='word_1_266' title='bbox 1208 1863 1295 1901; x_wconf 84' lang='lat' dir='ltr'><strong>nouus</strong></span> <span class='ocrx_word' id='word_1_267' title='bbox 1313 1847 1413 1902; x_wconf 84' lang='lat' dir='ltr'><strong>muium</strong></span> <span class='ocrx_word' id='word_1_268' title='bbox 1433 1850 1491 1904; x_wconf 80' lang='lat' dir='ltr'><strong>est?</strong></span> <span class='ocrx_word' id='word_1_269' title='bbox 1502 1860 1527 1904; x_wconf 90' lang='lat' dir='ltr'><strong>et</strong></span> <span class='ocrx_word' id='word_1_270' title='bbox 1548 1852 1572 1906; x_wconf 75' lang='grc' dir='ltr'><strong>ιι</strong></span> <span class='ocrx_word' id='word_1_271' title='bbox 1585 1853 1704 1923; x_wconf 70' lang='lat' dir='ltr'><strong>offeretis</strong></span> <span class='ocrx_word' id='word_1_272' title='bbox 1717 1854 1792 1910; x_wconf 79' lang='lat' dir='ltr'><strong>clou-</strong></span> 
     </span>
     <span class='ocr_line' id='line_1_20' title="bbox 144 1936 1791 2014; baseline 0.007 -21"><span class='ocrx_word' id='word_1_273' title='bbox 144 1937 192 2002; x_wconf 86' lang='lat' dir='ltr'><strong>rit,</strong></span> <span class='ocrx_word' id='word_1_274' title='bbox 211 1945 310 2010; x_wconf 81' lang='lat' dir='ltr'><strong>pulsnt</strong></span> <span class='ocrx_word' id='word_1_275' title='bbox 327 1952 361 1993; x_wconf 87' lang='lat' dir='ltr'><strong>ex</strong></span> <span class='ocrx_word' id='word_1_276' title='bbox 381 1939 433 1993; x_wconf 88' lang='lat' dir='ltr'><strong>boc</strong></span> <span class='ocrx_word' id='word_1_277' title='bbox 448 1937 521 2008; x_wconf 91' lang='lat' dir='ltr'><strong>qnod</strong></span> <span class='ocrx_word' id='word_1_278' title='bbox 542 1936 681 2006; x_wconf 80' lang='lat' dir='ltr'><strong>⁸majoris</strong></span> <span class='ocrx_word' id='word_1_279' title='bbox 698 1937 804 1993; x_wconf 88' lang='lat' dir='ltr'><strong>ordinis</strong></span> <span class='ocrx_word' id='word_1_280' title='bbox 818 1938 945 1993; x_wconf 77' lang='lat' dir='ltr'><strong>sacerdo·</strong></span> <span class='ocrx_word' id='word_1_281' title='bbox 994 1938 1057 1993; x_wconf 89' lang='lat' dir='ltr'><strong>dum</strong></span> <span class='ocrx_word' id='word_1_282' title='bbox 1070 1948 1094 1993; x_wconf 89' lang='lat' dir='ltr'><strong>et</strong></span> <span class='ocrx_word' id='word_1_283' title='bbox 1107 1938 1270 2011; x_wconf 79' lang='lat' dir='ltr'><strong>languidum,</strong></span> <span class='ocrx_word' id='word_1_284' title='bbox 1288 1957 1374 1996; x_wconf 84' lang='lat' dir='ltr'><strong>nonne</strong></span> <span class='ocrx_word' id='word_1_285' title='bbox 1390 1941 1491 1997; x_wconf 84' lang='lat' dir='ltr'><strong>muium</strong></span> <span class='ocrx_word' id='word_1_286' title='bbox 1507 1945 1565 1998; x_wconf 83' lang='lat' dir='ltr'><strong>est?</strong></span> <span class='ocrx_word' id='word_1_287' title='bbox 1578 1945 1644 2014; x_wconf 78' lang='lat' dir='ltr'><strong>Qum</strong></span> <span class='ocrx_word' id='word_1_288' title='bbox 1656 1949 1791 2005; x_wconf 89' lang='lat' dir='ltr'><strong>sententia</strong></span> 
     </span>
     <span class='ocr_line' id='line_1_21' title="bbox 145 2024 1793 2108; baseline 0.005 -22"><span class='ocrx_word' id='word_1_289' title='bbox 145 2035 190 2086; x_wconf 59' lang='grc' dir='ltr'><strong>ει</strong></span> <span class='ocrx_word' id='word_1_290' title='bbox 202 2044 258 2091; x_wconf 83' lang='grc' dir='ltr'><strong>ιιι</strong></span> <span class='ocrx_word' id='word_1_291' title='bbox 272 2028 313 2085; x_wconf 86' lang='lat' dir='ltr'><strong>eis</strong></span> <span class='ocrx_word' id='word_1_292' title='bbox 328 2029 384 2084; x_wconf 91' lang='lat' dir='ltr'><strong>sint</strong></span> <span class='ocrx_word' id='word_1_293' title='bbox 394 2026 552 2092; x_wconf 86' lang='lat' dir='ltr'><strong>necessarii,</strong></span> <span class='ocrx_word' id='word_1_294' title='bbox 571 2032 600 2081; x_wconf 91' lang='lat' dir='ltr'><strong>et</strong></span> <span class='ocrx_word' id='word_1_295' title='bbox 613 2025 804 2096; x_wconf 88' lang='lat' dir='ltr'><strong>derelinquunt</strong></span> <span class='ocrx_word' id='word_1_296' title='bbox 815 2024 943 2098; x_wconf 79' lang='lat' dir='ltr'><strong>trequen-</strong></span> <span class='ocrx_word' id='word_1_297' title='bbox 993 2036 1085 2100; x_wconf 86' lang='lat' dir='ltr'><strong>potest</strong></span> <span class='ocrx_word' id='word_1_298' title='bbox 1096 2029 1205 2100; x_wconf 89' lang='lat' dir='ltr'><strong>quidem</strong></span> <span class='ocrx_word' id='word_1_299' title='bbox 1226 2037 1254 2087; x_wconf 89' lang='lat' dir='ltr'><strong>el</strong></span> <span class='ocrx_word' id='word_1_300' title='bbox 1271 2029 1306 2087; x_wconf 90' lang='lat' dir='ltr'><strong>de</strong></span> <span class='ocrx_word' id='word_1_301' title='bbox 1318 2030 1414 2087; x_wconf 80' lang='lat' dir='ltr'><strong>hostiis</strong></span> <span class='ocrx_word' id='word_1_302' title='bbox 1431 2032 1586 2090; x_wconf 78' lang='lat' dir='ltr'><strong>carnalibus</strong></span> <span class='ocrx_word' id='word_1_303' title='bbox 1608 2037 1650 2091; x_wconf 82' lang='lat' dir='ltr'><strong>vel</strong></span> <span class='ocrx_word' id='word_1_304' title='bbox 1664 2037 1793 2108; x_wconf 87' lang='lat' dir='ltr'><strong>spiritali-</strong></span> 
     </span>
     <span class='ocr_line' id='line_1_22' title="bbox 145 2117 1792 2196; baseline 0.002 -16"><span class='ocrx_word' id='word_1_305' title='bbox 145 2133 190 2182; x_wconf 88' lang='lat' dir='ltr'><strong>ter</strong></span> <span class='ocrx_word' id='word_1_306' title='bbox 203 2124 312 2195; x_wconf 80' lang='lat' dir='ltr'><strong>pubiics</strong></span> <span class='ocrx_word' id='word_1_307' title='bbox 334 2121 422 2178; x_wconf 82' lang='lat' dir='ltr'><strong>ollicie</strong></span> <span class='ocrx_word' id='word_1_308' title='bbox 443 2129 472 2177; x_wconf 90' lang='lat' dir='ltr'><strong>et</strong></span> <span class='ocrx_word' id='word_1_309' title='bbox 494 2119 727 2192; x_wconf 76' lang='lat' dir='ltr'><strong>predicamenta;</strong></span> <span class='ocrx_word' id='word_1_310' title='bbox 751 2117 944 2190; x_wconf 77' lang='lat' dir='ltr'><strong>impletumque</strong></span> <span class='ocrx_word' id='word_1_311' title='bbox 993 2117 1045 2175; x_wconf 88' lang='lat' dir='ltr'><strong>ltus</strong></span> <span class='ocrx_word' id='word_1_312' title='bbox 1057 2119 1212 2190; x_wconf 74' lang='lat' dir='ltr'><strong>specialiter</strong></span> <span class='ocrx_word' id='word_1_313' title='bbox 1222 2121 1321 2190; x_wconf 81' lang='lat' dir='ltr'><strong>accipi,</strong></span> <span class='ocrx_word' id='word_1_314' title='bbox 1336 2120 1496 2193; x_wconf 76' lang='lat' dir='ltr'><strong>intelligitur</strong></span> <span class='ocrx_word' id='word_1_315' title='bbox 1508 2130 1600 2180; x_wconf 76' lang='lat' dir='ltr'><strong>umen</strong></span> <span class='ocrx_word' id='word_1_316' title='bbox 1613 2127 1792 2196; x_wconf 86' lang='lat' dir='ltr'><strong>pmbubilitcr</strong></span> 
     </span>
    </p>
   </div>
   <div class='ocr_carea' id='block_1_4' title="bbox 143 2207 1907 2291">
    <p class='ocr_par' dir='ltr' id='par_1_4' title="bbox 143 2207 1907 2291">
     <span class='ocr_line' id='line_1_23' title="bbox 143 2207 1907 2291; baseline 0 -17"><span class='ocrx_word' id='word_1_317' title='bbox 143 2223 188 2274; x_wconf 85' lang='lat' dir='ltr'><strong>est</strong></span> <span class='ocrx_word' id='word_1_318' title='bbox 199 2216 282 2272; x_wconf 86' lang='lat' dir='ltr'><strong>etism</strong></span> <span class='ocrx_word' id='word_1_319' title='bbox 296 2214 324 2270; x_wconf 90' lang='lat' dir='ltr'><strong>ln</strong></span> <span class='ocrx_word' id='word_1_320' title='bbox 338 2213 418 2271; x_wconf 89' lang='lat' dir='ltr'><strong>nobis</strong></span> <span class='ocrx_word' id='word_1_321' title='bbox 436 2212 508 2284; x_wconf 91' lang='lat' dir='ltr'><strong>quod</strong></span> <span class='ocrx_word' id='word_1_322' title='bbox 522 2213 562 2267; x_wconf 85' lang='lat' dir='ltr'><strong>sit</strong></span> <span class='ocrx_word' id='word_1_323' title='bbox 577 2212 709 2282; x_wconf 80' lang='lat' dir='ltr'><strong>prophete</strong></span> <span class='ocrx_word' id='word_1_324' title='bbox 725 2228 732 2264; x_wconf 78' lang='grc' dir='ltr'><strong>ι</strong></span> <span class='ocrx_word' id='word_1_325' title='bbox 751 2207 870 2282; x_wconf 85' lang='lat' dir='ltr'><strong>Populus</strong></span> <span class='ocrx_word' id='word_1_326' title='bbox 882 2218 943 2265; x_wconf 84' lang='lat' dir='ltr'><strong>tuus</strong></span> <span class='ocrx_word' id='word_1_327' title='bbox 993 2212 1077 2268; x_wconf 90' lang='lat' dir='ltr'><strong>etiam</strong></span> <span class='ocrx_word' id='word_1_328' title='bbox 1102 2213 1136 2270; x_wconf 92' lang='lat' dir='ltr'><strong>de</strong></span> <span class='ocrx_word' id='word_1_329' title='bbox 1156 2210 1342 2270; x_wconf 79' lang='lat' dir='ltr'><strong>offerentibus.</strong></span> <span class='ocrx_word' id='word_1_330' title='bbox 1360 2214 1459 2270; x_wconf 84' lang='lat' dir='ltr'><strong>llemm</strong></span> <span class='ocrx_word' id='word_1_331' title='bbox 1481 2216 1545 2286; x_wconf 77' lang='lat' dir='ltr'><strong>quia</strong></span> <span class='ocrx_word' id='word_1_332' title='bbox 1567 2217 1603 2272; x_wconf 90' lang='lat' dir='ltr'><strong>de</strong></span> <span class='ocrx_word' id='word_1_333' title='bbox 1626 2217 1678 2284; x_wconf 89' lang='lat' dir='ltr'><strong>bis,</strong></span> <span class='ocrx_word' id='word_1_334' title='bbox 1697 2219 1792 2288; x_wconf 78' lang='lat' dir='ltr'><strong>quales</strong></span> <span class='ocrx_word' id='word_1_335' title='bbox 1894 2274 1907 2291; x_wconf 70' lang='grc'>,</span> 
     </span>
    </p>
   </div>
   <div class='ocr_carea' id='block_1_5' title="bbox 130 2300 1862 3731">
    <p class='ocr_par' dir='ltr' id='par_1_5' title="bbox 130 2300 1792 3290">
     <span class='ocr_line' id='line_1_24' title="bbox 144 2300 1789 2383; baseline 0.004 -20"><span class='ocrx_word' id='word_1_336' title='bbox 144 2308 215 2364; x_wconf 78' lang='lat' dir='ltr'><strong>sicet</strong></span> <span class='ocrx_word' id='word_1_337' title='bbox 227 2306 256 2361; x_wconf 81' lang='lat' dir='ltr'><strong>lei</strong></span> <span class='ocrx_word' id='word_1_338' title='bbox 269 2306 316 2378; x_wconf 87' lang='lat' dir='ltr'><strong>qui</strong></span> <span class='ocrx_word' id='word_1_339' title='bbox 329 2303 515 2360; x_wconf 78' lang='lat' dir='ltr'><strong>contradicunt</strong></span> <span class='ocrx_word' id='word_1_340' title='bbox 529 2302 670 2358; x_wconf 84' lang='lat' dir='ltr'><strong>sacerdoti.</strong></span> <span class='ocrx_word' id='word_1_341' title='bbox 686 2300 722 2356; x_wconf 81' lang='lat' dir='ltr'><strong>iit</strong></span> <span class='ocrx_word' id='word_1_342' title='bbox 735 2317 841 2356; x_wconf 85' lang='lat' dir='ltr'><strong>corrues</strong></span> <span class='ocrx_word' id='word_1_343' title='bbox 854 2300 943 2367; x_wconf 77' lang='lat' dir='ltr'><strong>bodie,</strong></span> <span class='ocrx_word' id='word_1_344' title='bbox 993 2319 1055 2362; x_wconf 88' lang='lat' dir='ltr'><strong>esse</strong></span> <span class='ocrx_word' id='word_1_345' title='bbox 1067 2304 1109 2361; x_wconf 86' lang='lat' dir='ltr'><strong>rel</strong></span> <span class='ocrx_word' id='word_1_346' title='bbox 1126 2320 1180 2361; x_wconf 89' lang='lat' dir='ltr'><strong>non</strong></span> <span class='ocrx_word' id='word_1_347' title='bbox 1198 2320 1260 2362; x_wconf 90' lang='lat' dir='ltr'><strong>csse</strong></span> <span class='ocrx_word' id='word_1_348' title='bbox 1279 2306 1405 2372; x_wconf 75' lang='grc' dir='ltr'><strong>ιιιιιιι,</strong></span> <span class='ocrx_word' id='word_1_349' title='bbox 1420 2305 1531 2363; x_wconf 84' lang='lat' dir='ltr'><strong>Patrem</strong></span> <span class='ocrx_word' id='word_1_350' title='bbox 1544 2309 1617 2365; x_wconf 80' lang='lat' dir='ltr'><strong>dicte</strong></span> <span class='ocrx_word' id='word_1_351' title='bbox 1630 2320 1705 2379; x_wconf 26' lang='lat' dir='ltr'><strong>,sunt</strong></span> <span class='ocrx_word' id='word_1_352' title='bbox 1726 2313 1789 2383; x_wconf 91' lang='lat' dir='ltr'><strong>piu·</strong></span> 
     </span>
     <span class='ocr_line' id='line_1_25' title="bbox 144 2390 1791 2466; baseline 0.007 -14"><span class='ocrx_word' id='word_1_353' title='bbox 144 2406 170 2452; x_wconf 87' lang='lat' dir='ltr'><strong>st</strong></span> <span class='ocrx_word' id='word_1_354' title='bbox 185 2405 290 2452; x_wconf 80' lang='lat' dir='ltr'><strong>corruet</strong></span> <span class='ocrx_word' id='word_1_355' title='bbox 304 2395 384 2451; x_wconf 82' lang='lat' dir='ltr'><strong>etium</strong></span> <span class='ocrx_word' id='word_1_356' title='bbox 398 2393 525 2466; x_wconf 80' lang='lat' dir='ltr'><strong>propbeta</strong></span> <span class='ocrx_word' id='word_1_357' title='bbox 537 2400 634 2448; x_wconf 86' lang='lat' dir='ltr'><strong>tecum.</strong></span> <span class='ocrx_word' id='word_1_358' title='bbox 658 2391 693 2447; x_wconf 83' lang='lat' dir='ltr'><strong>Et</strong></span> <span class='ocrx_word' id='word_1_359' title='bbox 710 2400 772 2462; x_wconf 90' lang='lat' dir='ltr'><strong>post</strong></span> <span class='ocrx_word' id='word_1_360' title='bbox 784 2390 942 2461; x_wconf 89' lang='lat' dir='ltr'><strong>paululum:</strong></span> <span class='ocrx_word' id='word_1_361' title='bbox 993 2397 1075 2463; x_wconf 86' lang='lat' dir='ltr'><strong>rims,</strong></span> <span class='ocrx_word' id='word_1_362' title='bbox 1086 2397 1165 2453; x_wconf 90' lang='lat' dir='ltr'><strong>nobis</strong></span> <span class='ocrx_word' id='word_1_363' title='bbox 1179 2412 1291 2454; x_wconf 81' lang='lat' dir='ltr'><strong>neeesse</strong></span> <span class='ocrx_word' id='word_1_364' title='bbox 1303 2406 1346 2454; x_wconf 86' lang='lat' dir='ltr'><strong>cst</strong></span> <span class='ocrx_word' id='word_1_365' title='bbox 1358 2413 1420 2455; x_wconf 88' lang='lat' dir='ltr'><strong>cum</strong></span> <span class='ocrx_word' id='word_1_366' title='bbox 1435 2400 1509 2456; x_wconf 89' lang='lat' dir='ltr'><strong>omni</strong></span> <span class='ocrx_word' id='word_1_367' title='bbox 1522 2401 1613 2459; x_wconf 90' lang='lat' dir='ltr'><strong>cordis</strong></span> <span class='ocrx_word' id='word_1_368' title='bbox 1626 2405 1791 2463; x_wconf 88' lang='lat' dir='ltr'><strong>contritione</strong></span> 
     </span>
     <span class='ocr_line' id='line_1_26' title="bbox 144 2480 1790 2563; baseline 0.006 -19"><span class='ocrx_word' id='word_1_369' title='bbox 144 2485 266 2545; x_wconf 63' lang='grc' dir='ltr'><strong>διιιιιιιι</strong></span> <span class='ocrx_word' id='word_1_370' title='bbox 282 2502 375 2544; x_wconf 82' lang='lat' dir='ltr'><strong>mrum</strong></span> <span class='ocrx_word' id='word_1_371' title='bbox 395 2487 424 2542; x_wconf 84' lang='lat' dir='ltr'><strong>lu</strong></span> <span class='ocrx_word' id='word_1_372' title='bbox 439 2484 610 2558; x_wconf 76' lang='lat' dir='ltr'><strong>ignominium</strong></span> <span class='ocrx_word' id='word_1_373' title='bbox 631 2482 806 2540; x_wconf 75' lang='lat' dir='ltr'><strong>commutabo.</strong></span> <span class='ocrx_word' id='word_1_374' title='bbox 829 2480 944 2539; x_wconf 72' lang='lat' dir='ltr'><strong>Peccata</strong></span> <span class='ocrx_word' id='word_1_375' title='bbox 994 2495 1122 2554; x_wconf 81' lang='lat' dir='ltr'><strong>tractare,</strong></span> <span class='ocrx_word' id='word_1_376' title='bbox 1134 2488 1182 2559; x_wconf 90' lang='lat' dir='ltr'><strong>qui</strong></span> <span class='ocrx_word' id='word_1_377' title='bbox 1197 2488 1278 2546; x_wconf 87' lang='lat' dir='ltr'><strong>iubis</strong></span> <span class='ocrx_word' id='word_1_378' title='bbox 1289 2489 1417 2560; x_wconf 73' lang='lat' dir='ltr'><strong>pessimus</strong></span> <span class='ocrx_word' id='word_1_379' title='bbox 1429 2493 1596 2563; x_wconf 79' lang='lat' dir='ltr'><strong>temporibus</strong></span> <span class='ocrx_word' id='word_1_380' title='bbox 1608 2496 1752 2553; x_wconf 83' lang='lat' dir='ltr'><strong>ordinandi</strong></span> <span class='ocrx_word' id='word_1_381' title='bbox 1761 2507 1790 2554; x_wconf 90' lang='lat' dir='ltr'><strong>et</strong></span> 
     </span>
     <span class='ocr_line' id='line_1_27' title="bbox 143 2573 1791 2652; baseline 0.012 -24"><span class='ocrx_word' id='word_1_382' title='bbox 143 2575 237 2650; x_wconf 71' lang='lat' dir='ltr'><strong>pepuli</strong></span> <span class='ocrx_word' id='word_1_383' title='bbox 247 2576 301 2632; x_wconf 71' lang='lat' dir='ltr'><strong>mei</strong></span> <span class='ocrx_word' id='word_1_384' title='bbox 313 2575 460 2641; x_wconf 71' lang='lat' dir='ltr'><strong>medem,</strong></span> <span class='ocrx_word' id='word_1_385' title='bbox 474 2582 500 2630; x_wconf 86' lang='lat' dir='ltr'><strong>et</strong></span> <span class='ocrx_word' id='word_1_386' title='bbox 512 2573 547 2628; x_wconf 82' lang='lat' dir='ltr'><strong>ud</strong></span> <span class='ocrx_word' id='word_1_387' title='bbox 567 2573 731 2646; x_wconf 84' lang='lat' dir='ltr'><strong>iniquitatem</strong></span> <span class='ocrx_word' id='word_1_388' title='bbox 749 2589 842 2629; x_wconf 82' lang='lat' dir='ltr'><strong>eeruts</strong></span> <span class='ocrx_word' id='word_1_389' title='bbox 858 2573 945 2630; x_wconf 82' lang='lat' dir='ltr'><strong>suile-</strong></span> <span class='ocrx_word' id='word_1_390' title='bbox 994 2577 1105 2650; x_wconf 86' lang='lat' dir='ltr'><strong>regendi</strong></span> <span class='ocrx_word' id='word_1_391' title='bbox 1118 2578 1248 2636; x_wconf 78' lang='lat' dir='ltr'><strong>ecclcsim</strong></span> <span class='ocrx_word' id='word_1_392' title='bbox 1260 2580 1443 2638; x_wconf 86' lang='lat' dir='ltr'><strong>ministerium</strong></span> <span class='ocrx_word' id='word_1_393' title='bbox 1455 2584 1546 2640; x_wconf 88' lang='lat' dir='ltr'><strong>sortiti</strong></span> <span class='ocrx_word' id='word_1_394' title='bbox 1557 2601 1666 2652; x_wconf 76' lang='lat' dir='ltr'><strong>sumus:</strong></span> <span class='ocrx_word' id='word_1_395' title='bbox 1682 2597 1712 2645; x_wconf 91' lang='lat' dir='ltr'><strong>nt</strong></span> <span class='ocrx_word' id='word_1_396' title='bbox 1721 2589 1746 2646; x_wconf 89' lang='lat' dir='ltr'><strong>si</strong></span> <span class='ocrx_word' id='word_1_397' title='bbox 1755 2606 1791 2646; x_wconf 81' lang='lat' dir='ltr'><strong>es</strong></span> 
     </span>
     <span class='ocr_line' id='line_1_28' title="bbox 144 2664 1790 2752; baseline 0.009 -29"><span class='ocrx_word' id='word_1_398' title='bbox 144 2667 243 2724; x_wconf 74' lang='lat' dir='ltr'><strong>uiuet</strong></span> <span class='ocrx_word' id='word_1_399' title='bbox 255 2666 360 2724; x_wconf 76' lang='lat' dir='ltr'><strong>suimet</strong></span> <span class='ocrx_word' id='word_1_400' title='bbox 372 2682 473 2724; x_wconf 75' lang='lat' dir='ltr'><strong>mmm.</strong></span> <span class='ocrx_word' id='word_1_401' title='bbox 485 2664 522 2722; x_wconf 75' lang='lat' dir='ltr'><strong>Et</strong></span> <span class='ocrx_word' id='word_1_402' title='bbox 533 2665 583 2721; x_wconf 85' lang='lat' dir='ltr'><strong>erit</strong></span> <span class='ocrx_word' id='word_1_403' title='bbox 596 2665 664 2720; x_wconf 82' lang='lat' dir='ltr'><strong>sicut</strong></span> <span class='ocrx_word' id='word_1_404' title='bbox 674 2664 797 2738; x_wconf 73' lang='lat' dir='ltr'><strong>populu,</strong></span> <span class='ocrx_word' id='word_1_405' title='bbox 808 2667 847 2722; x_wconf 85' lang='lat' dir='ltr'><strong>sic</strong></span> <span class='ocrx_word' id='word_1_406' title='bbox 859 2683 945 2722; x_wconf 83' lang='lat' dir='ltr'><strong>sucer-</strong></span> <span class='ocrx_word' id='word_1_407' title='bbox 993 2673 1053 2724; x_wconf 88' lang='lat' dir='ltr'><strong>toto</strong></span> <span class='ocrx_word' id='word_1_408' title='bbox 1062 2681 1161 2724; x_wconf 79' lang='lat' dir='ltr'><strong>cerere</strong></span> <span class='ocrx_word' id='word_1_409' title='bbox 1176 2683 1230 2724; x_wconf 90' lang='lat' dir='ltr'><strong>non</strong></span> <span class='ocrx_word' id='word_1_410' title='bbox 1243 2683 1400 2740; x_wconf 75' lang='lat' dir='ltr'><strong>pomunss,</strong></span> <span class='ocrx_word' id='word_1_411' title='bbox 1414 2671 1511 2730; x_wconf 76' lang='lat' dir='ltr'><strong>etitem</strong></span> <span class='ocrx_word' id='word_1_412' title='bbox 1523 2677 1790 2752; x_wconf 84' lang='lat' dir='ltr'><strong>quanmlumcnnqne</strong></span> 
     </span>
     <span class='ocr_line' id='line_1_29' title="bbox 144 2757 1791 2838; baseline 0.006 -21"><span class='ocrx_word' id='word_1_413' title='bbox 144 2760 211 2827; x_wconf 73' lang='lat' dir='ltr'><strong>dos,</strong></span> <span class='ocrx_word' id='word_1_414' title='bbox 232 2768 259 2816; x_wconf 88' lang='lat' dir='ltr'><strong>ct</strong></span> <span class='ocrx_word' id='word_1_415' title='bbox 279 2759 391 2816; x_wconf 66' lang='lat' dir='ltr'><strong>mutulo</strong></span> <span class='ocrx_word' id='word_1_416' title='bbox 402 2774 483 2831; x_wconf 83' lang='lat' dir='ltr'><strong>super</strong></span> <span class='ocrx_word' id='word_1_417' title='bbox 498 2773 558 2813; x_wconf 80' lang='lat' dir='ltr'><strong>eum</strong></span> <span class='ocrx_word' id='word_1_418' title='bbox 576 2757 632 2814; x_wconf 83' lang='lat' dir='ltr'><strong>sius</strong></span> <span class='ocrx_word' id='word_1_419' title='bbox 648 2757 718 2828; x_wconf 72' lang='lat' dir='ltr'><strong>ejus,</strong></span> <span class='ocrx_word' id='word_1_420' title='bbox 736 2767 761 2813; x_wconf 86' lang='lat' dir='ltr'><strong>ct</strong></span> <span class='ocrx_word' id='word_1_421' title='bbox 774 2758 944 2830; x_wconf 82' lang='lat' dir='ltr'><strong>copitndosee</strong></span> <span class='ocrx_word' id='word_1_422' title='bbox 994 2758 1149 2830; x_wconf 77' lang='lat' dir='ltr'><strong>nobisipsis</strong></span> <span class='ocrx_word' id='word_1_423' title='bbox 1163 2773 1323 2818; x_wconf 86' lang='lat' dir='ltr'><strong>succurrere</strong></span> <span class='ocrx_word' id='word_1_424' title='bbox 1334 2763 1501 2828; x_wconf 83' lang='lat' dir='ltr'><strong>smdesmus,</strong></span> <span class='ocrx_word' id='word_1_425' title='bbox 1520 2782 1555 2824; x_wconf 94' lang='lat' dir='ltr'><strong>ne</strong></span> <span class='ocrx_word' id='word_1_426' title='bbox 1564 2769 1683 2838; x_wconf 67' lang='lat' dir='ltr'><strong>pecuum</strong></span> <span class='ocrx_word' id='word_1_427' title='bbox 1695 2769 1791 2827; x_wconf 89' lang='lat' dir='ltr'><strong>alienis</strong></span> 
     </span>
     <span class='ocr_line' id='line_1_30' title="bbox 130 2843 1790 2924; baseline 0.007 -21"><span class='ocrx_word' id='word_1_428' title='bbox 130 2848 207 2921; x_wconf 67' lang='lat' dir='ltr'><strong>,ejus</strong></span> <span class='ocrx_word' id='word_1_429' title='bbox 221 2847 331 2904; x_wconf 75' lang='lat' dir='ltr'><strong>reddum</strong></span> <span class='ocrx_word' id='word_1_430' title='bbox 344 2847 379 2903; x_wconf 85' lang='lat' dir='ltr'><strong>ci.</strong></span> <span class='ocrx_word' id='word_1_431' title='bbox 392 2845 520 2903; x_wconf 80' lang='lat' dir='ltr'><strong>tellum</strong></span> <span class='ocrx_word' id='word_1_432' title='bbox 537 2843 610 2917; x_wconf 90' lang='lat' dir='ltr'><strong>quod</strong></span> <span class='ocrx_word' id='word_1_433' title='bbox 624 2845 764 2918; x_wconf 83' lang='lat' dir='ltr'><strong>Scriptura</strong></span> <span class='ocrx_word' id='word_1_434' title='bbox 785 2846 838 2902; x_wconf 80' lang='lat' dir='ltr'><strong>alia</strong></span> <span class='ocrx_word' id='word_1_435' title='bbox 854 2847 943 2919; x_wconf 89' lang='lat' dir='ltr'><strong>loqui·</strong></span> <span class='ocrx_word' id='word_1_436' title='bbox 993 2847 1236 2915; x_wconf 82' lang='lat' dir='ltr'><strong>oonrmunioentus,</strong></span> <span class='ocrx_word' id='word_1_437' title='bbox 1256 2849 1321 2920; x_wconf 83' lang='lat' dir='ltr'><strong>quis</strong></span> <span class='ocrx_word' id='word_1_438' title='bbox 1335 2859 1429 2908; x_wconf 82' lang='lat' dir='ltr'><strong>nostre</strong></span> <span class='ocrx_word' id='word_1_439' title='bbox 1443 2854 1673 2924; x_wconf 80' lang='lat' dir='ltr'><strong>mperabnndam,</strong></span> <span class='ocrx_word' id='word_1_440' title='bbox 1687 2865 1714 2912; x_wconf 88' lang='lat' dir='ltr'><strong>ct</strong></span> <span class='ocrx_word' id='word_1_441' title='bbox 1727 2872 1790 2914; x_wconf 89' lang='lat' dir='ltr'><strong>eum</strong></span> 
     </span>
     <span class='ocr_line' id='line_1_31' title="bbox 146 2935 1789 3017; baseline 0.005 -20"><span class='ocrx_word' id='word_1_442' title='bbox 146 2947 204 3007; x_wconf 85' lang='lat' dir='ltr'><strong>tur,</strong></span> <span class='ocrx_word' id='word_1_443' title='bbox 216 2938 331 2995; x_wconf 83' lang='lat' dir='ltr'><strong>diceus:</strong></span> <span class='ocrx_word' id='word_1_444' title='bbox 347 2935 412 2994; x_wconf 86' lang='lat' dir='ltr'><strong>Post</strong></span> <span class='ocrx_word' id='word_1_445' title='bbox 433 2937 490 2992; x_wconf 77' lang='grc' dir='ltr'><strong>ιιι</strong></span> <span class='ocrx_word' id='word_1_446' title='bbox 502 2935 579 2992; x_wconf 83' lang='lat' dir='ltr'><strong>serie</strong></span> <span class='ocrx_word' id='word_1_447' title='bbox 594 2952 646 2992; x_wconf 84' lang='lat' dir='ltr'><strong>nos</strong></span> <span class='ocrx_word' id='word_1_448' title='bbox 657 2946 697 2993; x_wconf 81' lang='lat' dir='ltr'><strong>cst</strong></span> <span class='ocrx_word' id='word_1_449' title='bbox 712 2954 830 2995; x_wconf 83' lang='lat' dir='ltr'><strong>resersus</strong></span> <span class='ocrx_word' id='word_1_450' title='bbox 848 2937 944 2995; x_wconf 78' lang='lat' dir='ltr'><strong>iliceo-</strong></span> <span class='ocrx_word' id='word_1_451' title='bbox 993 2938 1152 3010; x_wconf 78' lang='lat' dir='ltr'><strong>iniquitates</strong></span> <span class='ocrx_word' id='word_1_452' title='bbox 1174 2949 1275 2996; x_wconf 73' lang='lat' dir='ltr'><strong>nostres</strong></span> <span class='ocrx_word' id='word_1_453' title='bbox 1297 2956 1478 3014; x_wconf 80' lang='lat' dir='ltr'><strong>supergressae</strong></span> <span class='ocrx_word' id='word_1_454' title='bbox 1499 2943 1554 3000; x_wconf 92' lang='lat' dir='ltr'><strong>sint</strong></span> <span class='ocrx_word' id='word_1_455' title='bbox 1573 2947 1663 3017; x_wconf 83' lang='lat' dir='ltr'><strong>capite</strong></span> <span class='ocrx_word' id='word_1_456' title='bbox 1683 2957 1789 3016; x_wconf 80' lang='lat' dir='ltr'><strong>nostra,</strong></span> 
     </span>
     <span class='ocr_line' id='line_1_32' title="bbox 143 3028 1790 3107; baseline 0.006 -19"><span class='ocrx_word' id='word_1_457' title='bbox 143 3032 224 3089; x_wconf 71' lang='grc' dir='ltr'><strong>ιοιιι</strong></span> <span class='ocrx_word' id='word_1_458' title='bbox 246 3032 279 3087; x_wconf 85' lang='lat' dir='ltr'><strong>rie</strong></span> <span class='ocrx_word' id='word_1_459' title='bbox 300 3032 344 3088; x_wconf 81' lang='lat' dir='ltr'><strong>sio</strong></span> <span class='ocrx_word' id='word_1_460' title='bbox 366 3047 417 3087; x_wconf 83' lang='lat' dir='ltr'><strong>suu</strong></span> <span class='ocrx_word' id='word_1_461' title='bbox 438 3030 552 3103; x_wconf 69' lang='lat' dir='ltr'><strong>petisse</strong></span> <span class='ocrx_word' id='word_1_462' title='bbox 565 3046 576 3096; x_wconf 92' lang='lat'><strong>,·</strong></span> <span class='ocrx_word' id='word_1_463' title='bbox 589 3028 637 3087; x_wconf 79' lang='lat' dir='ltr'><strong>ted</strong></span> <span class='ocrx_word' id='word_1_464' title='bbox 657 3031 819 3086; x_wconf 75' lang='lat' dir='ltr'><strong>econtrario</strong></span> <span class='ocrx_word' id='word_1_465' title='bbox 839 3029 944 3100; x_wconf 78' lang='lat' dir='ltr'><strong>secitdc</strong></span> <span class='ocrx_word' id='word_1_466' title='bbox 994 3039 1023 3088; x_wconf 90' lang='lat' dir='ltr'><strong>et</strong></span> <span class='ocrx_word' id='word_1_467' title='bbox 1036 3032 1280 3104; x_wconf 81' lang='lat' dir='ltr'><strong>sicntonusgrare</strong></span> <span class='ocrx_word' id='word_1_468' title='bbox 1293 3041 1413 3106; x_wconf 78' lang='lat' dir='ltr'><strong>gravate</strong></span> <span class='ocrx_word' id='word_1_469' title='bbox 1427 3034 1790 3107; x_wconf 86' lang='lat' dir='ltr'><strong>sintsupernos,noncon-</strong></span> 
     </span>
     <span class='ocr_line' id='line_1_33' title="bbox 145 3108 1789 3198; baseline 0.007 -19"><span class='ocrx_word' id='word_1_470' title='bbox 145 3123 294 3180; x_wconf 74' lang='lat' dir='ltr'><strong>emittimus</strong></span> <span class='ocrx_word' id='word_1_471' title='bbox 317 3121 408 3195; x_wconf 83' lang='lat' dir='ltr'><strong>populi</strong></span> <span class='ocrx_word' id='word_1_472' title='bbox 426 3121 576 3177; x_wconf 82' lang='lat' dir='ltr'><strong>secerdotes</strong></span> <span class='ocrx_word' id='word_1_473' title='bbox 597 3119 769 3178; x_wconf 69' lang='lat' dir='ltr'><strong>amborum.</strong></span> <span class='ocrx_word' id='word_1_474' title='bbox 789 3119 944 3194; x_wconf 83' lang='lat' dir='ltr'><strong>Quicunque</strong></span> <span class='ocrx_word' id='word_1_475' title='bbox 957 3108 980 3173; x_wconf 88' lang='lat' dir='ltr'>C</span> <span class='ocrx_word' id='word_1_476' title='bbox 995 3129 1147 3179; x_wconf 82' lang='lat' dir='ltr'><strong>temnamus</strong></span> <span class='ocrx_word' id='word_1_477' title='bbox 1167 3125 1211 3193; x_wconf 88' lang='lat' dir='ltr'><strong>pie</strong></span> <span class='ocrx_word' id='word_1_478' title='bbox 1233 3134 1389 3182; x_wconf 90' lang='lat' dir='ltr'><strong>monentem</strong></span> <span class='ocrx_word' id='word_1_479' title='bbox 1403 3126 1561 3198; x_wconf 75' lang='lat' dir='ltr'><strong>Apostolum</strong></span> <span class='ocrx_word' id='word_1_480' title='bbox 1581 3145 1613 3185; x_wconf 89' lang='lat' dir='ltr'><strong>ac</strong></span> <span class='ocrx_word' id='word_1_481' title='bbox 1632 3131 1767 3189; x_wconf 87' lang='lat' dir='ltr'><strong>dicentem</strong></span> <span class='ocrx_word' id='word_1_482' title='bbox 1782 3154 1789 3190; x_wconf 92' lang='lat'>:</span> 
     </span>
     <span class='ocr_line' id='line_1_34' title="bbox 145 3211 1792 3290; baseline 0.005 -18"><span class='ocrx_word' id='word_1_483' title='bbox 145 3214 258 3282; x_wconf 80' lang='lat' dir='ltr'><strong>solebnt,</strong></span> <span class='ocrx_word' id='word_1_484' title='bbox 282 3214 405 3286; x_wconf 79' lang='lat' dir='ltr'><strong>impletus</strong></span> <span class='ocrx_word' id='word_1_485' title='bbox 430 3230 539 3268; x_wconf 86' lang='lat' dir='ltr'><strong>monum</strong></span> <span class='ocrx_word' id='word_1_486' title='bbox 562 3229 653 3282; x_wconf 82' lang='lat' dir='ltr'><strong>mum,</strong></span> <span class='ocrx_word' id='word_1_487' title='bbox 674 3223 698 3269; x_wconf 90' lang='lat' dir='ltr'><strong>et</strong></span> <span class='ocrx_word' id='word_1_488' title='bbox 721 3214 800 3284; x_wconf 75' lang='lat' dir='ltr'><strong>ficiat</strong></span> <span class='ocrx_word' id='word_1_489' title='bbox 821 3215 944 3272; x_wconf 76' lang='lat' dir='ltr'><strong>succedes</strong></span> <span class='ocrx_word' id='word_1_490' title='bbox 994 3211 1093 3269; x_wconf 67' lang='lat' dir='ltr'><strong>Nonus</strong></span> <span class='ocrx_word' id='word_1_491' title='bbox 1106 3213 1157 3268; x_wconf 88' lang='lat' dir='ltr'><strong>cito</strong></span> <span class='ocrx_word' id='word_1_492' title='bbox 1167 3215 1264 3269; x_wconf 87' lang='lat' dir='ltr'><strong>nemini</strong></span> <span class='ocrx_word' id='word_1_493' title='bbox 1275 3216 1441 3289; x_wconf 83' lang='lat' dir='ltr'><strong>imposueris,</strong></span> <span class='ocrx_word' id='word_1_494' title='bbox 1462 3234 1544 3290; x_wconf 87' lang='lat' dir='ltr'><strong>neque</strong></span> <span class='ocrx_word' id='word_1_495' title='bbox 1558 3224 1792 3282; x_wconf 79' lang='lat' dir='ltr'><strong>communicaverit</strong></span> 
     </span>
    </p>

    <p class='ocr_par' dir='ltr' id='par_1_6' title="bbox 145 3303 1862 3731">
     <span class='ocr_line' id='line_1_35' title="bbox 145 3303 1223 3378; baseline -0.006 -13"><span class='ocrx_word' id='word_1_496' title='bbox 145 3307 318 3365; x_wconf 63' lang='lat' dir='ltr'><strong>mutorum.</strong></span> <span class='ocrx_word' id='word_1_497' title='bbox 340 3305 376 3360; x_wconf 85' lang='lat' dir='ltr'><strong>Et</strong></span> <span class='ocrx_word' id='word_1_498' title='bbox 388 3314 494 3376; x_wconf 86' lang='lat' dir='ltr'><strong>propter</strong></span> <span class='ocrx_word' id='word_1_499' title='bbox 507 3305 576 3361; x_wconf 74' lang='lat' dir='ltr'><strong>dunc</strong></span> <span class='ocrx_word' id='word_1_500' title='bbox 593 3323 701 3362; x_wconf 76' lang='lat' dir='ltr'><strong>sumum</strong></span> <span class='ocrx_word' id='word_1_501' title='bbox 720 3308 836 3378; x_wconf 81' lang='lat' dir='ltr'><strong>peccauit</strong></span> <span class='ocrx_word' id='word_1_502' title='bbox 849 3308 943 3364; x_wconf 82' lang='lat' dir='ltr'><strong>domus</strong></span> <span class='ocrx_word' id='word_1_503' title='bbox 994 3304 1109 3375; x_wconf 84' lang='lat' dir='ltr'><strong>pcccatis</strong></span> <span class='ocrx_word' id='word_1_504' title='bbox 1119 3303 1223 3359; x_wconf 84' lang='lat' dir='ltr'><strong>alienis.</strong></span> 
     </span>
     <span class='ocr_line' id='line_1_36' title="bbox 147 3393 1790 3469; baseline 0.004 -17"><span class='ocrx_word' id='word_1_505' title='bbox 147 3395 318 3461; x_wconf 74' lang='lat' dir='ltr'><strong>Hieroboam,</strong></span> <span class='ocrx_word' id='word_1_506' title='bbox 333 3404 356 3451; x_wconf 91' lang='lat' dir='ltr'><strong>et</strong></span> <span class='ocrx_word' id='word_1_507' title='bbox 367 3411 456 3451; x_wconf 84' lang='lat' dir='ltr'><strong>euerso</strong></span> <span class='ocrx_word' id='word_1_508' title='bbox 471 3404 509 3450; x_wconf 89' lang='lat' dir='ltr'><strong>cst</strong></span> <span class='ocrx_word' id='word_1_509' title='bbox 526 3405 550 3450; x_wconf 87' lang='lat' dir='ltr'><strong>et</strong></span> <span class='ocrx_word' id='word_1_510' title='bbox 564 3395 649 3452; x_wconf 82' lang='lat' dir='ltr'><strong>deletu</strong></span> <span class='ocrx_word' id='word_1_511' title='bbox 664 3396 696 3452; x_wconf 81' lang='lat' dir='ltr'><strong>de</strong></span> <span class='ocrx_word' id='word_1_512' title='bbox 714 3397 851 3469; x_wconf 78' lang='lat' dir='ltr'><strong>superficie</strong></span> <span class='ocrx_word' id='word_1_513' title='bbox 864 3408 943 3456; x_wconf 83' lang='lat' dir='ltr'><strong>terre</strong></span> <span class='ocrx_word' id='word_1_514' title='bbox 994 3441 997 3445; x_wconf 81' lang='lat'>.</span> <span class='ocrx_word' id='word_1_515' title='bbox 1030 3394 1098 3451; x_wconf 84' lang='lat' dir='ltr'><strong>xltl.</strong></span> <span class='ocrx_word' id='word_1_516' title='bbox 1118 3393 1220 3465; x_wconf 87' lang='lat' dir='ltr'><strong>Nempe</strong></span> <span class='ocrx_word' id='word_1_517' title='bbox 1234 3409 1267 3449; x_wconf 83' lang='lat' dir='ltr'><strong>ex</strong></span> <span class='ocrx_word' id='word_1_518' title='bbox 1289 3411 1343 3466; x_wconf 91' lang='lat' dir='ltr'><strong>quo</strong></span> <span class='ocrx_word' id='word_1_519' title='bbox 1359 3395 1427 3455; x_wconf 83' lang='lat' dir='ltr'><strong>udos</strong></span> <span class='ocrx_word' id='word_1_520' title='bbox 1448 3397 1550 3455; x_wconf 88' lang='lat' dir='ltr'><strong>Christi</strong></span> <span class='ocrx_word' id='word_1_521' title='bbox 1569 3401 1670 3457; x_wconf 89' lang='lat' dir='ltr'><strong>mundo</strong></span> <span class='ocrx_word' id='word_1_522' title='bbox 1685 3417 1790 3458; x_wconf 87' lang='lat' dir='ltr'><strong>nonuu-</strong></span> 
     </span>
     <span class='ocr_line' id='line_1_37' title="bbox 147 3485 1792 3562; baseline 0.005 -22"><span class='ocrx_word' id='word_1_523' title='bbox 147 3485 208 3560; x_wconf 72' lang='lat' dir='ltr'><strong>llll</strong></span> <span class='ocrx_word' id='word_1_524' title='bbox 222 3487 289 3560; x_wconf 80' lang='lat' dir='ltr'><strong>Reg.</strong></span> <span class='ocrx_word' id='word_1_525' title='bbox 305 3504 367 3555; x_wconf 78' lang='grc' dir='ltr'><strong>ιιι,</strong></span> <span class='ocrx_word' id='word_1_526' title='bbox 380 3488 426 3555; x_wconf 77' lang='lat'><strong>33,</strong></span> <span class='ocrx_word' id='word_1_527' title='bbox 441 3488 498 3562; x_wconf 77' lang='lat' dir='ltr'><strong>bt).</strong></span> <span class='ocrx_word' id='word_1_528' title='bbox 995 3488 1062 3545; x_wconf 77' lang='lat' dir='ltr'><strong>tiele</strong></span> <span class='ocrx_word' id='word_1_529' title='bbox 1078 3494 1164 3543; x_wconf 85' lang='lat' dir='ltr'><strong>estet</strong></span> <span class='ocrx_word' id='word_1_530' title='bbox 1182 3496 1302 3559; x_wconf 83' lang='lat' dir='ltr'><strong>recepte,</strong></span> <span class='ocrx_word' id='word_1_531' title='bbox 1316 3503 1370 3543; x_wconf 92' lang='lat' dir='ltr'><strong>non</strong></span> <span class='ocrx_word' id='word_1_532' title='bbox 1394 3488 1504 3545; x_wconf 87' lang='lat' dir='ltr'><strong>luerunt</strong></span> <span class='ocrx_word' id='word_1_533' title='bbox 1520 3498 1641 3548; x_wconf 87' lang='lat' dir='ltr'><strong>rectores</strong></span> <span class='ocrx_word' id='word_1_534' title='bbox 1662 3493 1792 3549; x_wconf 80' lang='lat' dir='ltr'><strong>ecclesio-</strong></span> 
     </span>
     <span class='ocr_line' id='line_1_38' title="bbox 182 3573 1862 3659; baseline 0.006 -27"><span class='ocrx_word' id='word_1_535' title='bbox 182 3573 239 3633; x_wconf 69' lang='lat' dir='ltr'><strong>Xii.</strong></span> <span class='ocrx_word' id='word_1_536' title='bbox 255 3574 380 3634; x_wconf 80' lang='lat' dir='ltr'><strong>Forsitan</strong></span> <span class='ocrx_word' id='word_1_537' title='bbox 396 3577 424 3634; x_wconf 91' lang='lat' dir='ltr'><strong>in</strong></span> <span class='ocrx_word' id='word_1_538' title='bbox 438 3577 481 3636; x_wconf 81' lang='lat' dir='ltr'><strong>iris</strong></span> <span class='ocrx_word' id='word_1_539' title='bbox 498 3578 604 3643; x_wconf 81' lang='lat' dir='ltr'><strong>duabus</strong></span> <span class='ocrx_word' id='word_1_540' title='bbox 615 3579 758 3638; x_wconf 86' lang='lat' dir='ltr'><strong>sententiis</strong></span> <span class='ocrx_word' id='word_1_541' title='bbox 771 3581 881 3639; x_wconf 85' lang='lat' dir='ltr'><strong>resistat</strong></span> <span class='ocrx_word' id='word_1_542' title='bbox 894 3582 944 3640; x_wconf 87' lang='lat' dir='ltr'><strong>ali·</strong></span> <span class='ocrx_word' id='word_1_543' title='bbox 994 3597 1055 3637; x_wconf 90' lang='lat' dir='ltr'><strong>rum</strong></span> <span class='ocrx_word' id='word_1_544' title='bbox 1070 3579 1154 3636; x_wconf 86' lang='lat' dir='ltr'><strong>tentis</strong></span> <span class='ocrx_word' id='word_1_545' title='bbox 1167 3578 1297 3650; x_wconf 89' lang='lat' dir='ltr'><strong>periculis</strong></span> <span class='ocrx_word' id='word_1_546' title='bbox 1308 3589 1337 3637; x_wconf 91' lang='lat' dir='ltr'><strong>et</strong></span> <span class='ocrx_word' id='word_1_547' title='bbox 1349 3588 1405 3635; x_wconf 85' lang='lat' dir='ltr'><strong>tom</strong></span> <span class='ocrx_word' id='word_1_548' title='bbox 1419 3581 1548 3650; x_wconf 84' lang='lat' dir='ltr'><strong>gravibus</strong></span> <span class='ocrx_word' id='word_1_549' title='bbox 1567 3589 1650 3654; x_wconf 84' lang='lat' dir='ltr'><strong>etque</strong></span> <span class='ocrx_word' id='word_1_550' title='bbox 1672 3585 1789 3659; x_wconf 76' lang='lat' dir='ltr'><strong>ineuita-</strong></span> <span class='ocrx_word' id='word_1_551' title='bbox 1859 3596 1862 3601; x_wconf 60' lang='lat'><strong>⁴</strong></span> 
     </span>
     <span class='ocr_line' id='line_1_39' title="bbox 833 3669 1108 3731; baseline -0.007 -5"><span class='ocrx_word' id='word_1_552' title='bbox 833 3671 972 3731; x_wconf 73' lang='lat' dir='ltr'><strong>bstulit</strong></span> <span class='ocrx_word' id='word_1_553' title='bbox 990 3669 1108 3729; x_wconf 81' lang='lat' dir='ltr'><strong>NOTAE.</strong></span> 
     </span>
    </p>
   </div>
   <div class='ocr_carea' id='block_1_6' title="bbox 145 3759 1790 5694">
    <p class='ocr_par' dir='ltr' id='par_1_7' title="bbox 145 3759 1790 5386">
     <span class='ocr_line' id='line_1_40' title="bbox 145 3759 1788 3843; baseline 0 -23"><span class='ocrx_word' id='word_1_554' title='bbox 145 3762 262 3824; x_wconf 78' lang='lat' dir='ltr'><strong>naesism</strong></span> <span class='ocrx_word' id='word_1_555' title='bbox 272 3778 305 3828; x_wconf 88' lang='lat' dir='ltr'><strong>s;</strong></span> <span class='ocrx_word' id='word_1_556' title='bbox 319 3777 374 3819; x_wconf 93' lang='lat' dir='ltr'><strong>non</strong></span> <span class='ocrx_word' id='word_1_557' title='bbox 386 3770 476 3819; x_wconf 85' lang='lat' dir='ltr'><strong>nutem</strong></span> <span class='ocrx_word' id='word_1_558' title='bbox 484 3773 601 3828; x_wconf 85' lang='lat' dir='ltr'><strong>socrate,</strong></span> <span class='ocrx_word' id='word_1_559' title='bbox 612 3771 643 3818; x_wconf 90' lang='lat' dir='ltr'><strong>ot</strong></span> <span class='ocrx_word' id='word_1_560' title='bbox 652 3764 724 3820; x_wconf 89' lang='lat' dir='ltr'><strong>male</strong></span> <span class='ocrx_word' id='word_1_561' title='bbox 730 3763 908 3833; x_wconf 87' lang='lat' dir='ltr'><strong>scriptumest</strong></span> <span class='ocrx_word' id='word_1_562' title='bbox 917 3766 944 3820; x_wconf 94' lang='lat' dir='ltr'><strong>in</strong></span> <span class='ocrx_word' id='word_1_563' title='bbox 997 3776 1141 3834; x_wconf 91' lang='lat' dir='ltr'><strong>scoporum</strong></span> <span class='ocrx_word' id='word_1_564' title='bbox 1155 3760 1188 3815; x_wconf 88' lang='lat' dir='ltr'><strong>ad</strong></span> <span class='ocrx_word' id='word_1_565' title='bbox 1201 3759 1368 3842; x_wconf 65' lang='lat' dir='ltr'><strong>hodericum</strong></span> <span class='ocrx_word' id='word_1_566' title='bbox 1382 3774 1474 3843; x_wconf 84' lang='lat' dir='ltr'><strong>regem</strong></span> <span class='ocrx_word' id='word_1_567' title='bbox 1489 3759 1642 3817; x_wconf 76' lang='lat' dir='ltr'><strong>Germaniae</strong></span> <span class='ocrx_word' id='word_1_568' title='bbox 1658 3778 1719 3834; x_wconf 83' lang='lat' dir='ltr'><strong>cop.</strong></span> <span class='ocrx_word' id='word_1_569' title='bbox 1736 3766 1788 3822; x_wconf 78' lang='lat' dir='ltr'><strong>ts:</strong></span> 
     </span>
     <span class='ocr_line' id='line_1_41' title="bbox 146 3830 1788 3913; baseline -0.003 -20"><span class='ocrx_word' id='word_1_570' title='bbox 146 3835 266 3893; x_wconf 82' lang='lat' dir='ltr'><strong>editione</strong></span> <span class='ocrx_word' id='word_1_571' title='bbox 289 3833 415 3890; x_wconf 85' lang='lat' dir='ltr'><strong>llassoni.</strong></span> <span class='ocrx_word' id='word_1_572' title='bbox 431 3833 546 3890; x_wconf 81' lang='lat' dir='ltr'><strong>Saecula</strong></span> <span class='ocrx_word' id='word_1_573' title='bbox 564 3834 639 3900; x_wconf 81' lang='lat' dir='ltr'><strong>uine,</strong></span> <span class='ocrx_word' id='word_1_574' title='bbox 651 3834 677 3890; x_wconf 92' lang='lat' dir='ltr'><strong>id</strong></span> <span class='ocrx_word' id='word_1_575' title='bbox 692 3845 744 3898; x_wconf 87' lang='lat' dir='ltr'><strong>est,</strong></span> <span class='ocrx_word' id='word_1_576' title='bbox 756 3849 807 3905; x_wconf 90' lang='lat' dir='ltr'><strong>per</strong></span> <span class='ocrx_word' id='word_1_577' title='bbox 832 3850 942 3891; x_wconf 90' lang='lat' dir='ltr'><strong>saccum</strong></span> <span class='ocrx_word' id='word_1_578' title='bbox 1000 3830 1187 3889; x_wconf 72' lang='lat' dir='ltr'><strong>«constituite</strong></span> <span class='ocrx_word' id='word_1_579' title='bbox 1200 3839 1317 3886; x_wconf 77' lang='lat' dir='ltr'><strong>comites</strong></span> <span class='ocrx_word' id='word_1_580' title='bbox 1340 3837 1368 3886; x_wconf 91' lang='lat' dir='ltr'><strong>et</strong></span> <span class='ocrx_word' id='word_1_581' title='bbox 1389 3839 1530 3888; x_wconf 89' lang='lat' dir='ltr'><strong>mtntstros</strong></span> <span class='ocrx_word' id='word_1_582' title='bbox 1552 3833 1719 3913; x_wconf 87' lang='lat' dir='ltr'><strong>reipublicae,</strong></span> <span class='ocrx_word' id='word_1_583' title='bbox 1761 3839 1788 3893; x_wconf 83' lang='lat' dir='ltr'><strong>ni</strong></span> 
     </span>
     <span class='ocr_line' id='line_1_42' title="bbox 146 3850 1788 3985; baseline -0.001 -22"><span class='ocrx_word' id='word_1_584' title='bbox 146 3903 553 3976; x_wconf 61' lang='lat' dir='ltr'><strong>communicassemus</strong></span> <span class='ocrx_word' id='word_1_585' title='bbox 565 3920 616 3961; x_wconf 88' lang='lat' dir='ltr'><strong>nos</strong></span> <span class='ocrx_word' id='word_1_586' title='bbox 626 3905 707 3960; x_wconf 88' lang='lat' dir='ltr'><strong>bodie</strong></span> <span class='ocrx_word' id='word_1_587' title='bbox 719 3904 835 3961; x_wconf 90' lang='lat' dir='ltr'><strong>dicimus</strong></span> <span class='ocrx_word' id='word_1_588' title='bbox 848 3908 943 3961; x_wconf 82' lang='lat' dir='ltr'><strong>vinnm</strong></span> <span class='ocrx_word' id='word_1_589' title='bbox 996 3918 1049 3959; x_wconf 91' lang='lat' dir='ltr'><strong>non</strong></span> <span class='ocrx_word' id='word_1_590' title='bbox 1063 3903 1176 3973; x_wconf 85' lang='lat' dir='ltr'><strong>diligunt</strong></span> <span class='ocrx_word' id='word_1_591' title='bbox 1194 3915 1318 3984; x_wconf 82' lang='lat' dir='ltr'><strong>munere,</strong></span> <span class='ocrx_word' id='word_1_592' title='bbox 1335 3901 1381 3984; x_wconf 80' lang='lat' dir='ltr'><strong>qui</strong></span> <span class='ocrx_word' id='word_1_593' title='bbox 1392 3899 1486 3956; x_wconf 87' lang='lat' dir='ltr'><strong>odiunt</strong></span> <span class='ocrx_word' id='word_1_594' title='bbox 1506 3902 1657 3985; x_wconf 67' lang='lat' dir='ltr'><strong>auaritiam,</strong></span> <span class='ocrx_word' id='word_1_595' title='bbox 1674 3907 1719 3974; x_wconf 93' lang='lat' dir='ltr'><strong>qui</strong></span> <span class='ocrx_word' id='word_1_596' title='bbox 1741 3850 1788 3963; x_wconf 55' lang='lat' dir='ltr'><strong>ie-</strong></span> 
     </span>
     <span class='ocr_line' id='line_1_43' title="bbox 147 3972 1790 4047; baseline -0.001 -14"><span class='ocrx_word' id='word_1_597' title='bbox 147 3977 380 4047; x_wconf 83' lang='lat' dir='ltr'><strong>bippocretieom;</strong></span> <span class='ocrx_word' id='word_1_598' title='bbox 402 3976 474 4045; x_wconf 92' lang='lat' dir='ltr'><strong>quod</strong></span> <span class='ocrx_word' id='word_1_599' title='bbox 491 3990 579 4046; x_wconf 88' lang='lat' dir='ltr'><strong>genus</strong></span> <span class='ocrx_word' id='word_1_600' title='bbox 592 3975 713 4044; x_wconf 87' lang='lat' dir='ltr'><strong>potionis</strong></span> <span class='ocrx_word' id='word_1_601' title='bbox 732 3983 775 4032; x_wconf 89' lang='lat' dir='ltr'><strong>cst</strong></span> <span class='ocrx_word' id='word_1_602' title='bbox 793 3991 892 4047; x_wconf 81' lang='lat' dir='ltr'><strong>magno</strong></span> <span class='ocrx_word' id='word_1_603' title='bbox 918 3977 947 4032; x_wconf 92' lang='lat' dir='ltr'><strong>in</strong></span> <span class='ocrx_word' id='word_1_604' title='bbox 1001 3982 1137 4030; x_wconf 90' lang='lat' dir='ltr'><strong>testentur</strong></span> <span class='ocrx_word' id='word_1_605' title='bbox 1148 3972 1313 4041; x_wconf 81' lang='lat' dir='ltr'><strong>superbum,</strong></span> <span class='ocrx_word' id='word_1_606' title='bbox 1351 3987 1379 4026; x_wconf 87' lang='lat' dir='ltr'><strong>ur</strong></span> <span class='ocrx_word' id='word_1_607' title='bbox 1392 3986 1447 4027; x_wconf 92' lang='lat' dir='ltr'><strong>non</strong></span> <span class='ocrx_word' id='word_1_608' title='bbox 1461 3980 1616 4043; x_wconf 79' lang='lat' dir='ltr'><strong>oppriment</strong></span> <span class='ocrx_word' id='word_1_609' title='bbox 1638 3989 1726 4046; x_wconf 91' lang='lat' dir='ltr'><strong>neque</strong></span> <span class='ocrx_word' id='word_1_610' title='bbox 1742 3978 1790 4032; x_wconf 87' lang='lat' dir='ltr'><strong>de-</strong></span> 
     </span>
     <span class='ocr_line' id='line_1_44' title="bbox 147 4041 1790 4126; baseline 0.001 -24"><span class='ocrx_word' id='word_1_611' title='bbox 147 4059 224 4102; x_wconf 88' lang='lat' dir='ltr'><strong>nsus</strong></span> <span class='ocrx_word' id='word_1_612' title='bbox 243 4044 279 4099; x_wconf 91' lang='lat' dir='ltr'><strong>ud</strong></span> <span class='ocrx_word' id='word_1_613' title='bbox 293 4058 340 4099; x_wconf 90' lang='lat' dir='ltr'><strong>eos</strong></span> <span class='ocrx_word' id='word_1_614' title='bbox 356 4045 403 4112; x_wconf 92' lang='lat' dir='ltr'><strong>qui</strong></span> <span class='ocrx_word' id='word_1_615' title='bbox 418 4046 500 4100; x_wconf 84' lang='lat' dir='ltr'><strong>vitem</strong></span> <span class='ocrx_word' id='word_1_616' title='bbox 527 4044 553 4098; x_wconf 94' lang='lat' dir='ltr'><strong>in</strong></span> <span class='ocrx_word' id='word_1_617' title='bbox 581 4046 765 4116; x_wconf 83' lang='lat' dir='ltr'><strong>voluptatibus</strong></span> <span class='ocrx_word' id='word_1_618' title='bbox 790 4054 819 4101; x_wconf 90' lang='lat' dir='ltr'><strong>et</strong></span> <span class='ocrx_word' id='word_1_619' title='bbox 843 4047 949 4102; x_wconf 89' lang='lat' dir='ltr'><strong>deliciis</strong></span> <span class='ocrx_word' id='word_1_620' title='bbox 1001 4044 1145 4099; x_wconf 87' lang='lat' dir='ltr'><strong>honestent</strong></span> <span class='ocrx_word' id='word_1_621' title='bbox 1156 4057 1324 4114; x_wconf 74' lang='lat' dir='ltr'><strong>pagenses.»</strong></span> <span class='ocrx_word' id='word_1_622' title='bbox 1366 4043 1410 4126; x_wconf 79' lang='lat' dir='ltr'><strong>ide</strong></span> <span class='ocrx_word' id='word_1_623' title='bbox 1432 4041 1593 4126; x_wconf 78' lang='lat' dir='ltr'><strong>bignonium</strong></span> <span class='ocrx_word' id='word_1_624' title='bbox 1615 4043 1654 4126; x_wconf 38' lang='lat' dir='ltr'><strong>in·</strong></span> <span class='ocrx_word' id='word_1_625' title='bbox 1667 4047 1738 4103; x_wconf 87' lang='lat' dir='ltr'><strong>notis</strong></span> <span class='ocrx_word' id='word_1_626' title='bbox 1756 4049 1790 4103; x_wconf 89' lang='lat' dir='ltr'><strong>ad</strong></span> 
     </span>
     <span class='ocr_line' id='line_1_45' title="bbox 147 4111 1790 4265; baseline 0 -29"><span class='ocrx_word' id='word_1_627' title='bbox 147 4121 495 4254; x_wconf 56' lang='lat' dir='ltr'><strong>“fg{{ffi,²,¹”,2¹,&#39;,·²g„„‚</strong></span> <span class='ocrx_word' id='word_1_628' title='bbox 508 4183 535 4239; x_wconf 92' lang='lat' dir='ltr'><strong>id</strong></span> <span class='ocrx_word' id='word_1_629' title='bbox 548 4191 601 4248; x_wconf 88' lang='lat' dir='ltr'><strong>est,</strong></span> <span class='ocrx_word' id='word_1_630' title='bbox 616 4199 744 4255; x_wconf 89' lang='lat' dir='ltr'><strong>agmrum</strong></span> <span class='ocrx_word' id='word_1_631' title='bbox 756 4199 850 4239; x_wconf 89' lang='lat' dir='ltr'><strong>curam</strong></span> <span class='ocrx_word' id='word_1_632' title='bbox 863 4186 948 4241; x_wconf 90' lang='lat' dir='ltr'><strong>susci·</strong></span> <span class='ocrx_word' id='word_1_633' title='bbox 999 4111 1544 4265; x_wconf 49' lang='grc' dir='ltr'><strong>ιιιίίῗιῖἕήὲιιῐιῃοιῃιῗιιίῗὶιξὲἯοῃᾱυω</strong></span> <span class='ocrx_word' id='word_1_634' title='bbox 1555 4128 1583 4168; x_wconf 72' lang='lat' dir='ltr'>m</span> <span class='ocrx_word' id='word_1_635' title='bbox 1598 4123 1670 4170; x_wconf 60' lang='lat' dir='ltr'><strong>nous</strong></span> <span class='ocrx_word' id='word_1_636' title='bbox 1680 4116 1715 4171; x_wconf 63' lang='lat' dir='ltr'><strong>ad</strong></span> <span class='ocrx_word' id='word_1_637' title='bbox 1738 4117 1790 4173; x_wconf 42' lang='lat' dir='ltr'><strong>ea·</strong></span> 
     </span>
     <span class='ocr_line' id='line_1_46' title="bbox 147 4252 1790 4328; baseline 0.003 -22"><span class='ocrx_word' id='word_1_638' title='bbox 147 4252 236 4326; x_wconf 80' lang='lat' dir='ltr'><strong>piant,</strong></span> <span class='ocrx_word' id='word_1_639' title='bbox 252 4259 280 4307; x_wconf 92' lang='lat' dir='ltr'><strong>et</strong></span> <span class='ocrx_word' id='word_1_640' title='bbox 295 4260 440 4308; x_wconf 82' lang='lat' dir='ltr'><strong>exactores</strong></span> <span class='ocrx_word' id='word_1_641' title='bbox 453 4253 521 4308; x_wconf 85' lang='lat' dir='ltr'><strong>dant</strong></span> <span class='ocrx_word' id='word_1_642' title='bbox 539 4252 672 4309; x_wconf 88' lang='lat' dir='ltr'><strong>iisealium</strong></span> <span class='ocrx_word' id='word_1_643' title='bbox 685 4269 787 4320; x_wconf 89' lang='lat' dir='ltr'><strong>rerum,</strong></span> <span class='ocrx_word' id='word_1_644' title='bbox 803 4255 847 4309; x_wconf 79' lang='lat' dir='ltr'><strong>rei</strong></span> <span class='ocrx_word' id='word_1_645' title='bbox 875 4257 948 4311; x_wconf 88' lang='lat' dir='ltr'><strong>redi·</strong></span> <span class='ocrx_word' id='word_1_646' title='bbox 1038 4266 1050 4296; x_wconf 79' lang='lat'>⁸</span> <span class='ocrx_word' id='word_1_647' title='bbox 1076 4252 1188 4324; x_wconf 80' lang='lat' dir='ltr'><strong>llujoru</strong></span> <span class='ocrx_word' id='word_1_648' title='bbox 1207 4253 1308 4306; x_wconf 79' lang='lat' dir='ltr'><strong>ordines</strong></span> <span class='ocrx_word' id='word_1_649' title='bbox 1328 4252 1488 4319; x_wconf 85' lang='lat' dir='ltr'><strong>sacerdotes,</strong></span> <span class='ocrx_word' id='word_1_650' title='bbox 1513 4253 1541 4309; x_wconf 90' lang='lat' dir='ltr'><strong>id</strong></span> <span class='ocrx_word' id='word_1_651' title='bbox 1562 4261 1614 4321; x_wconf 92' lang='lat' dir='ltr'><strong>est,</strong></span> <span class='ocrx_word' id='word_1_652' title='bbox 1637 4256 1790 4328; x_wconf 85' lang='lat' dir='ltr'><strong>presbyteri</strong></span> 
     </span>
     <span class='ocr_line' id='line_1_47' title="bbox 148 4322 1789 4396; baseline 0.001 -16"><span class='ocrx_word' id='word_1_653' title='bbox 148 4333 237 4388; x_wconf 86' lang='lat' dir='ltr'><strong>mum,</strong></span> <span class='ocrx_word' id='word_1_654' title='bbox 258 4322 499 4394; x_wconf 82' lang='lat' dir='ltr'><strong>antrectigaiium.</strong></span> <span class='ocrx_word' id='word_1_655' title='bbox 512 4322 586 4378; x_wconf 90' lang='lat' dir='ltr'><strong>lstud</strong></span> <span class='ocrx_word' id='word_1_656' title='bbox 605 4323 751 4396; x_wconf 79' lang='lat' dir='ltr'><strong>dgoberdo</strong></span> <span class='ocrx_word' id='word_1_657' title='bbox 771 4325 945 4396; x_wconf 87' lang='lat' dir='ltr'><strong>displicebat,</strong></span> <span class='ocrx_word' id='word_1_658' title='bbox 1000 4338 1069 4393; x_wconf 90' lang='lat' dir='ltr'><strong>quos</strong></span> <span class='ocrx_word' id='word_1_659' title='bbox 1079 4339 1151 4379; x_wconf 89' lang='lat' dir='ltr'><strong>nnnc</strong></span> <span class='ocrx_word' id='word_1_660' title='bbox 1164 4338 1293 4378; x_wconf 81' lang='lat' dir='ltr'><strong>vocamus</strong></span> <span class='ocrx_word' id='word_1_661' title='bbox 1309 4331 1432 4379; x_wconf 88' lang='lat' dir='ltr'><strong>rectores</strong></span> <span class='ocrx_word' id='word_1_662' title='bbox 1445 4323 1622 4380; x_wconf 82' lang='lat' dir='ltr'><strong>ecelesiarum</strong></span> <span class='ocrx_word' id='word_1_663' title='bbox 1645 4328 1789 4395; x_wconf 83' lang='lat' dir='ltr'><strong>parocbia-</strong></span> 
     </span>
     <span class='ocr_line' id='line_1_48' title="bbox 146 4391 1789 4478; baseline 0.001 -28"><span class='ocrx_word' id='word_1_664' title='bbox 146 4402 177 4450; x_wconf 83' lang='lat' dir='ltr'><strong>et</strong></span> <span class='ocrx_word' id='word_1_665' title='bbox 189 4393 327 4464; x_wconf 80' lang='lat' dir='ltr'><strong>displicuit</strong></span> <span class='ocrx_word' id='word_1_666' title='bbox 342 4393 426 4448; x_wconf 88' lang='lat' dir='ltr'><strong>etiam</strong></span> <span class='ocrx_word' id='word_1_667' title='bbox 451 4393 579 4449; x_wconf 85' lang='lat' dir='ltr'><strong>Patribus</strong></span> <span class='ocrx_word' id='word_1_668' title='bbox 600 4393 695 4466; x_wconf 83' lang='lat' dir='ltr'><strong>synodi</strong></span> <span class='ocrx_word' id='word_1_669' title='bbox 716 4393 871 4452; x_wconf 84' lang='lat' dir='ltr'><strong>Ticlnensis</strong></span> <span class='ocrx_word' id='word_1_670' title='bbox 894 4397 943 4452; x_wconf 89' lang='lat' dir='ltr'><strong>ba·</strong></span> <span class='ocrx_word' id='word_1_671' title='bbox 999 4392 1081 4460; x_wconf 86' lang='lat' dir='ltr'><strong>lium;</strong></span> <span class='ocrx_word' id='word_1_672' title='bbox 1095 4408 1240 4463; x_wconf 84' lang='lat' dir='ltr'><strong>quosuero</strong></span> <span class='ocrx_word' id='word_1_673' title='bbox 1254 4392 1401 4464; x_wconf 87' lang='lat' dir='ltr'><strong>Gregorius</strong></span> <span class='ocrx_word' id='word_1_674' title='bbox 1423 4391 1535 4464; x_wconf 87' lang='lat' dir='ltr'><strong>iiegnus</strong></span> <span class='ocrx_word' id='word_1_675' title='bbox 1547 4402 1628 4451; x_wconf 83' lang='lat' dir='ltr'><strong>vocat</strong></span> <span class='ocrx_word' id='word_1_676' title='bbox 1649 4397 1789 4478; x_wconf 85' lang='lat' dir='ltr'><strong>presbyte-</strong></span> 
     </span>
     <span class='ocr_line' id='line_1_49' title="bbox 147 4449 1787 4535; baseline 0.001 -15"><span class='ocrx_word' id='word_1_677' title='bbox 147 4464 214 4520; x_wconf 77' lang='lat' dir='ltr'><strong>bilae</strong></span> <span class='ocrx_word' id='word_1_678' title='bbox 227 4465 299 4518; x_wconf 82' lang='lat' dir='ltr'><strong>circs</strong></span> <span class='ocrx_word' id='word_1_679' title='bbox 311 4478 412 4519; x_wconf 88' lang='lat' dir='ltr'><strong>anunm</strong></span> <span class='ocrx_word' id='word_1_680' title='bbox 422 4463 485 4519; x_wconf 80' lang='lat'><strong>85⁰.</strong></span> <span class='ocrx_word' id='word_1_681' title='bbox 499 4463 546 4520; x_wconf 84' lang='lat' dir='ltr'><strong>Sic</strong></span> <span class='ocrx_word' id='word_1_682' title='bbox 555 4464 629 4520; x_wconf 89' lang='lat' dir='ltr'><strong>enim</strong></span> <span class='ocrx_word' id='word_1_683' title='bbox 644 4465 682 4520; x_wconf 92' lang='lat' dir='ltr'><strong>illi</strong></span> <span class='ocrx_word' id='word_1_684' title='bbox 696 4466 844 4535; x_wconf 92' lang='lat' dir='ltr'><strong>loquuntur</strong></span> <span class='ocrx_word' id='word_1_685' title='bbox 856 4467 884 4522; x_wconf 93' lang='lat' dir='ltr'><strong>in</strong></span> <span class='ocrx_word' id='word_1_686' title='bbox 898 4449 982 4523; x_wconf 77' lang='lat' dir='ltr'><strong>ca-l)</strong></span> <span class='ocrx_word' id='word_1_687' title='bbox 996 4480 1041 4520; x_wconf 90' lang='lat' dir='ltr'><strong>ros</strong></span> <span class='ocrx_word' id='word_1_688' title='bbox 1056 4463 1217 4530; x_wconf 77' lang='lat' dir='ltr'><strong>cardinales,</strong></span> <span class='ocrx_word' id='word_1_689' title='bbox 1232 4463 1280 4518; x_wconf 90' lang='lat' dir='ltr'><strong>lib.</strong></span> <span class='ocrx_word' id='word_1_690' title='bbox 1296 4478 1328 4530; x_wconf 89' lang='lat' dir='ltr'><strong>u,</strong></span> <span class='ocrx_word' id='word_1_691' title='bbox 1356 4464 1435 4533; x_wconf 89' lang='lat' dir='ltr'><strong>epist.</strong></span> <span class='ocrx_word' id='word_1_692' title='bbox 1453 4464 1480 4529; x_wconf 84' lang='grc'><strong>9,</strong></span> <span class='ocrx_word' id='word_1_693' title='bbox 1496 4473 1527 4521; x_wconf 84' lang='grc' dir='ltr'><strong>ιι</strong></span> <span class='ocrx_word' id='word_1_694' title='bbox 1540 4479 1555 4519; x_wconf 84' lang='lat' dir='ltr'>a</span> <span class='ocrx_word' id='word_1_695' title='bbox 1569 4474 1675 4521; x_wconf 76' lang='lat' dir='ltr'><strong>ceteris</strong></span> <span class='ocrx_word' id='word_1_696' title='bbox 1689 4468 1787 4523; x_wconf 89' lang='lat' dir='ltr'><strong>distin-</strong></span> 
     </span>
     <span class='ocr_line' id='line_1_50' title="bbox 148 4532 1787 4608; baseline 0.002 -18"><span class='ocrx_word' id='word_1_697' title='bbox 148 4549 220 4590; x_wconf 90' lang='lat' dir='ltr'><strong>none</strong></span> <span class='ocrx_word' id='word_1_698' title='bbox 235 4534 287 4590; x_wconf 80' lang='lat'><strong>¹9:</strong></span> <span class='ocrx_word' id='word_1_699' title='bbox 306 4553 316 4584; x_wconf 80' lang='grc' dir='ltr'><strong>ι</strong></span> <span class='ocrx_word' id='word_1_700' title='bbox 333 4533 386 4589; x_wconf 86' lang='lat' dir='ltr'><strong>Sed</strong></span> <span class='ocrx_word' id='word_1_701' title='bbox 398 4542 427 4589; x_wconf 90' lang='lat' dir='ltr'><strong>et</strong></span> <span class='ocrx_word' id='word_1_702' title='bbox 437 4534 482 4590; x_wconf 91' lang='lat' dir='ltr'><strong>ille</strong></span> <span class='ocrx_word' id='word_1_703' title='bbox 498 4549 627 4591; x_wconf 82' lang='lat' dir='ltr'><strong>excessus</strong></span> <span class='ocrx_word' id='word_1_704' title='bbox 640 4536 802 4592; x_wconf 82' lang='lat' dir='ltr'><strong>inhibendus</strong></span> <span class='ocrx_word' id='word_1_705' title='bbox 815 4545 867 4599; x_wconf 89' lang='lat' dir='ltr'><strong>est,</strong></span> <span class='ocrx_word' id='word_1_706' title='bbox 887 4553 943 4608; x_wconf 92' lang='lat' dir='ltr'><strong>quo</strong></span> <span class='ocrx_word' id='word_1_707' title='bbox 994 4544 1071 4607; x_wconf 89' lang='lat' dir='ltr'><strong>gunt,</strong></span> <span class='ocrx_word' id='word_1_708' title='bbox 1083 4534 1201 4604; x_wconf 88' lang='lat' dir='ltr'><strong>itemque</strong></span> <span class='ocrx_word' id='word_1_709' title='bbox 1214 4532 1361 4589; x_wconf 84' lang='lat' dir='ltr'><strong>walterius</strong></span> <span class='ocrx_word' id='word_1_710' title='bbox 1379 4533 1523 4606; x_wconf 86' lang='lat' dir='ltr'><strong>episcopus</strong></span> <span class='ocrx_word' id='word_1_711' title='bbox 1535 4532 1740 4594; x_wconf 80' lang='lat' dir='ltr'><strong>Aurelianensis</strong></span> <span class='ocrx_word' id='word_1_712' title='bbox 1759 4538 1787 4593; x_wconf 90' lang='lat' dir='ltr'><strong>in</strong></span> 
     </span>
     <span class='ocr_line' id='line_1_51' title="bbox 148 4603 1787 4678; baseline 0.002 -20"><span class='ocrx_word' id='word_1_713' title='bbox 148 4605 258 4675; x_wconf 88' lang='lat' dir='ltr'><strong>qnidam</strong></span> <span class='ocrx_word' id='word_1_714' title='bbox 272 4604 416 4660; x_wconf 79' lang='lat' dir='ltr'><strong>seculares</strong></span> <span class='ocrx_word' id='word_1_715' title='bbox 430 4606 483 4660; x_wconf 82' lang='lat' dir='ltr'><strong>riri</strong></span> <span class='ocrx_word' id='word_1_716' title='bbox 497 4605 673 4677; x_wconf 82' lang='lat' dir='ltr'><strong>presbyteros</strong></span> <span class='ocrx_word' id='word_1_717' title='bbox 687 4616 734 4660; x_wconf 85' lang='lat' dir='ltr'><strong>ent</strong></span> <span class='ocrx_word' id='word_1_718' title='bbox 747 4606 814 4661; x_wconf 88' lang='lat' dir='ltr'><strong>alios</strong></span> <span class='ocrx_word' id='word_1_719' title='bbox 827 4608 942 4664; x_wconf 87' lang='lat' dir='ltr'><strong>clericos</strong></span> <span class='ocrx_word' id='word_1_720' title='bbox 993 4608 1082 4678; x_wconf 87' lang='lat' dir='ltr'><strong>capite</strong></span> <span class='ocrx_word' id='word_1_721' title='bbox 1117 4603 1238 4660; x_wconf 82' lang='lat' dir='ltr'><strong>secrtndo</strong></span> <span class='ocrx_word' id='word_1_722' title='bbox 1261 4618 1372 4659; x_wconf 90' lang='lat' dir='ltr'><strong>suorum</strong></span> <span class='ocrx_word' id='word_1_723' title='bbox 1399 4603 1596 4674; x_wconf 78' lang='lat' dir='ltr'><strong>capitulorum.</strong></span> <span class='ocrx_word' id='word_1_724' title='bbox 1623 4605 1682 4673; x_wconf 83' lang='lat' dir='ltr'><strong>Quo</strong></span> <span class='ocrx_word' id='word_1_725' title='bbox 1703 4608 1787 4663; x_wconf 92' lang='lat' dir='ltr'><strong>etiam</strong></span> 
     </span>
     <span class='ocr_line' id='line_1_52' title="bbox 146 4675 1790 4757; baseline 0.001 -27"><span class='ocrx_word' id='word_1_726' title='bbox 146 4675 339 4740; x_wconf 83' lang='lat' dir='ltr'><strong>conductores,</strong></span> <span class='ocrx_word' id='word_1_727' title='bbox 352 4675 393 4729; x_wconf 82' lang='lat' dir='ltr'><strong>rel</strong></span> <span class='ocrx_word' id='word_1_728' title='bbox 406 4684 610 4746; x_wconf 89' lang='lat' dir='ltr'><strong>procuratores,</strong></span> <span class='ocrx_word' id='word_1_729' title='bbox 623 4677 680 4732; x_wconf 86' lang='lat' dir='ltr'><strong>sire</strong></span> <span class='ocrx_word' id='word_1_730' title='bbox 692 4686 836 4733; x_wconf 81' lang='lat' dir='ltr'><strong>erectores</strong></span> <span class='ocrx_word' id='word_1_731' title='bbox 859 4677 942 4733; x_wconf 89' lang='lat' dir='ltr'><strong>lisca-</strong></span> <span class='ocrx_word' id='word_1_732' title='bbox 993 4677 1074 4731; x_wconf 91' lang='lat' dir='ltr'><strong>modo</strong></span> <span class='ocrx_word' id='word_1_733' title='bbox 1087 4675 1278 4757; x_wconf 83' lang='lat' dir='ltr'><strong>intelligendus</strong></span> <span class='ocrx_word' id='word_1_734' title='bbox 1291 4681 1334 4730; x_wconf 88' lang='lat' dir='ltr'><strong>est</strong></span> <span class='ocrx_word' id='word_1_735' title='bbox 1344 4675 1419 4730; x_wconf 89' lang='lat' dir='ltr'><strong>iocus</strong></span> <span class='ocrx_word' id='word_1_736' title='bbox 1441 4675 1541 4752; x_wconf 77' lang='lat' dir='ltr'><strong>Leonis</strong></span> <span class='ocrx_word' id='word_1_737' title='bbox 1552 4690 1629 4747; x_wconf 81' lang='lat' dir='ltr'><strong>papm</strong></span> <span class='ocrx_word' id='word_1_738' title='bbox 1651 4675 1686 4732; x_wconf 91' lang='lat' dir='ltr'><strong>de</strong></span> <span class='ocrx_word' id='word_1_739' title='bbox 1699 4692 1790 4734; x_wconf 84' lang='lat' dir='ltr'><strong>sucer-</strong></span> 
     </span>
     <span class='ocr_line' id='line_1_53' title="bbox 146 4744 1788 4818; baseline 0.002 -18"><span class='ocrx_word' id='word_1_740' title='bbox 146 4744 214 4800; x_wconf 89' lang='lat' dir='ltr'><strong>liom</strong></span> <span class='ocrx_word' id='word_1_741' title='bbox 226 4759 328 4809; x_wconf 88' lang='lat' dir='ltr'><strong>rerum,</strong></span> <span class='ocrx_word' id='word_1_742' title='bbox 352 4744 394 4799; x_wconf 79' lang='lat' dir='ltr'><strong>rei</strong></span> <span class='ocrx_word' id='word_1_743' title='bbox 417 4746 565 4811; x_wconf 88' lang='lat' dir='ltr'><strong>redituum,</strong></span> <span class='ocrx_word' id='word_1_744' title='bbox 580 4753 627 4800; x_wconf 88' lang='lat' dir='ltr'><strong>aut</strong></span> <span class='ocrx_word' id='word_1_745' title='bbox 641 4746 826 4818; x_wconf 74' lang='lat' dir='ltr'><strong>uectigalium,</strong></span> <span class='ocrx_word' id='word_1_746' title='bbox 844 4748 944 4802; x_wconf 89' lang='lat' dir='ltr'><strong>cousti-</strong></span> <span class='ocrx_word' id='word_1_747' title='bbox 992 4747 1102 4803; x_wconf 89' lang='lat' dir='ltr'><strong>dotibus</strong></span> <span class='ocrx_word' id='word_1_748' title='bbox 1112 4744 1306 4812; x_wconf 79' lang='lat' dir='ltr'><strong>cardinalibus,</strong></span> <span class='ocrx_word' id='word_1_749' title='bbox 1318 4745 1419 4801; x_wconf 87' lang='lat' dir='ltr'><strong>relatus</strong></span> <span class='ocrx_word' id='word_1_750' title='bbox 1432 4747 1460 4800; x_wconf 90' lang='lat' dir='ltr'><strong>in</strong></span> <span class='ocrx_word' id='word_1_751' title='bbox 1477 4747 1547 4805; x_wconf 87' lang='lat' dir='ltr'><strong>libro</strong></span> <span class='ocrx_word' id='word_1_752' title='bbox 1557 4748 1645 4816; x_wconf 91' lang='lat' dir='ltr'><strong>primo</strong></span> <span class='ocrx_word' id='word_1_753' title='bbox 1659 4746 1788 4803; x_wconf 81' lang='lat' dir='ltr'><strong>becreta·</strong></span> 
     </span>
     <span class='ocr_line' id='line_1_54' title="bbox 148 4813 1787 4886; baseline 0.002 -15"><span class='ocrx_word' id='word_1_754' title='bbox 148 4822 239 4871; x_wconf 87' lang='lat' dir='ltr'><strong>tunnt.</strong></span> <span class='ocrx_word' id='word_1_755' title='bbox 256 4813 287 4869; x_wconf 83' lang='lat' dir='ltr'><strong>Si</strong></span> <span class='ocrx_word' id='word_1_756' title='bbox 305 4813 367 4883; x_wconf 86' lang='lat' dir='ltr'><strong>quis</strong></span> <span class='ocrx_word' id='word_1_757' title='bbox 391 4815 473 4886; x_wconf 84' lang='lat' dir='ltr'><strong>igitur</strong></span> <span class='ocrx_word' id='word_1_758' title='bbox 490 4814 617 4884; x_wconf 84' lang='lat' dir='ltr'><strong>deinceps</strong></span> <span class='ocrx_word' id='word_1_759' title='bbox 633 4815 713 4884; x_wconf 76' lang='lat' dir='ltr'><strong>buius</strong></span> <span class='ocrx_word' id='word_1_760' title='bbox 733 4816 943 4874; x_wconf 84' lang='lat' dir='ltr'><strong>exorbitationis</strong></span> <span class='ocrx_word' id='word_1_761' title='bbox 992 4817 1059 4872; x_wconf 93' lang='lat' dir='ltr'><strong>iinm</strong></span> <span class='ocrx_word' id='word_1_762' title='bbox 1071 4816 1115 4871; x_wconf 90' lang='lat' dir='ltr'><strong>tit.</strong></span> <span class='ocrx_word' id='word_1_763' title='bbox 1130 4815 1176 4883; x_wconf 65' lang='lat' dir='ltr'><strong>il,</strong></span> <span class='ocrx_word' id='word_1_764' title='bbox 1189 4831 1248 4885; x_wconf 83' lang='lat' dir='ltr'><strong>cup.</strong></span> <span class='ocrx_word' id='word_1_765' title='bbox 1263 4815 1291 4869; x_wconf 65' lang='grc' dir='ltr'><strong>ι.</strong></span> <span class='ocrx_word' id='word_1_766' title='bbox 1307 4814 1400 4886; x_wconf 85' lang='lat' dir='ltr'><strong>Neque</strong></span> <span class='ocrx_word' id='word_1_767' title='bbox 1418 4816 1491 4871; x_wconf 88' lang='lat' dir='ltr'><strong>enim</strong></span> <span class='ocrx_word' id='word_1_768' title='bbox 1503 4816 1641 4871; x_wconf 85' lang='lat' dir='ltr'><strong>assentior</strong></span> <span class='ocrx_word' id='word_1_769' title='bbox 1648 4816 1787 4883; x_wconf 84' lang='lat' dir='ltr'><strong>Duercno,</strong></span> 
     </span>
     <span class='ocr_line' id='line_1_55' title="bbox 148 4880 1788 4956; baseline 0.002 -15"><span class='ocrx_word' id='word_1_770' title='bbox 148 4899 213 4941; x_wconf 88' lang='lat' dir='ltr'><strong>reus</strong></span> <span class='ocrx_word' id='word_1_771' title='bbox 223 4885 350 4940; x_wconf 81' lang='lat' dir='ltr'><strong>intentus</strong></span> <span class='ocrx_word' id='word_1_772' title='bbox 360 4880 453 4950; x_wconf 86' lang='lat' dir='ltr'><strong>luerit,</strong></span> <span class='ocrx_word' id='word_1_773' title='bbox 466 4891 582 4954; x_wconf 90' lang='lat' dir='ltr'><strong>uterque</strong></span> <span class='ocrx_word' id='word_1_774' title='bbox 598 4887 862 4952; x_wconf 86' lang='lat' dir='ltr'><strong>excommunicetur,</strong></span> <span class='ocrx_word' id='word_1_775' title='bbox 885 4895 942 4942; x_wconf 92' lang='lat' dir='ltr'><strong>tam</strong></span> <span class='ocrx_word' id='word_1_776' title='bbox 993 4886 1081 4956; x_wconf 91' lang='lat' dir='ltr'><strong>quiin</strong></span> <span class='ocrx_word' id='word_1_777' title='bbox 1096 4887 1166 4942; x_wconf 90' lang='lat' dir='ltr'><strong>libro</strong></span> <span class='ocrx_word' id='word_1_778' title='bbox 1182 4902 1201 4952; x_wconf 89' lang='grc' dir='ltr'><strong>ι,</strong></span> <span class='ocrx_word' id='word_1_779' title='bbox 1218 4900 1278 4955; x_wconf 88' lang='lat' dir='ltr'><strong>cup.</strong></span> <span class='ocrx_word' id='word_1_780' title='bbox 1292 4887 1327 4942; x_wconf 81' lang='lat' dir='ltr'><strong>lb</strong></span> <span class='ocrx_word' id='word_1_781' title='bbox 1342 4887 1376 4942; x_wconf 88' lang='lat' dir='ltr'><strong>de</strong></span> <span class='ocrx_word' id='word_1_782' title='bbox 1387 4884 1481 4942; x_wconf 89' lang='lat' dir='ltr'><strong>Sacris</strong></span> <span class='ocrx_word' id='word_1_783' title='bbox 1496 4885 1624 4942; x_wconf 83' lang='lat' dir='ltr'><strong>Ecclesiae</strong></span> <span class='ocrx_word' id='word_1_784' title='bbox 1632 4886 1788 4945; x_wconf 88' lang='lat' dir='ltr'><strong>llinistcriis</strong></span> 
     </span>
     <span class='ocr_line' id='line_1_56' title="bbox 148 4954 1789 5029; baseline 0.002 -19"><span class='ocrx_word' id='word_1_785' title='bbox 148 4956 208 5025; x_wconf 87' lang='lat' dir='ltr'><strong>ipsc</strong></span> <span class='ocrx_word' id='word_1_786' title='bbox 219 4956 267 5026; x_wconf 90' lang='lat' dir='ltr'><strong>qni</strong></span> <span class='ocrx_word' id='word_1_787' title='bbox 285 4954 438 5020; x_wconf 87' lang='lat' dir='ltr'><strong>constituit,</strong></span> <span class='ocrx_word' id='word_1_788' title='bbox 462 4970 543 5024; x_wconf 82' lang='lat' dir='ltr'><strong>quum</strong></span> <span class='ocrx_word' id='word_1_789' title='bbox 558 4954 602 5009; x_wconf 88' lang='lat' dir='ltr'><strong>iile</strong></span> <span class='ocrx_word' id='word_1_790' title='bbox 616 4955 662 5026; x_wconf 90' lang='lat' dir='ltr'><strong>qni</strong></span> <span class='ocrx_word' id='word_1_791' title='bbox 679 4956 788 5028; x_wconf 89' lang='lat' dir='ltr'><strong>indigne</strong></span> <span class='ocrx_word' id='word_1_792' title='bbox 800 4957 901 5029; x_wconf 86' lang='lat' dir='ltr'><strong>pnrnit.</strong></span> <span class='ocrx_word' id='word_1_793' title='bbox 929 4977 938 5010; x_wconf 87' lang='lat' dir='ltr'><strong>t</strong></span> <span class='ocrx_word' id='word_1_794' title='bbox 994 4958 1067 5013; x_wconf 87' lang='lat' dir='ltr'><strong>hune</strong></span> <span class='ocrx_word' id='word_1_795' title='bbox 1079 4957 1169 5013; x_wconf 91' lang='lat' dir='ltr'><strong>iocum</strong></span> <span class='ocrx_word' id='word_1_796' title='bbox 1181 4957 1377 5027; x_wconf 85' lang='lat' dir='ltr'><strong>interpretetur</strong></span> <span class='ocrx_word' id='word_1_797' title='bbox 1394 4957 1427 5011; x_wconf 90' lang='lat' dir='ltr'><strong>de</strong></span> <span class='ocrx_word' id='word_1_798' title='bbox 1441 4956 1609 5029; x_wconf 86' lang='lat' dir='ltr'><strong>presbyteris</strong></span> <span class='ocrx_word' id='word_1_799' title='bbox 1620 4958 1666 5028; x_wconf 90' lang='lat' dir='ltr'><strong>qni</strong></span> <span class='ocrx_word' id='word_1_800' title='bbox 1686 4958 1714 5013; x_wconf 92' lang='lat' dir='ltr'><strong>in</strong></span> <span class='ocrx_word' id='word_1_801' title='bbox 1729 4974 1789 5014; x_wconf 83' lang='lat' dir='ltr'><strong>ma·</strong></span> 
     </span>
     <span class='ocr_line' id='line_1_57' title="bbox 148 5025 1789 5098; baseline 0.002 -18"><span class='ocrx_word' id='word_1_802' title='bbox 148 5025 237 5094; x_wconf 72' lang='lat' dir='ltr'><strong>Atque</strong></span> <span class='ocrx_word' id='word_1_803' title='bbox 251 5025 323 5081; x_wconf 90' lang='lat' dir='ltr'><strong>istud</strong></span> <span class='ocrx_word' id='word_1_804' title='bbox 335 5026 423 5096; x_wconf 89' lang='lat' dir='ltr'><strong>ipsum</strong></span> <span class='ocrx_word' id='word_1_805' title='bbox 436 5025 556 5095; x_wconf 79' lang='lat' dir='ltr'><strong>graviter</strong></span> <span class='ocrx_word' id='word_1_806' title='bbox 569 5025 698 5097; x_wconf 88' lang='lat' dir='ltr'><strong>deinceps</strong></span> <span class='ocrx_word' id='word_1_807' title='bbox 732 5029 879 5083; x_wconf 86' lang='lat' dir='ltr'><strong>rohibitum</strong></span> <span class='ocrx_word' id='word_1_808' title='bbox 900 5035 942 5083; x_wconf 87' lang='lat' dir='ltr'><strong>est</strong></span> <span class='ocrx_word' id='word_1_809' title='bbox 990 5026 1051 5098; x_wconf 75' lang='lat' dir='ltr'><strong>iore</strong></span> <span class='ocrx_word' id='word_1_810' title='bbox 1062 5026 1190 5092; x_wconf 81' lang='lat' dir='ltr'><strong>eeclesia,</strong></span> <span class='ocrx_word' id='word_1_811' title='bbox 1205 5042 1287 5096; x_wconf 90' lang='lat' dir='ltr'><strong>quam</strong></span> <span class='ocrx_word' id='word_1_812' title='bbox 1300 5026 1485 5084; x_wconf 78' lang='lat' dir='ltr'><strong>cathedralem</strong></span> <span class='ocrx_word' id='word_1_813' title='bbox 1499 5028 1631 5094; x_wconf 88' lang='lat' dir='ltr'><strong>dicimus,</strong></span> <span class='ocrx_word' id='word_1_814' title='bbox 1646 5042 1704 5084; x_wconf 88' lang='lat' dir='ltr'><strong>rem</strong></span> <span class='ocrx_word' id='word_1_815' title='bbox 1721 5028 1789 5084; x_wconf 83' lang='lat' dir='ltr'><strong>diui·</strong></span> 
     </span>
     <span class='ocr_line' id='line_1_58' title="bbox 148 5094 1788 5180; baseline 0.003 -31"><span class='ocrx_word' id='word_1_816' title='bbox 148 5094 178 5150; x_wconf 89' lang='lat' dir='ltr'><strong>in</strong></span> <span class='ocrx_word' id='word_1_817' title='bbox 191 5111 230 5180; x_wconf 79' lang='lat'><strong>⁵..</strong></span> <span class='ocrx_word' id='word_1_818' title='bbox 241 5097 301 5152; x_wconf 87' lang='lat' dir='ltr'><strong>odis</strong></span> <span class='ocrx_word' id='word_1_819' title='bbox 315 5095 495 5166; x_wconf 88' lang='lat' dir='ltr'><strong>posteriomm</strong></span> <span class='ocrx_word' id='word_1_820' title='bbox 510 5094 681 5151; x_wconf 71' lang='lat' dir='ltr'><strong>soeculorum.</strong></span> <span class='ocrx_word' id='word_1_821' title='bbox 720 5113 797 5152; x_wconf 88' lang='lat' dir='ltr'><strong>crum</strong></span> <span class='ocrx_word' id='word_1_822' title='bbox 815 5099 885 5153; x_wconf 84' lang='lat' dir='ltr'><strong>urata</strong></span> <span class='ocrx_word' id='word_1_823' title='bbox 902 5112 944 5154; x_wconf 87' lang='lat' dir='ltr'><strong>re·</strong></span> <span class='ocrx_word' id='word_1_824' title='bbox 993 5097 1359 5179; x_wconf 81' lang='lat' dir='ltr'><strong>nemsimulcumepiscopo</strong></span> <span class='ocrx_word' id='word_1_825' title='bbox 1382 5097 1556 5164; x_wconf 88' lang='lat' dir='ltr'><strong>suolacinnt,</strong></span> <span class='ocrx_word' id='word_1_826' title='bbox 1572 5099 1695 5153; x_wconf 82' lang='lat' dir='ltr'><strong>cononici</strong></span> <span class='ocrx_word' id='word_1_827' title='bbox 1708 5098 1788 5155; x_wconf 88' lang='lat' dir='ltr'><strong>bodie</strong></span> 
     </span>
     <span class='ocr_line' id='line_1_59' title="bbox 149 5165 1790 5321; baseline 0.001 -30"><span class='ocrx_word' id='word_1_828' title='bbox 149 5179 202 5315; x_wconf 57' lang='lat' dir='ltr'><strong>me}</strong></span> <span class='ocrx_word' id='word_1_829' title='bbox 214 5166 537 5308; x_wconf 34' lang='grc' dir='ltr'><strong>1ΙὸβιξιὶιιηιῖῗωΙθιΣυιιιὶιιιιιιιιι</strong></span> <span class='ocrx_word' id='word_1_830' title='bbox 557 5235 654 5292; x_wconf 86' lang='lat' dir='ltr'><strong>codes.</strong></span> <span class='ocrx_word' id='word_1_831' title='bbox 682 5236 825 5295; x_wconf 87' lang='lat' dir='ltr'><strong>ilassonus</strong></span> <span class='ocrx_word' id='word_1_832' title='bbox 851 5246 943 5296; x_wconf 83' lang='lat' dir='ltr'><strong>temen</strong></span> <span class='ocrx_word' id='word_1_833' title='bbox 993 5165 1363 5320; x_wconf 39' lang='lat' dir='ltr'><strong>vuigoiigfriiffgleccledm,</strong></span> <span class='ocrx_word' id='word_1_834' title='bbox 1392 5236 1496 5318; x_wconf 82' lang='lat' dir='ltr'><strong>idest,</strong></span> <span class='ocrx_word' id='word_1_835' title='bbox 1523 5238 1695 5321; x_wconf 79' lang='lat' dir='ltr'><strong>parochiales</strong></span> <span class='ocrx_word' id='word_1_836' title='bbox 1718 5238 1790 5321; x_wconf 77' lang='lat' dir='ltr'><strong>und</strong></span> 
     </span>
     <span class='ocr_line' id='line_1_60' title="bbox 149 5303 1790 5386; baseline 0.002 -27"><span class='ocrx_word' id='word_1_837' title='bbox 149 5303 388 5386; x_wconf 81' lang='lat' dir='ltr'><strong>cdtdltsermones.</strong></span> <span class='ocrx_word' id='word_1_838' title='bbox 993 5323 1063 5380; x_wconf 81' lang='lat' dir='ltr'><strong>quus</strong></span> <span class='ocrx_word' id='word_1_839' title='bbox 1077 5315 1170 5362; x_wconf 85' lang='lat' dir='ltr'><strong>rnsertr</strong></span> <span class='ocrx_word' id='word_1_840' title='bbox 1198 5321 1293 5362; x_wconf 88' lang='lat' dir='ltr'><strong>sumus</strong></span> <span class='ocrx_word' id='word_1_841' title='bbox 1315 5322 1423 5376; x_wconf 81' lang='lat' dir='ltr'><strong>corpori</strong></span> <span class='ocrx_word' id='word_1_842' title='bbox 1447 5306 1561 5375; x_wconf 79' lang='lat' dir='ltr'><strong>Christi,</strong></span> <span class='ocrx_word' id='word_1_843' title='bbox 1586 5320 1615 5382; x_wconf 86' lang='lat' dir='ltr'><strong>et</strong></span> <span class='ocrx_word' id='word_1_844' title='bbox 1640 5311 1667 5364; x_wconf 91' lang='lat' dir='ltr'><strong>in</strong></span> <span class='ocrx_word' id='word_1_845' title='bbox 1690 5323 1790 5380; x_wconf 78' lang='lat' dir='ltr'><strong>quitus</strong></span> 
     </span>
    </p>

    <p class='ocr_par' dir='ltr' id='par_1_8' title="bbox 149 5374 1790 5694">
     <span class='ocr_line' id='line_1_61' title="bbox 188 5374 1790 5443; baseline 0.004 -16"><span class='ocrx_word' id='word_1_846' title='bbox 188 5374 425 5441; x_wconf 68' lang='lat' dir='ltr'><strong>ebeneficialibus,</strong></span> <span class='ocrx_word' id='word_1_847' title='bbox 445 5376 471 5430; x_wconf 89' lang='lat' dir='ltr'><strong>id</strong></span> <span class='ocrx_word' id='word_1_848' title='bbox 488 5385 542 5442; x_wconf 90' lang='lat' dir='ltr'><strong>est,</strong></span> <span class='ocrx_word' id='word_1_849' title='bbox 555 5374 682 5443; x_wconf 81' lang='lat' dir='ltr'><strong>tesselis,</strong></span> <span class='ocrx_word' id='word_1_850' title='bbox 703 5377 748 5433; x_wconf 84' lang='lat' dir='ltr'><strong>rel</strong></span> <span class='ocrx_word' id='word_1_851' title='bbox 771 5377 941 5435; x_wconf 77' lang='lat' dir='ltr'><strong>feudatariis.</strong></span> <span class='ocrx_word' id='word_1_852' title='bbox 994 5379 1100 5435; x_wconf 87' lang='lat' dir='ltr'><strong>educati</strong></span> <span class='ocrx_word' id='word_1_853' title='bbox 1114 5391 1217 5433; x_wconf 87' lang='lat' dir='ltr'><strong>sumus.</strong></span> <span class='ocrx_word' id='word_1_854' title='bbox 1236 5376 1345 5431; x_wconf 72' lang='lat' dir='ltr'><strong>Eisdem</strong></span> <span class='ocrx_word' id='word_1_855' title='bbox 1362 5377 1442 5433; x_wconf 72' lang='lat' dir='ltr'><strong>diotre</strong></span> <span class='ocrx_word' id='word_1_856' title='bbox 1457 5388 1520 5434; x_wconf 88' lang='lat' dir='ltr'><strong>sunt</strong></span> <span class='ocrx_word' id='word_1_857' title='bbox 1534 5380 1657 5435; x_wconf 77' lang='lat' dir='ltr'><strong>rectrices</strong></span> <span class='ocrx_word' id='word_1_858' title='bbox 1672 5380 1699 5434; x_wconf 92' lang='lat' dir='ltr'><strong>in</strong></span> <span class='ocrx_word' id='word_1_859' title='bbox 1724 5394 1790 5433; x_wconf 90' lang='lat' dir='ltr'><strong>con·</strong></span> 
     </span>
     <span class='ocr_line' id='line_1_62' title="bbox 150 5441 1790 5519; baseline 0.003 -21"><span class='ocrx_word' id='word_1_860' title='bbox 150 5441 317 5499; x_wconf 79' lang='lat' dir='ltr'><strong>Bcneiicium</strong></span> <span class='ocrx_word' id='word_1_861' title='bbox 335 5446 407 5500; x_wconf 90' lang='lat' dir='ltr'><strong>enim</strong></span> <span class='ocrx_word' id='word_1_862' title='bbox 432 5455 489 5502; x_wconf 91' lang='lat' dir='ltr'><strong>tum</strong></span> <span class='ocrx_word' id='word_1_863' title='bbox 503 5447 652 5513; x_wconf 88' lang='lat' dir='ltr'><strong>dicebatur,</strong></span> <span class='ocrx_word' id='word_1_864' title='bbox 678 5448 750 5517; x_wconf 90' lang='lat' dir='ltr'><strong>quod</strong></span> <span class='ocrx_word' id='word_1_865' title='bbox 765 5449 876 5504; x_wconf 89' lang='lat' dir='ltr'><strong>lendum</strong></span> <span class='ocrx_word' id='word_1_866' title='bbox 892 5464 942 5519; x_wconf 81' lang='lat' dir='ltr'><strong>po·</strong></span> <span class='ocrx_word' id='word_1_867' title='bbox 994 5449 1057 5505; x_wconf 92' lang='lat' dir='ltr'><strong>cilio</strong></span> <span class='ocrx_word' id='word_1_868' title='bbox 1069 5447 1252 5504; x_wconf 81' lang='lat' dir='ltr'><strong>Cabillonensi</strong></span> <span class='ocrx_word' id='word_1_869' title='bbox 1267 5447 1339 5517; x_wconf 92' lang='lat' dir='ltr'><strong>quod</strong></span> <span class='ocrx_word' id='word_1_870' title='bbox 1350 5462 1421 5503; x_wconf 83' lang='lat' dir='ltr'><strong>enno</strong></span> <span class='ocrx_word' id='word_1_871' title='bbox 1434 5448 1487 5504; x_wconf 83' lang='grc'><strong>915</strong></span> <span class='ocrx_word' id='word_1_872' title='bbox 1504 5450 1626 5506; x_wconf 84' lang='lat' dir='ltr'><strong>habitum</strong></span> <span class='ocrx_word' id='word_1_873' title='bbox 1645 5458 1698 5514; x_wconf 89' lang='lat' dir='ltr'><strong>est,</strong></span> <span class='ocrx_word' id='word_1_874' title='bbox 1712 5446 1790 5518; x_wconf 78' lang='lat' dir='ltr'><strong>cuins</strong></span> 
     </span>
     <span class='ocr_line' id='line_1_63' title="bbox 149 5513 1789 5592; baseline 0.002 -22"><span class='ocrx_word' id='word_1_875' title='bbox 149 5521 210 5570; x_wconf 76' lang='lat' dir='ltr'><strong>stes</strong></span> <span class='ocrx_word' id='word_1_876' title='bbox 223 5513 324 5569; x_wconf 91' lang='lat' dir='ltr'><strong>dictum</strong></span> <span class='ocrx_word' id='word_1_877' title='bbox 337 5524 392 5580; x_wconf 87' lang='lat' dir='ltr'><strong>ost;</strong></span> <span class='ocrx_word' id='word_1_878' title='bbox 413 5524 444 5571; x_wconf 93' lang='lat' dir='ltr'><strong>ut</strong></span> <span class='ocrx_word' id='word_1_879' title='bbox 456 5518 648 5574; x_wconf 79' lang='lat' dir='ltr'><strong>adnotavimus</strong></span> <span class='ocrx_word' id='word_1_880' title='bbox 668 5519 702 5574; x_wconf 92' lang='lat' dir='ltr'><strong>ad</strong></span> <span class='ocrx_word' id='word_1_881' title='bbox 723 5519 866 5590; x_wconf 87' lang='lat' dir='ltr'><strong>epistolam</strong></span> <span class='ocrx_word' id='word_1_882' title='bbox 891 5520 943 5576; x_wconf 80' lang='lat' dir='ltr'><strong>ltu</strong></span> <span class='ocrx_word' id='word_1_883' title='bbox 994 5520 1175 5592; x_wconf 76' lang='lat' dir='ltr'><strong>fragmentum</strong></span> <span class='ocrx_word' id='word_1_884' title='bbox 1192 5517 1277 5573; x_wconf 84' lang='lat' dir='ltr'><strong>edidit</strong></span> <span class='ocrx_word' id='word_1_885' title='bbox 1291 5514 1443 5585; x_wconf 55' lang='lat' dir='ltr'><strong>Sestertium,</strong></span> <span class='ocrx_word' id='word_1_886' title='bbox 1456 5519 1521 5576; x_wconf 89' lang='lat' dir='ltr'><strong>item</strong></span> <span class='ocrx_word' id='word_1_887' title='bbox 1541 5537 1576 5576; x_wconf 90' lang='lat' dir='ltr'><strong>ue</strong></span> <span class='ocrx_word' id='word_1_888' title='bbox 1595 5521 1666 5592; x_wconf 81' lang='lat' dir='ltr'><strong>apud</strong></span> <span class='ocrx_word' id='word_1_889' title='bbox 1679 5519 1789 5577; x_wconf 82' lang='lat' dir='ltr'><strong>ivonem</strong></span> 
     </span>
     <span class='ocr_line' id='line_1_64' title="bbox 151 5534 1790 5694; baseline 0.004 -55"><span class='ocrx_word' id='word_1_890' title='bbox 151 5580 427 5694; x_wconf 60' lang='lat' dir='ltr'><strong>imperemusque.</strong></span> <span class='ocrx_word' id='word_1_891' title='bbox 994 5591 1021 5647; x_wconf 91' lang='lat' dir='ltr'><strong>in</strong></span> <span class='ocrx_word' id='word_1_892' title='bbox 1040 5589 1154 5661; x_wconf 87' lang='lat' dir='ltr'><strong>epistola</strong></span> <span class='ocrx_word' id='word_1_893' title='bbox 1171 5587 1231 5642; x_wconf 79' lang='lat' dir='ltr'><strong>tlt.</strong></span> <span class='ocrx_word' id='word_1_894' title='bbox 1245 5585 1274 5642; x_wconf 93' lang='lat' dir='ltr'><strong>in</strong></span> <span class='ocrx_word' id='word_1_895' title='bbox 1289 5589 1407 5644; x_wconf 90' lang='lat' dir='ltr'><strong>concilio</strong></span> <span class='ocrx_word' id='word_1_896' title='bbox 1421 5598 1512 5646; x_wconf 85' lang='lat' dir='ltr'><strong>tamen</strong></span> <span class='ocrx_word' id='word_1_897' title='bbox 1523 5534 1790 5664; x_wconf 51' lang='lat' dir='ltr'><strong>Eartlruginelmbito</strong></span> 
     </span>
    </p>
   </div>
   <div class='ocr_carea' id='block_1_7' title="bbox 219 5651 1787 5785">
    <p class='ocr_par' dir='ltr' id='par_1_9' title="bbox 219 5651 1787 5785">
     <span class='ocr_line' id='line_1_65' title="bbox 219 5651 1787 5785; baseline 0.006 -79"><span class='ocrx_word' id='word_1_898' title='bbox 219 5651 398 5725; x_wconf 79' lang='lat' dir='ltr'><strong>Pepeusiiss,</strong></span> <span class='ocrx_word' id='word_1_899' title='bbox 414 5655 506 5722; x_wconf 88' lang='lat' dir='ltr'><strong>idest,</strong></span> <span class='ocrx_word' id='word_1_900' title='bbox 529 5673 563 5713; x_wconf 84' lang='lat' dir='ltr'><strong>ex</strong></span> <span class='ocrx_word' id='word_1_901' title='bbox 576 5659 611 5715; x_wconf 89' lang='lat' dir='ltr'><strong>iis</strong></span> <span class='ocrx_word' id='word_1_902' title='bbox 622 5662 678 5785; x_wconf 54' lang='lat' dir='ltr'><strong>fflqui</strong></span> <span class='ocrx_word' id='word_1_903' title='bbox 698 5661 726 5717; x_wconf 90' lang='lat' dir='ltr'><strong>in</strong></span> <span class='ocrx_word' id='word_1_904' title='bbox 744 5675 814 5733; x_wconf 77' lang='lat' dir='ltr'><strong>pago</strong></span> <span class='ocrx_word' id='word_1_905' title='bbox 828 5661 896 5717; x_wconf 84' lang='lat' dir='ltr'><strong>milri</strong></span> <span class='ocrx_word' id='word_1_906' title='bbox 909 5663 943 5718; x_wconf 86' lang='lat' dir='ltr'><strong>ed</strong></span> <span class='ocrx_word' id='word_1_907' title='bbox 994 5676 1066 5717; x_wconf 85' lang='lat' dir='ltr'><strong>onrto</strong></span> <span class='ocrx_word' id='word_1_908' title='bbox 1076 5659 1140 5724; x_wconf 82' lang='grc'><strong>118,</strong></span> <span class='ocrx_word' id='word_1_909' title='bbox 1151 5672 1212 5714; x_wconf 83' lang='grc' dir='ltr'><strong>ιιι.</strong></span> <span class='ocrx_word' id='word_1_910' title='bbox 1228 5657 1272 5725; x_wconf 78' lang='lat' dir='ltr'><strong>bb,</strong></span> <span class='ocrx_word' id='word_1_911' title='bbox 1285 5659 1408 5718; x_wconf 77' lang='lat' dir='ltr'><strong>metricis</strong></span> <span class='ocrx_word' id='word_1_912' title='bbox 1421 5658 1545 5718; x_wconf 73' lang='lat' dir='ltr'><strong>ecclesie</strong></span> <span class='ocrx_word' id='word_1_913' title='bbox 1557 5662 1669 5720; x_wconf 88' lang='lat' dir='ltr'><strong>nomine</strong></span> <span class='ocrx_word' id='word_1_914' title='bbox 1686 5658 1787 5727; x_wconf 83' lang='lat' dir='ltr'><strong>inteili-</strong></span> 
     </span>
    </p>
   </div>
   <div class='ocr_carea' id='block_1_8' title="bbox 645 5726 1256 5803">
    <p class='ocr_par' dir='ltr' id='par_1_10' title="bbox 645 5726 1256 5803">
     <span class='ocr_line' id='line_1_66' title="bbox 645 5726 1256 5803; baseline -0.002 -17"><span class='ocrx_word' id='word_1_915' title='bbox 645 5731 861 5788; x_wconf 80' lang='lat' dir='ltr'><strong>xsdrnonitione</strong></span> <span class='ocrx_word' id='word_1_916' title='bbox 884 5733 942 5802; x_wconf 88' lang='lat' dir='ltr'><strong>epi·</strong></span> <span class='ocrx_word' id='word_1_917' title='bbox 993 5733 1067 5803; x_wconf 86' lang='lat' dir='ltr'><strong>gitur</strong></span> <span class='ocrx_word' id='word_1_918' title='bbox 1083 5726 1256 5786; x_wconf 82' lang='lat' dir='ltr'><strong>cathedralis.</strong></span> 
     </span>
    </p>
   </div>
   <div class='ocr_carea' id='block_1_9' title="bbox 0 0 1921 6116">
    <p class='ocr_par' dir='ltr' id='par_1_11' title="bbox 0 0 1921 6116">
     <span class='ocr_line' id='line_1_67' title="bbox 0 0 1921 6116; baseline 0 0"><span class='ocrx_word' id='word_1_919' title='bbox 0 0 1921 6116; x_wconf 95' lang='lat' dir='ltr'><strong> </strong></span> 
     </span>
    </p>
   </div>
  </div>
 </body>
</html>
