3832 6120
157 275 212 335 ⁸53
604 276 834 348 QUAESd'lONES
853 275 925 333 xxx
945 273 1058 331 SUPER
1077 273 1199 332 lemnes
1220 274 1346 333 REGUU.
1732 276 1786 335 tet

155 389 339 458 mitilineus
349 403 383 446 ue
393 390 544 462 pateretui,
552 391 580 448 ln
589 389 790 464 'ExodeOEced
798 388 944 462 ilpepalus
957 387 982 447 Α
995 395 1057 457 post
1067 387 1221 453 Dominum,
1236 387 1349 457 abiectis
1362 387 1487 444 uidelicet
1501 388 1589 456 idolis,
1602 389 1640 445 illi
1654 389 1704 447 soll
1727 402 1790 448 ser·

153 482 261 552 alonge
278 479 374 547 tisim,
394 489 419 536 et
442 480 545 546 eiciat,
570 480 691 553 immite
706 480 801 537 notia
826 480 944 536 escendit
996 476 1087 544 ricns;
1116 479 1262 549 quodeam
1286 478 1385 534 iecisse
1404 485 1461 533 teto
1476 487 1597 550 ternpore
1622 479 1785 553 praesulatus

152 572 342 630 donuinam
355 585 380 627 ι.
390 571 445 629 ‘isti
458 572 493 629 aii
503 573 556 630 hec
566 574 701 645 percussi,
712 575 841 643 quianon
856 572 943 630 solum
995 565 1139 634 semeriis.
1157 569 1230 639 'eui
1248 558 1367 640 toseple
1378 575 1447 623 teste
1461 568 1604 631 modeetm
1617 571 1697 626 annii
1709 585 1785 627 mm·

151 664 448 737 appropinquaverunt,
463 666 604 722 sedetiam
619 668 660 738 (ut
675 665 728 721 alia
742 665 827 721 reiert
849 672 942 719 trans·
993 658 1081 729 pietus
1104 667 1156 725 est,
1184 669 1213 715 et
1233 658 1542 732 primotempereregni
1561 657 1635 726 Saul,
1660 662 1735 732 qnod
1759 665 1784 729 b,

151 755 229 828 latio)
253 755 436 826 despexerunt,
451 756 524 826 quod
536 757 635 812 rationi
647 755 707 825 pius
721 771 870 827 congruum
883 761 941 810 est:
993 749 1088 806 cedern
1102 750 1233 806 liistorico
1253 749 1404 806 affirmante
1419 751 1443 815 i,
1470 749 1566 821 viginti
1581 751 1660 807 annis
1687 752 1785 817 tenuit,

150 862 214 904 uam
228 847 256 902 in
277 846 371 901 Exodo
384 847 522 912 riderent,
536 855 564 902 et
578 846 733 911 audierunt,
749 854 777 901 ct
800 845 942 916 perspicua
992 838 1084 895 nuilus
1110 848 1211 897 sanetae
1229 841 1351 897 liisteriae
1365 841 1491 896 curiosus
1519 841 1637 912 ignerat.
1662 839 1785 914 Namque

149 937 250 994 divinae
262 937 391 1008 petentia
404 938 591 1007 inspexerunt,
607 952 659 992 nee
671 937 822 1007 perierunt.
835 936 869 991 Et
881 936 943 993 idco
993 928 1164 998 postmodum
1176 928 1202 999 (l
1222 927 1285 1000 lice.
1309 928 1352 985 id.
1368 929 1413 1001 ll)
1427 944 1490 985 eum
1501 930 1687 986 recessisseta
1703 931 1784 988 sinis

149 1028 196 1085 isti
212 1043 265 1084 rien
277 1028 311 1083 de
322 1027 436 1094 visione,
451 1029 542 1085 seddc
554 1029 738 1100 despectione,
750 1036 778 1087 et
788 1031 942 1086 temeritate
993 1019 1105 1091 θΡῑῑῑῑῑΙὸ
1122 1019 1240 1084 Domini,
1263 1030 1290 1075 et
1303 1021 1420 1092 eelim*
1433 1035 1495 1075 0⁰¹⁰
1519 1021 1630 1093 ⁸lil⁵⁰¹⁵
1655 1037 1783 1092 utquam.

150 1119 273 1176 mulctati
288 1127 351 1176 sunt
362 1119 409 1174 b.»
992 1112 1111 1169 maxime
1125 1111 1201 1185 (Cep.
1220 1113 1263 1168 l8.
1280 1113 1322 1168 ld.
1341 1112 1407 1186 ete.)
1418 1113 1454 1168 ad
1468 1103 1684 1184 persequendum
1697 1113 1783 1171 liarid

186 1211 296 1284 (Cupi.
310 1211 350 1283 2.)
365 1210 662 1286 Eifuciumesiexqua
677 1215 719 1270 die
728 1214 824 1269 mansit
838 1215 942 1269 ereat'u
993 1206 1132 1261 innoxium
1152 1215 1181 1262 el
1203 1205 1450 1274 innumeremus
1470 1216 1531 1262 erat
1551 1213 1657 1277 partem
1678 1206 1783 1262 miliiiae

149 1301 349 1369 Ceriariierim,
366 1303 532 1372 multiplicati
549 1314 611 1359 sust
623 1304 688 1360 dies.
703 1303 874 1375 Eratquippe
892 1320 941 1358 en·
992 1297 1255 1371 (reiictplebisejus
1266 1298 1433 1362 nonnullam,
1445 1297 1556 1353 malitiae
1566 1297 1639 1353 illius
1647 1297 1784 1354 exstitisse

150 1394 398 1459 misereremei
413 1396 536 1466 requievit
556 1397 640 1452 omnis
663 1397 755 1452 demus
779 1395 866 1452 lsrael
882 1404 941 1467 port
991 1389 1177 1459 wfflvllssemst
1192 1388 1387 1445 Calialhifflm
1400 1390 1457 1460 ipsa
1468 1398 1521 1455 0⁸¹2
1535 1404 1596 1459 ‘1¹¹³‘-
1609 1388 1662 1445 ³¹5⁰
1673 1390 1784 1446 ”timim

147 1484 302 1543 Dominum.
324 1495 335 1524 e
356 1504 365 1537 r
383 1485 441 1541 Nou
459 1485 498 1542 ita
517 1487 723 1558 intelligendum
744 1495 786 1544 est
807 1487 885 1558 qnasi
900 1487 941 1542 ri·
991 1477 1102 1536 Curiatii
1116 1478 1180 1533 Baal
1195 1487 1308 1534 secatur
1321 1481 1412 1535 ciuitas
1428 1479 1544 1535 saltuum
1560 1478 1654 1551 (desae
1666 1480 1710 1535 15.
1736 1481 1780 1536 en.

148 1576 218 1650 gluti
232 1575 306 1640 anni,
318 1575 417 1646 quibus
428 1591 492 1632 area
508 1575 645 1651 (maneret)
658 1579 789 1633 manserit
803 1578 831 1633 in
844 1576 940 1633 Caria·
990 1577 1014 1623 ti
1029 1569 1074 1625 ¹8·
1090 1567 1134 1640 Η)
1150 1583 1204 1624 ⁰¹¹³
1221 1568 1255 1624 de
1274 1569 1386 1624 urbibus
1406 1567 1618 1624 Gabaonitamm
1642 1569 1783 1638 pertinens

149 1667 272 1734 thiarim,
295 1668 329 1723 ad
351 1677 477 1724 nemnem
503 1684 589 1741 nsque
612 1685 712 1725 annum
739 1670 814 1742 regni
840 1668 937 1735 David,
990 1658 1025 1714 ad
1038 1658 1138 1714 tribum
1153 1658 1231 1724 iuda,
1244 1660 1372 1716 euntibus
1388 1661 1421 1714 ab
1440 1658 1610 1714 Hierusalem
1633 1658 1781 1729 Diospolim

149 1757 258 1830 quando
283 1773 343 1814 eam
361 1768 524 1831 congregata
546 1760 638 1831 populi
658 1759 810 1832 frequentia
826 1760 938 1816 adduxit
951 1732 976 1791 Β
989 1753 1118 1809 milliario
1146 1768 1227 1809 nono.
1244 1753 1283 1808 lie
1296 1753 1347 1808 liae
1360 1752 1411 1807 init
1434 1753 1514 1808 Urias
1536 1753 1680 1822 propheta,
1700 1766 1782 1823 quem

149 1848 357 1904 inilicmsalem
371 1848 415 1922 (ll
428 1850 491 1922 lice.
507 1850 545 1921 d),
563 1852 620 1907 sint
634 1851 817 1923 computandi.
831 1851 938 1907 lnreni-
988 1841 1125 1900 interiecit
1139 1841 1264 1899 loaeliim
1284 1843 1312 1896 in
1326 1840 1507 1907 Hierusalem,
1537 1840 1609 1897 sicut
1630 1839 1781 1896 llieremlas

149 1936 195 1994 tur
209 1955 323 2012 namque
336 1941 362 1995 in
376 1942 562 2013 sequentibus,
571 1941 599 2016 (i
605 1941 667 2015 liep.
676 1943 718 1998 it.
732 1943 770 2018 8),
785 1944 857 2015 rpuod
867 1952 937 2000 tem·
988 1932 1114 1991 scilliti·

148 2031 259 2100 poribus
274 2030 363 2087 Saulis
376 2030 428 2089 luit
438 2031 453 2072 ἃ
465 2033 554 2088 delata
567 2033 602 2089 de
612 2035 663 2090 liae
677 2035 798 2100 civitate,
814 2045 842 2091 et
855 2035 937 2091 allata
1025 2053 1034 2087 ι
1051 2033 1163 2091 Samuel
1177 2044 1266 2091 autem
1279 2042 1466 2107 postmortem
1479 2033 1538 2090 lleli
1556 2035 1669 2105 regeint
1689 2034 1778 2091 lsrae-

148 2120 176 2177 in
199 2132 299 2191 entra,
322 2133 459 2195 pugnante
483 2141 516 2181 eo
542 2126 672 2182 aduersus
687 2127 839 2183 Philistaeos
855 2127 938 2184 szsic
986 2123 1050 2180 leiti
1065 2123 1090 2198 (l
1106 2124 1171 2197 fleg.
1182 2126 1209 2192 ¹1,
1225 2125 1290 2198 ete.)
1304 2123 1474 2196 congregate
1490 2132 1581 2178 sutem
1596 2125 1669 2180 omni
1680 2126 1780 2196 populo

147 2217 247 2271 etenim
258 2219 389 2289 scriptum
400 2227 462 2273 est:
477 2215 572 2290 (leid.)
584 2218 618 2272 lit
631 2220 669 2273 eit
679 2218 745 2274 Saul
758 2220 793 2272 ed
806 2219 936 2274 delitam:
987 2215 1149 2272 exclamarit
1174 2217 1208 2272 ad
1237 2216 1381 2272 Dominum
1408 2230 1457 2286 pro
1469 2215 1563 2281 lsrael,
1591 2224 1620 2271 et
1641 2216 1780 2272 exaudivit

147 2308 250 2378 applica
264 2326 354 2363 urcem
368 2308 441 2362 Dei:
461 2308 720 2362 ernteaiisibiurce
734 2307 938 2363 Deis'ndieiila
987 2319 1061 2371 enm,
1087 2303 1276 2377 (mistim.)
1297 2313 1325 2360 et
1347 2319 1410 2360 cum
1439 2302 1550 2360 diferret
1570 2304 1777 2372 holocaustum

146 2413 207 2453 euin
220 2399 284 2468 pillis
295 2398 414 2454 israelis.
432 2399 467 2454 Et
481 2400 546 2469 quia
562 2407 668 2454 constat
689 2397 732 2470 (ll
747 2397 809 2469 lice.
824 2398 850 2470 ¹1)
865 2401 938 2472 quod
987 2394 1178 2450 accedentibus
1189 2395 1349 2465 alienigenis
1362 2396 1396 2449 ad
1409 2409 1526 2465 pugnarn
1541 2403 1635 2450 eontra
1651 2393 1779 2464 populum

147 2492 305 2548 Derideam
330 2490 357 2544 in
375 2488 543 2545 ilierusalem
567 2489 722 2551 adduxerit,
747 2499 759 2527 ι
787 2487 881 2543 tultam
904 2489 938 2544 de
987 2481 1046 2547 liei,
1067 2484 1185 2539 intenuit
1196 2485 1327 2539 Dominus
1350 2499 1432 2554 super
1443 2499 1504 2548 eos,
1528 2491 1556 2538 et
1580 2483 1685 2539 contusi
1704 2491 1777 2538 sunt

148 2583 230 2636 demo
243 2579 407 2644 Aminadalr,
421 2580 448 2635 in
463 2594 543 2649 quiam
561 2587 624 2635 tunc
642 2579 745 2634 illatam
759 2593 820 2634 esse
846 2578 938 2649 perhi·
987 2574 1022 2630 Et
1047 2574 1205 2630 cecideruut
1227 2590 1320 2631 coram
1342 2575 1436 2640 lsrael,
1460 2584 1542 2644 atqnc
1563 2572 1683 2644 superati
1704 2582 1777 2628 sunt.

147 2671 239 2736 betur,
256 2670 359 2725 ‘restat
372 2669 494 2741 intelligi,
511 2671 582 2740 quod
597 2670 624 2725 in
637 2669 732 2727 diebus
747 2669 836 2727 Saulis
851 2670 937 2726 relata
988 2664 1036 2738 (ι’.
1051 2665 1095 2738 li)
1120 2665 1193 2720 l'une
1216 2667 1356 2738 assumpsit
1371 2665 1479 2721 Samuel
1508 2666 1621 2737 lapidem
1643 2681 1736 2731 sauss,
1753 2675 1780 2720 et

147 2760 182 2816 de
196 2761 304 2825 eastris,
320 2760 388 2816 etin
402 2760 541 2830 praelatam
555 2762 591 2816 sit
605 2761 679 2816 illata
693 2761 848 2828 ciuitatem
866 2763 937 2817 unde
987 2762 1073 2831 posuit
1087 2778 1146 2817 eum
1169 2764 1238 2819 inter
1249 2761 1372 2834 despect
1395 2774 1419 2817 et
1438 2761 1548 2833 Siceiep.
1573 2762 1586 2802 ¹1
1602 2761 1636 2817 Et
1650 2771 1681 2817 ut
1694 2763 1779 2817 inter·

146 2851 236 2906 denno
251 2859 380 2922 regnante
393 2850 476 2907 David
489 2850 601 2907 affertur
613 2852 641 2906 in
663 2850 843 2907 Hierusalem.
860 2869 869 2902 i
889 2851 937 2906 Est
986 2849 1079 2929 pret'es
1090 2857 1261 2929 septuaginta
1278 2855 1493 2911 transtulemnt:
1508 2857 1576 2909 iuter
1590 2853 1713 2926 seipsae
1728 2869 1780 2908 aa.

146 2944 212 3017 ergo
222 2958 317 2999 sensus
332 2952 488 3000 memorate
503 2945 654 3010 sententie,
668 2946 733 3015 quia
746 2960 779 3000 ei
791 2960 846 3014 quo
861 2961 935 3000 man·
987 2964 1047 3004 rum
1064 2957 1089 3003 et
1107 2957 1226 3004 ueterem.
1243 2945 1401 3018 Venerisque
1417 2937 1509 3000 nemea
1522 2944 1590 3015 ejus,
1606 2944 1673 3016 lupis
1697 2944 1779 3014 edja-

147 3035 185 3093 tit
211 3051 273 3092 area
301 3035 329 3092 in
342 3035 559 3111 ,cariathiarim
585 3048 644 3094 erit
670 3054 757 3094 annus
779 3039 934 3112 vicesimus,
949 3074 971 3136 C
988 3040 1061 3107 terii,
1072 3049 1096 3095 et
1110 3039 1178 3094 dicit
1190 3055 1198 3094 :
1212 3055 1293 3110 usque
1308 3037 1395 3092 udiiuc
1406 3035 1550 3091 auxiliatus
1560 3045 1598 3090 est
1608 3035 1682 3090 neiis
1693 3033 1778 3090 Deus.

147 3142 210 3184 eum
238 3143 298 3184 cam
326 3130 389 3186 inde
412 3132 554 3188 transferri
585 3134 753 3204 temporibus
773 3133 838 3188 Saul
853 3148 934 3188 causa
988 3126 1557 3205 llasphatinterpretaturintentiethpis
1575 3126 1620 3182 ille
1635 3124 1776 3195 adjutorii,

147 3220 212 3278 belli
240 3224 409 3295 contingeret
436 3243 443 3279 ε
475 3226 516 3281 rel
537 3237 610 3283 certe
634 3227 780 3283 vicesimus
803 3237 862 3284 erat
889 3244 937 3283 an·
986 3225 1118 3281 medietas
1131 3220 1346 3286 estSalratoris;
1360 3235 1410 3292 per
1427 3218 1525 3291 (mem)
1542 3226 1777 3288 quamtranscun-

147 3326 213 3373 uus,
245 3328 307 3368 eum
329 3313 418 3370 adhue
438 3316 527 3372 omnis
551 3317 647 3374 domus
670 3318 778 3375 israelis
803 3319 936 3389 requierit
986 3317 1050 3375 duni
1067 3315 1268 3387 estaliasphat
1281 3323 1374 3372 vetere
1385 3312 1419 3367 ad
1431 3327 1539 3378 ueram,
1552 3311 1579 3367 id
1590 3318 1633 3367 est
1645 3311 1680 3365 ab
1691 3311 1779 3366 inten-

182 3441 274 3568 :trs
288 3445 630 3572 urnales-“r
644 3447 836 3573 ιιι»
984 3445 1569 3574 ιιιιι’·ιιι,..ιιι
1584 3441 1651 3566 ιι
1669 3441 1779 3568 ιιι.

146 3580 216 3665 Nori
237 3529 936 3670 eqffidem⁹qi¹iirerteliiniu?liiisaexisgeir281miii⁰¹egi
985 3536 1120 3670 23⁸th
1163 3537 1180 3574 u
1216 3535 1293 3585 mm,
1452 3655 1459 3667 θ
1621 3529 1637 3582 ⁹

146 3666 265 3717 curiose,
281 3663 310 3710 et
321 3663 424 3711 minute
439 3671 498 3711 eam
513 3665 604 3711 intuiti
618 3666 697 3722 sunt3
710 3667 756 3711 aut
767 3674 790 3712 si
804 3658 845 3712 ris
858 3672 935 3713 seru·
1021 3661 1035 3701 h
1051 3659 1180 3728 liquidem
1189 3658 1299 3712 liisterie
1314 3670 1323 3709 :
1340 3656 1411 3711 male
1421 3661 1523 3723 utique.

145 3723 197 3805 tati
215 3732 289 3806 sunt,
303 3739 363 3794 nuce
385 3725 413 3806 in
427 3726 591 3808 arca-posita
613 3736 691 3782 erant
705 3745 712 3780 :
728 3726 819 3783 lavere
843 3735 934 3781 autem
1023 3736 1115 3806 ¹0³9·
1135 3736 1169 3791 {a
1184 3752 1232 3791 ⁸011
1270 3745 1389 3791 ossi-emo
1411 3735 1532 3790 eusdem
1548 3732 1609 3786 illini
1624 3743 1651 3785 ri
1663 3727 1775 3798 losephi

146 3790 212 3848 huie
234 3801 450 3863 interpretationi
475 3799 601 3850 videntur
623 3797 750 3852 hebraica
776 3797 834 3866 ipsa
851 3797 935 3850 rerba
987 3807 1055 3881 [gp
1083 3808 1162 3862 :pm
1177 3806 1204 3860 p„
1222 3752 1398 3872 gigonem„
1431 3819 1475 3857 em
1490 3799 1775 3870 napmmpppegun.

144 3878 251 3931 'timii
262 3856 351 3931 muni
364 3887 425 3942 quar
435 3873 510 3928 reddi
522 3874 662 3928 commode
675 3876 855 3943 possuntne
866 3873 935 3944 pund
985 3889 1040 3932 tur.
1055 3805 1136 3929 hunc
1154 3873 1254 3931 Sunius
1279 3875 1358 3944 finem
1384 3871 1509 3927 debuit...
1539 3870 1666 3940 Regnent
1688 3878 1777 3922 estne

145 3938 270 3995 sinistrant
282 3942 310 3994 iii
322 3959 384 3996 arce
398 3941 513 3996 Domini.
541 3941 593 3997 Sed
614 3943 676 4013 quis
700 3943 803 3998 neseiat
822 3942 938 4012 ipsamet
985 3947 1083 4000 uiuente
1098 3941 1222 4001 Samuele
1249 3945 1325 3998 cusis
1338 3941 1496 3997 octodecim:
1510 3949 1568 4012 pest
1582 3947 1691 3993 mertem
1714 3953 1776 3992 ecre

145 4006 275 4066 hebraica
286 4012 447 4066 rerbaierti
460 4012 614 4067 etiamnum
629 4013 706 4068 lauilc
718 4027 808 4082 posse,
827 4013 867 4067 nti
889 4025 934 4066 re-
985 4015 1042 4086 ejus
1056 4014 1134 4069 nauis
1158 4011 1258 4069 deeius
1280 4021 1304 4069 et
1324 4012 1423 4082 uiginti.
1447 4010 1532 4077 Quem
1558 4019 1648 4064 tamen
1666 4005 1776 4077 loseplii

144 4093 212 4134 resa
239 4080 322 4135 vertit
338 4079 376 4134 Vu
406 4089 469 4135 ata:
487 4099 516 4136 ee
536 4082 606 4152 paud
618 4083 740 4137 uidissem
763 4083 871 4137 urcem?
893 4082 935 4136 Λιι
985 4085 1075 4140 loeiun
1090 4083 1127 4139 ita
1139 4084 1238 4140 Petrus
1252 4082 1394 4140 Geraeston
1405 4080 1534 4152 explieat,
1551 4088 1581 4136 ut
1591 4077 1673 4135 simul
1685 4076 1774 4147 juncti

143 4148 341 4221 qninquaginta
356 4153 391 4205 iui
404 4152 439 4204 lia
440 4152 538 4274 ⁴Flebis
548 4151 634 4223 [nullo
644 4152 748 4208 scilieet
760 4151 934 4277 reprimente]
986 4155 1059 4214 anni.
1079 4155 1177 4225 quibus
1187 4152 1252 4210 Saul
1265 4153 1397 4278 regnarit,
1412 4151 1507 4223 viginti
1518 4149 1652 4214 cilicinum
1669 4157 1698 4203 ut
1721 4163 1773 4203 no·

143 4220 311 4291 perscrutari
332 4235 472 4277 eommoc
496 4221 647 4290 potuissent
667 4221 778 4293 quidqui
817 4223 846 4278 iu
870 4239 935 4278 area
986 4234 1044 4282 ster
1056 4225 1173 4295 scriptor
1185 4225 1276 4280 habet.
1314 4223 1447 4293 tripentis
1460 4218 1526 4276 Saul
1539 4221 1639 4275 uiuente
1651 4215 1774 4274 Samuele

196 4289 262 4344 'tum
272 4298 341 4356 erat,
357 4298 385 4346 et
394 4291 627 4346 circumstantium
638 4291 731 4348 ocules
743 4292 936 4349 delitescebat?
986 4297 1120 4361 liranis,
1135 4302 1207 4350 eteo
1221 4302 1323 4349 mortue
1338 4292 1440 4348 deeius
1465 4292 1552 4347 unsis.
1579 4289 1652 4347 Citat
1682 4296 1772 4344 autem

237 4368 309 4416 retes
322 4375 403 4430 porro
426 4360 502 4416 valde
519 4361 673 4432 probabiles
688 4377 784 4418 causas
806 4362 932 4425 afferunt,
987 4364 1187 4435 flarcrcampus
1199 4364 1364 4419 Clementem
1385 4371 1413 4417 et
1424 4362 1596 4432 Eutychium,
1614 4359 1775 4415 Alexandri·

142 4442 209 4510 cnr·
243 4445 276 4511 's
297 4429 457 4512 Benamitas
479 4430 561 4487 linere
581 4447 673 4487 aream
687 4433 824 4489 intuentes
845 4443 933 4489 morte
945 4413 972 4473 D
985 4449 1035 4490 nes
1049 4432 1157 4517 losephi
1167 4442 1327 4499 sectatores,
1342 4433 1389 4503 qiri
1402 4431 1497 4512 uiginti
1510 4431 1582 4498 ipses
1593 4429 1668 4511 ¹regni
1686 4443 1773 4512 anites

141 4506 272 4570 punierit.
290 4499 367 4568 Quod
386 4516 409 4554 si
424 4501 538 4555 liberum
552 4502 624 4557 hunc
638 4502 765 4559 intuitum
780 4502 931 4559 lrrereren·
986 4504 1060 4561 Sauli
1084 4507 1231 4560 tribuunt:
1256 4511 1336 4571 atque
1352 4505 1410 4558 liaec
1424 4500 1534 4570 quidem
1557 4513 1649 4570 opinio
1668 4496 1771 4553 Claudii

131 4566 211 4643 ftiam
222 4569 737 4652 quamdam,ideoqucinterpretatirum
747 4581 931 4642 contemptum
984 4574 1069 4630 nostri
1085 4576 1249 4631 auctoritate
1262 4579 1429 4643 repugnante
1442 4569 1559 4633 Zonarm
1579 4568 1626 4638 qui
1640 4567 1698 4621 liue
1717 4574 1774 4622 tra·

130 4648 206 4694 'esse
230 4639 372 4762 quisquam
394 4640 459 4694 velit
471 4640 679 4726 despectionem,
700 4650 728 4696 et
741 4643 929 4709 temeritatem,
982 4645 1022 4701 dit
1036 4645 1075 4719 [in
1087 4646 1140 4700 iine
1154 4645 1213 4715 ipse
1223 4643 1284 4698 liliri
1292 4642 1373 4712 primi
1384 4637 1538 4710 Annalium]
1550 4656 1556 4691 :
1566 4636 1694 4708 Regnavit
1703 4635 1770 4692 Saul

141 4721 227 4778 quani
246 4708 281 4763 rie
293 4717 487 4764 commemorat
508 4709 647 4775 elaudius,
669 4711 813 4768 admittere
833 4712 859 4768 id
874 4715 930 4767 uti·
982 4715 1120 4787 superstite
1146 4715 1232 4769 adduc
1246 4710 1380 4778 Samuele,
1394 4726 1478 4765 canes
1491 4709 1634 4765 octodecim
1647 4722 1655 4760 :
1670 4723 1700 4760 eo
1724 4706 1770 4762 ce-

142 4790 198 4848 qae
274 4793 362 4834 umus.
982 4784 1083 4854 seuere,
1110 4784 1285 4856 mpiutidues.
1311 4781 1472 4839 confirmari
1487 4777 1638 4835 rectissime
1659 4783 1770 4848 potest:

179 4857 192 4886 ⁸
233 4849 379 4904 ursusiiaee
392 4857 484 4918 repete
493 4862 527 4904 ex
537 4847 608 4904 Beda
624 4864 698 4905 num.
715 4849 740 4904 l.
982 4865 1064 4927 atque
1078 4855 1114 4911 idi
1134 4871 1194 4910 sum
1208 4854 1287 4909 docet
1304 4859 1409 4909 uetusta
1428 4864 1460 4905 ea
1474 4848 1583 4920 loseplii
1608 4847 1678 4903 inter
1697 4854 1770 4901 reta·

176 4914 191 4957 ¹
205 4916 326 4973 Attaioi.
337 4917 452 4974 Praestat
466 4926 559 4973 nostra
572 4919 663 4975 lectio.
981 4925 1030 4991 tio,
1046 4939 1106 4994 que
1145 4924 1219 4979 ritino
1232 4923 1360 4978 trilinitur
1372 4939 1381 4975 z
1391 4922 1450 4976 lizec
1461 4921 1532 4977 enim
1549 4917 1632 4975 habet
1646 4935 1653 4969 ι
1692 4931 1771 4986 episa-

177 4984 264 5041 ·Nisi
277 4987 304 5043 in
316 4996 452 5043 errantem
472 5003 665 5044 amanuensem
680 4989 751 5046 hane
772 5005 867 5047 recen
889 5007 931 5048 re-
980 4996 1016 5050 nit
1028 4997 1116 5067 inque
1127 4992 1204 5058 Sciit,
1225 4991 1332 5050 &masi
1349 4992 1458 5055 merite,
1473 4989 1769 5046 esuisdeceruetecte:

141 5053 217 5111 ieras
237 5054 311 5128 [narn
331 5058 420 5114 editus
436 5056 514 5113 neec
529 5058 604 5113 locus
617 5059 715 5115 habet:
729 5061 860 5136 tulitquej.
872 5063 929 5119 Vox
980 5065 1107 5120 mensure
1122 5073 1209 5117 cutem
1222 5062 1289 5117 ulios
1302 5061 1379 5115 dues.
1394 5060 1461 5116 Vide
1474 5068 1574 5120 tamem
1588 5058 1714 5118 obsecre,
1728 5054 1769 5110 in·

141 5124 202 5180 lianc
226 5127 313 5182 exiis
335 5128 661 5198 erit,quaealatinitate
682 5130 858 5197 declinantes,
873 5133 930 5188 iul·
980 5141 1007 5188 tc
1042 5143 1115 5191 retes
1127 5134 1161 5188 ad
1171 5133 1239 5188 duos
1248 5132 1329 5187 liesee
1341 5129 1399 5187 Seri
1421 5140 1488 5186 turre
1501 5125 1726 5198 loeoslilegdd.
1741 5125 1767 5179 l.

140 5195 350 5267 gamilinguai,
373 5207 420 5252 aut
432 5195 687 5279 efformaruntaut
700 5209 843 5257 auserunt.
869 5201 929 5258 ltaii
981 5200 1016 5256 t'·
1030 5205 1068 5261 'us
1090 5201 1247 5258 uniusaurei
1269 5210 1325 5256 eret
1339 5144 1419 5265 Suasit
1434 5214 1492 5253 cam
1515 5211 1654 5269 regnares
1682 5195 1766 5276 ‘'sser,

141 5261 209 5318 reite
228 5274 256 5321 et
279 5266 344 5321 teitu
365 5267 469 5333 dicunt,
483 5267 554 5337 qued
568 5265 658 5322 Latini
671 5269 788 5327 silatum
806 5281 835 5327 et
856 5270 929 5326 eiiu-
979 5271 1202 5327 nduoirtsurruis
1220 5269 1345 5341 reposuit.
1362 5268 1483 5324 Etdcte.
1500 5268 1544 5324 ld.
1558 5264 1645 5320 ild)
1678 5262 1766 5317 stillis

140 5340 208 5389 Μ·
980 5339 1048 5396 seit
1063 5341 1149 5411 pilium
1170 5338 1224 5404 Gis,
1238 5342 1320 5394 airum
1332 5340 1364 5394 de
1378 5339 1447 5394 trieri
1460 5336 1600 5410 Beniamin
1614 5333 1691 5391 cures
1701 5349 1768 5405 prta-

181 5399 291 5462 ‘Antea
303 5407 419 5462 etiamin
429 5404 531 5463 adiens
540 5405 690 5462 Abinadam
708 5407 833 5465 inGaliaa
844 5409 928 5467 tuisse
978 5409 1113 5482 draginta.

128 5473 259 5545 ,positam
279 5477 407 5535 winus
422 5492 455 5532 ei
468 5491 499 5533 ca
520 5478 555 5532 ite
569 5475 586 5531 8
599 5476 661 5532 lieri
676 5477 763 5549 iiieg.
1015 5478 1023 5532 i
1041 5479 1086 5536 26.
1099 5478 1144 5536 ΞΟ.
1159 5477 1204 5534 st.
1223 5476 1287 5534 linc
1300 5477 1412 5533 tradidit
1434 5476 1558 5534 lsidmus
1566 5473 1654 5548 capt
1670 5475 1697 5530 ln
1715 5472 1764 5529 titi.

112 5568 114 5573 ¹
179 5543 344 5630 ‘ieeeplius
359 5561 420 5618 cap·
442 5546 477 5602 le
500 5493 548 5603 fin.
566 5562 593 5630 l!
608 5546 799 5618 [merueram
822 5547 925 5624 [nse]
979 5547 1069 5672 'Mi'
1626 5616 1633 5628 .

136 5608 202 5670 he
224 5632 251 5672 iii
270 5617 387 5673 editione
406 5615 700 5687 mveimnpnnaeer.
728 5618 784 5673 Sui
810 5621 870 5682 ioc,
900 5629 925 5672 et
1014 5620 1027 5660 Ι
1067 5619 1256 5676 aliumne
1276 5617 1348 5688 Sem·
1371 5617 1422 5674 stit
1441 5616 1571 5689 vestem
1591 5615 1765 5672 mtusneda

139 5678 282 5742 Snmsslu
290 5686 414 5758 propheti
427 5689 478 5743 uite
491 5686 632 5742 decessit...
647 5687 792 5760 imperarit,
813 5688 923 5756 pesulo-
975 5684 1010 5761 Is
1024 5685 1056 5748 Si
1108 5691 1161 5746 ecit.
