3832 6120
141 287 193 348 187
625 283 655 340 S.
674 274 1020 340 accumulansque
1038 269 1282 338 tununnensts
1726 281 1778 340 ιιι

109 419 113 424 ·
137 405 212 470 litas,
237 400 380 460 roboretur
403 399 481 465 ssdes,
504 405 646 454 serenetur
663 394 800 451 Ecclesia?
822 392 935 449 Noverit
947 393 1113 460 Adantura
1134 393 1315 449 correctione.
1338 391 1409 461 Quin
1424 391 1523 466 potius,
1550 393 1779 466 praestantissime

138 508 257 565 namque
275 490 417 564 prudentia
438 498 542 556 restra,
561 489 589 544 in
614 488 674 544 istis
691 487 857 559 regionibus,
876 487 937 556 qui·
986 485 1118 552 virorum,
1134 484 1197 541 date
1217 489 1380 555 operam'ut
1394 484 1454 542 sitls
1473 501 1568 541 murus
1589 486 1619 541 in
1632 494 1779 557 augmento

138 584 191 642 bus
204 599 254 639 nos
266 581 349 638 ricini
362 596 464 646 sumus,
479 581 508 635 in
518 587 623 635 tantam
638 578 814 634 securitatem
827 577 936 631 venisse
986 574 1157 641 felicitatum,
1169 574 1215 645 qui
1226 574 1322 630 noxios
1331 582 1477 647 expugnet,
1488 575 1645 632 innoeentes
1657 582 1778 652 tueatur,

139 675 319 747 impietatem,
333 681 363 727 ut
376 686 446 743 pene
464 671 556 727 nullus
572 670 728 725 inveniatur
741 669 788 740 qui
800 667 936 738 justitiam
985 663 1042 721 Deo
1056 670 1198 734 congruat,
1222 664 1257 720 ab
1281 664 1393 719 inimico
1405 664 1550 736 discrepet,
1574 680 1720 736 supernam
1735 681 1780 722 re-

139 765 235 837 diiigat
246 765 281 820 ab
293 763 483 835 iniustitiaque
496 764 616 830 recedat,
629 762 682 819 nisi
694 761 772 833 eujus
785 761 877 817 divina
894 761 936 815 in·
985 753 1202 809 munemtionem
1216 753 1378 809 accumulet.
1406 753 1440 809 Et
1453 753 1518 810 licet
1541 755 1608 810 satis
1629 771 1664 812 ex
1687 756 1778 840 verbis

140 857 254 928 spiratio
268 864 387 911 mentem
402 857 488 927 tangit
501 863 528 910 et
540 854 649 911 deducit
663 854 846 920 voluntatem,
857 854 895 909 ita
906 861 937 908 ut
985 844 1292 915 iltoeoedenlibllffliffli
1304 844 1681 912 110ὃῑῐῑθ]3ῐθὸ(3ῑιῑῑῑὶῑθῑ)ῑῑ(ι;
1698 855 1728 900 ΰῑ
1740 853 1778 900 ¹²·

139 946 288 1021 matritum
300 953 422 1018 putetur,
434 946 589 1015 ubieunque
599 942 730 999 bonitatis
743 941 857 1013 vestigia
871 956 936 997 con·
984 949 1046 991 men
1060 935 1162 1006 absque
1173 934 1227 990 ulla
1241 934 1410 991 dubitatione
1423 933 1517 991 sciatis
1530 949 1639 990 menon
1654 936 1778 1006 proprias

140 1035 302 1107 spiciuntur.
318 1046 331 1075 ¹
345 1033 455 1100 Quierit
466 1033 548 1088 timor
561 1047 655 1104 regum
666 1038 694 1086 et
704 1031 796 1103 legum
818 1031 847 1087 in
864 1030 936 1087 mul·
985 1026 1111 1098 querelas
1131 1025 1284 1097 deplorare,
1312 1035 1460 1096 eognoscat
1476 1025 1595 1098 prudens
1623 1028 1777 1100 benignitas

141 1124 193 1191 tis3
212 1124 281 1179 adeo
307 1131 337 1177 ut
353 1122 477 1193 plerique
497 1122 524 1176 in
545 1121 674 1191 praesenti
688 1120 825 1176 neminem
838 1120 936 1177 timen·
984 1124 1095 1184 restra,
1113 1120 1171 1174 bne
1188 1132 1204 1171 a
1222 1131 1265 1171 me
1283 1116 1336 1172 diei
1353 1133 1409 1173 non
1427 1131 1508 1187 posse
1529 1117 1674 1173 adversum
1701 1118 1711 1158 ι
1734 1135 1779 1176 oo-

141 1215 205 1272 dum
223 1206 329 1285 putent,
346 1220 503 1284 reputantes
524 1212 596 1283 apud
616 1211 788 1280 semetipsos,
804 1218 833 1265 et
846 1211 936 1266 dioen—
984 1209 1079 1264 mitcm
1097 1216 1221 1265 nostrum
1243 1207 1439 1264 Bertmundum
1455 1227 1462 1262 ε
1479 1209 1579 1280 quippe
1591 1211 1638 1280 qui
1653 1210 1722 1267 bene
1734 1228 1779 1268 sa-

140 1315 183 1364 tes
197 1306 224 1361 in
242 1305 369 1362 cordibus
390 1305 448 1360 suis
462 1319 470 1358 a
486 1303 515 1358 Si
529 1303 640 1374 querela
653 1303 686 1358 de
700 1319 745 1359 mc
757 1302 791 1357 ad
803 1302 935 1372 palatium
985 1299 1021 1354 tis
1038 1298 1139 1355 babeat
1149 1288 1303 1355 ordina‘tum
1323 1299 1357 1354 de
1375 1297 1489 1367 justitiis
1500 1301 1660 1356 comitatum
1678 1317 1778 1369 suu1n;

139 1395 255 1460 venerit,
280 1409 363 1450 eausa
384 1394 418 1449 ad
431 1395 446 1433 ¹>
461 1393 614 1448 causidicos
627 1392 769 1464 dirigetur.
785 1391 842 1447 lllie
861 1392 935 1447 inre-
983 1405 1017 1448 eo
1038 1392 1136 1461 quod⁸
1160 1392 1241 1448 talem
1263 1392 1352 1448 virum
1368 1407 1419 1462 pro
1432 1408 1462 1449 se
1474 1393 1647 1448 constituerit
1670 1395 1781 1451 adhaec

139 1483 241 1539 niame
261 1490 389 1555 parentes
403 1482 445 1538 vel
458 1481 560 1537 amicus
580 1482 684 1552 plures,
706 1496 756 1553 per
770 1498 839 1553 quos
853 1483 933 1539 indu·
983 1481 1147 1551 peragenda,
1168 1481 1289 1553 quinon
1314 1482 1408 1537 solum·
1423 1490 1534 1553 propter
1556 1497 1678 1540 amorem
1693 1491 1721 1540 et
1745 1485 1780 1539 ti·

139 1574 260 1630 bitanter
281 1572 328 1629 iret
348 1581 378 1627 ut
396 1572 514 1644 regalem
533 1571 710 1628 offensionem
726 1573 826 1628 niallam
843 1574 935 1629 incur·
983 1572 1113 1626 moremh
1128 1572 1244 1628 senioris
1256 1573 1298 1629 sui
1311 1572 1339 1629 id
1351 1580 1461 1629 strenue
1473 1580 1558 1643 gerat,
1574 1576 1777 1642 verumetiam,

141 1679 210 1728 ram,
233 1661 297 1733 quia
313 1663 413 1719 donum
429 1663 618 1718 absconditum
637 1663 792 1734 exstinguet
809 1663 882 1728 iras,
906 1671 933 1719 ιι
984 1661 1056 1732 quod
1071 1662 1215 1719 sublimius
1230 1672 1258 1720 et
1280 1664 1441 1721 laudabilius
1454 1674 1506 1732 est,
1520 1674 1633 1737 propter
1656 1681 1779 1724 amorem

141 1754 229 1825 isqui
251 1753 386 1809 timendus
405 1762 456 1820 cst,
478 1754 539 1809 aliis
558 1753 733 1825 interpositis,
762 1770 816 1810 nou
832 1754 934 1810 videbit
947 1751 971 1810 B
984 1754 1032 1809 Dei
1046 1763 1075 1810 ιι
1088 1770 1208 1811 amorem
1231 1756 1317 1828 ipsius
1332 1757 1470 1828 aequitatis
1492 1767 1520 1813 ιι
1541 1757 1664 1826 justitiae,
1688 1759 1727 1815 ita
1748 1768 1780 1815 ut

142 1848 313 1919 insipientias
324 1856 444 1904 nostras.
985 1845 1112 1901 videatur
1131 1847 1210 1903 nobis
1229 1847 1257 1902 in
1282 1848 1326 1904 bis
1339 1850 1464 1918 partibus
1485 1864 1617 1918 nusquam
1642 1849 1701 1905 lieri
1725 1857 1780 1905 ιιιι

177 1938 300 2007 Talibus,
314 1940 358 1994 vir
368 1941 478 2007 eximie,
490 1939 678 1995 occasionibus
689 1947 775 1994 totum
789 1953 858 2010 pene
869 1937 935 1993 illud
986 1934 1131 2006 diligenter
1143 1946 1171 1993 et
1195 1946 1309 1993 ιιιιιιιι.
1329 1937 1382 1994 Sed
1397 1954 1509 2010 prorsus
1531 1939 1694 1995 haecomnia
1710 1938 1781 1996 diei·

141 2033 291 2088 miserabili
317 2047 376 2089 aevo
401 2038 495 2087 nostro
519 2030 617 2102 riguit,
643 2032 714 2101 quod
738 2044 788 2086 suo
814 2037 936 2099 tempore
986 2041 1046 2081 mus
1071 2036 1184 2098 propter
1207 2026 1287 2085 iidem
1311 2044 1393 2098 quam
1417 2028 1468 2085 sub
1484 2030 1548 2095 beo,
1566 2030 1676 2087 domino
1694 2030 1779 2085 etiaur

141 2121 310 2179 Christianos
322 2123 432 2193 quidem
447 2123 567 2178 evasisse
580 2122 759 2193 gloriabatur,
773 2119 844 2191 apud
855 2134 937 2190 paga·
986 2116 1144 2187 imperatori
1158 2119 1298 2185 debemus,
1313 2128 1341 2175 et
1350 2136 1398 2190 pro
1413 2129 1503 2176 restra
1517 2121 1684 2177 beatitudine
1701 2129 1781 2176 aeter·

141 2226 192 2267 nos
207 2226 273 2266 vcro
297 2212 488 2268 vehementius
509 2210 689 2268 effervescere
712 2218 817 2282 martyr
839 2211 936 2266 beatus
986 2222 1032 2272 na,
1047 2216 1076 2264 et
1089 2210 1231 2279 praesentis
1255 2210 1317 2266 ritae
1340 2209 1471 2268 felicitate
1495 2211 1679 2283 adipiscenda.
1705 2210 1778 2280 Quo·

141 2300 294 2372 Cyprianus
305 2301 413 2372 lugubri
424 2303 506 2357 nimis
517 2318 549 2358 ae
558 2301 686 2356 moerenti
697 2315 763 2356 voce
775 2298 934 2356 delebant:
987 2297 1071 2364 niam,
1099 2306 1129 2352 ut
1155 2297 1206 2370 ipsi
1231 2314 1284 2355 nou
1312 2300 1459 2371 ambigitis,
1487 2308 1563 2357 ιιιιιι
1587 2299 1780 2368 familiaritas,

144 2391 242 2447 alnter
256 2392 339 2464 leges,
356 2392 494 2462 inquiens,
507 2391 580 2463 ipsas
600 2391 781 2461 delinquitur,
796 2389 936 2460 interjura
987 2403 1069 2458 quam
1095 2388 1166 2458 apud
1193 2388 1334 2444 dominum
1359 2391 1552 2460 imperatorem
1582 2393 1705 2448 obtinere
1729 2408 1780 2450 vos

141 2495 292 2554 peccatur:
308 2485 465 2539 innocentia
481 2498 530 2540 nee
548 2484 604 2540 illic
619 2484 663 2538 ubi
678 2482 833 2538 defenditur
848 2498 936 2540 reser-
988 2477 1061 2533 Deus
1079 2477 1152 2545 iecit,
1169 2493 1219 2550 pro
1232 2494 1332 2551 magno
1345 2481 1423 2536 robis
1434 2480 1535 2536 talento
1549 2481 1664 2552 spiritali
1678 2482 1782 2553 abipso

143 2583 231 2630 ratur.
257 2575 324 2641 Quis
344 2577 416 2632 inter
429 2576 488 2631 haec
509 2590 575 2630 rero
595 2573 758 2630 subveniat?
782 2574 938 2629 Patronus?
987 2571 1167 2640 omnipotenti
1182 2571 1297 2626 Domino
1319 2572 1535 2643 computabitur;
1551 2580 1580 2628 et
1594 2573 1782 2630 desideramus

143 2665 197 2720 Sed
208 2665 416 2735 praevaricatur,
430 2675 458 2721 et
468 2666 577 2737 decipit.
589 2664 694 2720 luder?
707 2664 761 2721 Sed
773 2666 936 2720 sententiam
987 2670 1018 2719 ιιι
1032 2670 1086 2718 tam
1101 2671 1211 2718 strenue
1233 2661 1298 2719 illud
1321 2664 1494 2736 impendatis,
1513 2677 1544 2721 ut
1565 2666 1662 2722 merito
1686 2667 1782 2722 audire

139 2757 253 2812 vendit:
277 2758 323 2828 qui
338 2758 415 2814 sedet
430 2757 547 2813 erimina
569 2756 769 2821 vindicaturus,
795 2756 935 2820 admittit;
988 2751 1176 2808 mereaminia
1197 2751 1312 2808 bomine
1334 2753 1477 2825 injudicio
1491 2753 1550 2825 ejus
1574 2755 1684 2826 :Euge
1706 2772 1780 2812 seruo

141 2854 169 2902 et
182 2854 210 2901 ut
224 2863 287 2903 rens
301 2848 431 2904 innocens
444 2855 548 2919 percat,
564 2846 595 2901 lit
612 2861 714 2902 nocens
734 2845 827 2917 iudex.
843 2846 938 2904 Nullus
988 2841 1054 2897 bont
1065 2851 1089 2897 et
1101 2841 1199 2912 fidelis,
1213 2844 1276 2914 quia
1290 2859 1370 2913 super
1382 2861 1468 2915 pauco
1487 2844 1562 2915 [aisti
1574 2844 1672 2914 fidelis,
1687 2854 1715 2912 ιι
1729 2859 1783 2902 ιιι-

141 2937 175 2993 de
187 2938 290 3010 legibus
302 2946 391 2995 metus
405 2958 411 2992 :
424 2939 457 2995 de
469 2946 621 3010 quaestore,
633 2936 767 3005 dejudice
777 2953 862 3008 pavor
880 2938 938 2993 nul·
988 2941 1067 2988 tera:
1083 2941 1221 2988 avertatur
1234 2942 1323 2988 autem
1338 2934 1443 2990 anobis
1457 2934 1502 2990 illa
1517 2935 1584 2990 dum
1602 2944 1631 2991 et
1645 2936 1781 2993 irrevoca-

140 3028 203 3085 lus:
221 3029 293 3100 quod
308 3038 397 3099 potest
411 3030 519 3097 redimi,
535 3045 590 3085 non
602 3029 716 3086 timetur
732 3028 848 3085 admitti.
867 3028 938 3085 Con·
988 3023 1050 3080 bilis
1067 3025 1271 3094 improperatio,
1287 3039 1347 3094 quae
1369 3025 1396 3079 in
1409 3025 1576 3097 negligentes
1597 3026 1782 3082 redundatura
1820 3039 1824 3046 ·

141 3137 253 3179 sensere
266 3125 385 3195 peccatis
399 3123 472 3194 jum,
494 3133 523 3179 eq
545 3122 653 3194 ‘coepii
664 3121 769 3179 licitum
783 3139 843 3180 esse
864 3103 971 3193 quode
987 3121 1040 3179 ΘΕί,
1064 3113 1179 3170 Domini)
1196 3114 1322 3168 dicente:
1349 3112 1429 3168 serite
1450 3115 1520 3170 iiidie
1532 3127 1556 3171 ei
1571 3116 1656 3187 piqel',
1681 3117 1782 3172 80¹¹th

142 3212 280 3282 publicum
294 3223 346 3269 est,
361 3213 427 3282 Quis
438 3214 597 3270 illice-emm
610 3214 710 3283 pudor,
723 3230 783 3284 quae
797 3229 858 3270 esse
872 3229 936 3285 pos.
988 3205 1051 3276 quio
1074 3214 1144 3258 meto
1169 3204 1212 3258 ubi
1236 3221 1288 3259 non
1312 3205 1449 3272 seminavi,
1475 3215 1498 3261 et
1513 3223 1639 3278 congrego
1663 3207 1708 3262 ubi
1730 3225 1783 3264 nort

141 3301 178 3358 sit
200 3302 359 3379 integrims;
376 3305 421 3360 uhi
437 3305 484 3374 qui
509 3304 642 3359 damnant
664 3304 803 3375 improbos
818 3306 935 3373 desum,
988 3297 1128 3368 sperator
1150 3305 1258 3353 estora.
1284 3296 1339 3353 Sed
1362 3313 1451 3369 neque
1469 3301 1628 3357 nominatim
1651 3317 1783 3372 personas

138 3391 189 3448 soll
206 3393 253 3449 tibi
265 3394 311 3463 qui
325 3395 488 3450 damnentur
501 3395 669 3450 occurrunt?
688 3414 697 3447 ι
724 3394 855 3467 Quodque
873 3397 933 3454 sine
989 3396 1143 3468 exprimere
1166 3396 1260 3462 debeo,
1276 3395 1375 3466 quibus
1398 3398 1587 3454 enrerrdatione
1608 3399 1692 3455 multa
1712 3412 1783 3471 opus

139 3481 262 3552 periculo
274 3483 365 3538 dicere
377 3498 493 3554 nequeo,
508 3482 585 3538 multi
598 3482 691 3538 talium
705 3492 803 3555 putant
813 3500 862 3541 ros
876 3500 936 3543 esse
987 3495 1040 3549 est,
1055 3501 1090 3541 ne
1103 3495 1247 3541 accusator
1261 3485 1366 3552 ridear,
1380 3488 1451 3557 quod
1467 3489 1476 3529 i
1494 3504 1548 3545 non
1563 3497 1606 3544 est
1619 3489 1699 3545 oibeii
1710 3490 1781 3556 mei;

140 3589 249 3630 murum
272 3577 344 3632 inter
362 3591 391 3632 se
405 3585 433 3632 et
454 3577 656 3648 imperatorem,
671 3590 722 3647 per
741 3591 823 3648 quern
844 3576 937 3634 delen·
989 3576 1036 3632 sed
1050 3576 1130 3647 cupio
1143 3592 1192 3632 vos
1213 3577 1250 3632 ita
1272 3591 1333 3633 esse
1346 3577 1502 3646 sollicitum,
1523 3579 1595 3635 sicut
1617 3579 1784 3637 studiosissi-

824 3665 962 3724 uatuzlt
979 3664 1095 3723 NOTAE.

178 3769 192 3798 ι
211 3755 316 3823 Qeieoit
341 3758 421 3812 tirnor
448 3775 476 3812 rc
495 3774 548 3812 um.
568 3756 615 3814 Sic
628 3759 720 3828 Lupus
750 3756 935 3812 Ferraricnsis
989 3755 1055 3811 est?
1070 3753 1140 3822 Quid
1154 3757 1188 3811 dc
1201 3755 1354 3811 adulterio?
1368 3757 1451 3826 Quer.
1464 3758 1550 3823 Αιιιι,
1566 3760 1648 3816 etiam
1667 3763 1719 3818 boe
1731 3764 1783 3819 eri-

139 3827 316 3897 oonqueritur
330 3828 359 3883 in
387 3773 503 3898 epistoffi
524 3827 576 3883 rao
603 3829 637 3884 ad
656 3835 761 3883 tantam
779 3827 934 3882 libertatem
988 3840 1121 3881 mennon
1137 3833 1189 3881 est.
1210 3825 1272 3881 Lar.
1292 3826 1405 3894 Quiando
1420 3837 1510 3885 autem
1526 3830 1631 3886 licitum
1647 3845 1709 3888 esse
1725 3846 1783 3887 cua·

139 3897 209 3953 vitia
233 3899 391 3969 prorupisse
418 3913 477 3954 aevo
493 3914 555 3965 sno,
570 3904 601 3954 ut
615 3898 757 3955 vindicata
771 3897 935 3967 impunitate
988 3895 1050 3965 pit?
1064 3894 1147 3963 Quer.
1172 3895 1345 3968 llen'rogasl
1363 3900 1440 3967 quasi
1466 3907 1495 3954 tu
1511 3901 1629 3956 nescias.
1659 3900 1716 3958 lloc
1738 3911 1784 3973 est

140 3968 242 4038 apertis
255 3968 352 4036 quibus
372 3983 417 4034 ue,
433 3984 484 4024 nec
502 3969 584 4035 Deus,
601 3985 652 4025 nee
676 3985 736 4034 rex,
752 3982 804 4022 nec
830 3966 937 4037 episeo-
989 3964 1060 4036 quod
1073 3982 1124 4022 uec
1136 3967 1258 4037 permitti
1270 3982 1322 4023 nce
1331 3968 1469 4039 prohiberi
1480 3977 1578 4040 potest.
1598 3989 1608 4022 ι

139 4052 192 4109 pus
207 4038 345 4092 timeatur.
389 4039 611 4095 tvidcndaesunt
625 4040 737 4095 omnino
751 4044 937 4093 notaenostrae
1026 4035 1037 4075 ¹
1059 4034 1186 4091 Comitem
1217 4046 1335 4092 nostrum
1361 4037 1562 4106 Bertmundum,
1592 4040 1782 4112 Lugdunensis

140 4107 176 4162 ad
191 4106 261 4160 banc
274 4107 426 4175 epistolam.
655 4111 658 4117 ’
988 4107 1135 4177 pruvincia
1158 4106 1328 4176 praeieetum,
1348 4115 1379 4162 ut
1396 4109 1424 4165 in
1444 4108 1512 4165 libro
1530 4110 1620 4179 primo
1639 4120 1719 4168 vocat
1735 4113 1782 4168 Ni·

176 4176 192 4215 b
211 4175 375 4240 causidicos,
403 4176 430 4230 id
447 4183 500 4242 est,
515 4180 624 4251 eosqui
645 4191 743 4234 causas
767 4175 889 4232 referunt
902 4175 938 4231 ad
987 4176 1112 4231 thardus.
1660 4194 1661 4197 ¹

139 4245 306 4316 principem
323 4245 444 4315 adeoque
457 4247 485 4300 in
499 4263 592 4303 eorum
619 4256 756 4318 potestate
770 4253 811 4302 cst
823 4247 938 4317 provin·
1026 4248 1039 4287 ⁸
1059 4245 1149 4300 Talem
1162 4248 1259 4312 viram,
1287 4247 1378 4315 idest,
1393 4251 1592 4306 vicecomitem.
1615 4252 1692 4308 Unde
1707 4255 1782 4324 patet

141 4314 250 4370 cialium
264 4315 362 4370 delicta
378 4316 528 4385 publicare,
547 4326 594 4373 aut
608 4319 716 4374 silentio
731 4325 758 4373 te
777 4332 832 4372 erc.
986 4317 1176 4372 vicecomitum
1196 4319 1394 4374 institutionem
1408 4320 1493 4377 luisse
1506 4337 1555 4392 per
1567 4337 1614 4377 eas
1635 4330 1782 4394 tempesto·

180 4395 192 4424 e
211 4382 349 4450 Parentes,
367 4385 394 4441 id
409 4395 463 4452 est,
479 4403 584 4462 consen
623 4388 710 4453 ineos,
726 4333 887 4443 ieiunius.
902 4387 937 4443 Et
948 4393 976 4453 Ι)
989 4395 1031 4443 ιιι
1043 4385 1071 4442 ln
1084 4387 1196 4444 arbitrio
1208 4389 1349 4443 comitum.

140 4455 269 4525 putabam
282 4455 355 4511 istud
366 4471 428 4513 esse
443 4473 476 4514 ex
493 4406 759 4524 inumaglffauninte,
779 4467 937 4528 parentum·
1024 4459 1039 4497 h
1059 4455 1179 4512 senioris
1204 4459 1257 4523 oui,
1286 4458 1314 4513 id
1332 4467 1384 4527 cst,
1400 4461 1512 4529 domini,
1540 4462 1648 4518 comitis
1673 4462 1783 4535 Lugdu·

141 4539 195 4595 que
209 4524 340 4582 vocabulo
354 4527 418 4582 olim
447 4535 534 4584 atrem
548 4537 653 4584 tantum
667 4537 838 4598 matremque
851 4526 937 4584 luisse
988 4527 1091 4583 nensis.

141 4595 364 4678 comprehensos,
380 4606 410 4652 ut
422 4543 446 4652 X

142 4663 263 4720 Salviani
279 4666 312 4722 ad
327 4667 477 4724 Ecclesiam
504 4669 678 4725 catholicam.
695 4670 798 4726 terum
813 4666 935 4723 Sallustii
987 4683 1002 4723 ι
1023 4668 1108 4748 iscopi
1121 4682 1176 4724 non
1196 4669 1296 4724 debent
1320 4685 1382 4727 esse
1401 4680 1585 4729 accusatores.
1605 4674 1740 4737 Arcadius
1753 4685 1781 4731 et

140 4735 289 4790 auctoritas
314 4753 387 4793 nunc
400 4737 466 4794 lacit
478 4747 509 4793 ιιι
524 4740 603 4795 aliter
625 4739 753 4802 sentiam,
769 4754 784 4793 a
806 4738 840 4792 ud
854 4753 936 4821 quem
1011 4753 1124 4792 onorius
1137 4737 1194 4792 aa.
1209 4740 1244 4795 ad
1270 4738 1443 4797 Theodorum
1457 4742 1615 4812 praesectum
1630 4747 1757 4816 praetorio
1772 4763 1779 4800 ε

95 4861 102 4874 ,
141 4802 216 4859 Sulla
238 4805 373 4861 Bocchum
393 4806 563 4864 llauritaniae
588 4824 679 4879 regern
704 4809 745 4863 sic
768 4754 934 4879 afloqurtur:
989 4807 1168 4863 «Provinciae
1180 4811 1335 4865 moderator
1349 4811 1520 4868 sacerdotum
1536 4821 1564 4870 ct
1577 4815 1719 4871 catholicae
1730 4816 1783 4871 Ec·

144 4874 253 4940 «Dein,
275 4876 346 4945 quod
361 4881 491 4945 parentes
518 4879 625 4933 abunde
653 4878 805 4934 babemus:
834 4877 937 4933 amico·
986 4878 1077 4934 clesiae
1100 4879 1299 4945 ministrorum,
1328 4880 1381 4937 loci
1409 4898 1516 4965 quoque
1531 4885 1628 4955 ipsius,
1643 4894 1672 4941 et
1695 4886 1782 4942 diuini

141 4959 203 5001 rum
226 4960 316 5015 neque
338 4946 426 5013 nobis,
451 4963 539 5018 neque
567 4948 694 5017 cuiquam
720 4949 842 5005 omnium
868 4948 935 5006 satis
986 4949 1076 5004 cultus
1089 4946 1218 5016 injuriam
1235 4950 1346 5019 capitali
1363 4952 1391 5007 in
1405 4961 1545 5010 contactos
1570 4956 1629 5012 sive
1640 4955 1783 5012 consessus

141 5011 202 5070 suit.
227 5032 237 5067 ι
985 5034 1047 5074 reos
1060 5020 1198 5074 sententia
1212 5023 1320 5076 noverit
1336 5022 1540 5079 vindicandum.
1556 5024 1612 5081 Nec
1638 5035 1782 5096 exspectet

176 5083 190 5124 ἃ
210 5084 268 5142 lne
288 5086 366 5144 istola
382 5086 416 5141 ad
431 5086 576 5145 Donatum.
602 5087 656 5144 Sed
673 5088 762 5145 locum
784 5104 818 5145 ex
831 5104 863 5144 ea
877 5089 935 5159 cpi·
984 5098 1016 5144 ut
1032 5088 1176 5169 episcopus
1203 5090 1310 5162 injuriae
1358 5094 1456 5164 ropriae
1482 5093 1615 5152 ultionem
1639 5097 1780 5168 deposcat.

142 5154 214 5210 stola
232 5103 311 5212 valde
325 5158 487 5222 decurtarit,
504 5167 535 5214 ut
548 5158 661 5223 assolet,
675 5159 846 5229 agobardus.
984 5158 1028 5214 cui
1044 5166 1174 5216 sanctitas
1200 5108 1358 5244 ignoscendi
1385 5164 1435 5219 soli
1453 5164 1566 5235 gloriam
1590 5167 1744 5237 dereliquit.
1767 5186 1778 5219 ι

179 5223 292 5297 ‘Carpit
306 5225 408 5283 licitum
433 5245 497 5284 ease.
519 5229 566 5286 Ele
585 5237 664 5285 anter
682 5229 833 5301 Cyprianus
847 5229 876 5285 in
890 5246 936 5287 ea·
984 5228 1080 5284 Exstat
1092 5229 1150 5285 baec
1160 5230 1203 5285 lex
1219 5247 1246 5285 rn
1258 5232 1352 5288 codiee
1366 5232 1554 5291 Theodosiano
1567 5236 1586 5290 l.
1602 5237 1649 5301 bl,
1665 5237 1703 5292 De
1758 5237 1781 5292 i-

142 5293 214 5376 dem·
230 5297 343 5367 epistola
360 5318 367 5353 ε
391 5317 401 5349 ι
421 5298 509 5354 lladet
535 5247 611 5356 orbis
627 5308 722 5354 mutuo
740 5300 890 5369 sanguine;
908 5310 934 5356 ιι
984 5299 1083 5371 scopis,
1099 5315 1131 5354 ac
1159 5301 1244 5357 relata
1264 5303 1360 5357 deinde
1374 5312 1417 5359 est
1431 5305 1459 5359 in
1485 5305 1583 5362 librum
1600 5323 1627 5361 rr
1641 5305 1738 5378 Capitu
1750 5323 1781 5361 a·

141 5363 317 5421 homicidium
343 5383 405 5422 eum
431 5370 579 5427 admittunt
605 5368 715 5440 singuli,
741 5371 844 5424 crimen
871 5380 931 5435 est;
984 5373 1065 5433 rium,
1082 5384 1114 5424 ca
1136 5371 1222 5427 bot.
1241 5372 1426 5430 Theodoretus
1446 5377 1624 5447 episcopusC
1645 5379 1735 5432 reusis
1751 5378 1781 5432 in

137 5433 229 5495 ,virtus
242 5445 364 5500 vocatur,
375 5453 436 5493 cum
446 5441 553 5509 publice
565 5441 678 5512 geritur.
691 5459 699 5491 ι
714 5439 760 5494 Sic
770 5439 840 5509 apud
851 5440 934 5496 Pseu·
984 5440 1098 5510 epistola
1112 5385 1147 5494 fd
1174 5459 1180 5495 :
1202 5460 1211 5492 ι
1229 5441 1322 5513 Angor
1350 5460 1416 5501 sane
1430 5461 1462 5499 ac
1490 5447 1567 5501 doleo
1591 5393 1780 5504 rebemenmr.

141 5502 297 5573 doplautum
313 5506 445 5572 ererolns
457 5511 496 5564 ait
510 5511 612 5567 licituru
627 5525 689 5566 esso
704 5511 775 5580 quod
790 5524 934 5566 commune
984 5511 1054 5579 quod
1069 5511 1190 5567 seribere
1217 5513 1348 5569 aduersus
1360 5516 1497 5571 bominem
1512 5533 1604 5588 cogor,
1620 5532 1698 5585 curus
1712 5518 1774 5573 deli-

441 4599 525 4653 ictum
540 4608 582 4655 est
599 4600 626 4655 iu
641 4601 713 4656 notis
732 4600 766 4655 ad
780 4599 879 4654 librum
903 4614 935 4652 ιιι
1026 4599 1034 4638 i
1065 4595 1126 4650 Non
1149 4608 1186 4652 est
1210 4597 1287 4668 officii
1310 4601 1372 4667 mei,
1400 4602 1530 4657 nimirum
1548 4606 1696 4660 accusatio.
1711 4604 1780 4660 Natu

141 5580 194 5654 ost,
208 5573 236 5628 id
250 5577 386 5647 estquod
411 5578 490 5650 turigo
505 5582 555 5635 iit:
575 5603 585 5632 ‹
603 5580 666 5636 Lar.
682 5581 751 5649 Quid
765 5580 798 5635 de
815 5579 933 5636 talsooi-
983 5589 1026 5635 cta
1043 5589 1154 5704 proptor
1167 5597 1265 5639 nontcn
1292 5586 1438 5641 sacerdotii
1468 5585 1605 5644 occultare
1631 5603 1681 5660 par
1706 5597 1778 5644 erat.

140 5641 407 5714 ermuslouerolns.
424 5647 503 5715 llem,
529 5653 590 5721 «puris
617 5660 709 5707 antem
736 5650 933 5706 venrmdirit?
984 5649 1080 5708 Serito
1108 5659 1208 5719 tamon,
1235 5662 1265 5708 ut
1279 5669 1424 5725 oppressos
1450 5659 1485 5713 ab
1511 5673 1544 5714 eo
1570 5673 1705 5729 pauperes
1719 5659 1781 5716 ιίιι-

140 5707 372 5774 lstudcommnnc
392 5726 443 5785 cst,
469 5721 522 5775 abi.
551 5721 613 5778 lor.
641 5721 744 5779 idcirco
758 5721 861 5778 crimen
877 5735 932 5778 nou
983 5722 1079 5777 dicem.
1101 5737 1109 5772 ι
