3832 6120
150 343 206 401 titt
472 339 519 398 bb
536 337 687 398 conati.
707 335 838 402 addid,
859 333 937 390 utu.
957 363 992 376 -
1011 333 1121 389 cetat.
1142 332 1309 391 saecului
1325 333 1378 391 PP.
1400 331 1442 391 IV.
1727 336 1782 394 300

149 457 258 518 etiarnsi
271 470 370 514 samua
386 455 508 525 benique
520 470 569 511 vos
583 469 636 509 non
650 467 694 507 me
707 450 783 507 scitis
796 462 856 504 esse
868 446 942 517 peje-
956 451 981 510 Α
993 447 1117 511 moverit,
1140 452 1215 503 latito
1237 448 1394 517 ampliorem
1418 445 1532 502 feterent
1556 447 1679 503 exhalari
1705 448 1781 505 facit.

148 560 250 608 ratum.
272 548 312 605 lie
326 547 402 604 tobis
416 554 506 603 autem
521 561 602 602 nemo
614 545 662 615 qui
684 536 788 599 dubitet
801 543 853 596 boc
867 553 936 595 esse.
992 539 1068 608 Quod
1086 551 1175 596 autem
1198 542 1230 596 de
1249 540 1424 611 sequentibus
1440 554 1482 595 me
1503 539 1634 596 fratribus
1652 549 1679 594 et
1692 543 1789 610 mept-

147 647 177 704 lu
189 648 243 704 bac
257 659 288 702 re
299 659 404 701 mentor
421 656 481 698 esse
493 641 623 698 debuerat
639 637 748 694 solertia
761 643 862 701 restra,
876 632 939 703 quia
991 632 1080 703 scopis
1100 630 1226 686 similiter
1237 631 1394 701 pmmittitis
1409 630 1558 703 agendum,
1573 639 1601 686 et
1615 630 1724 697 additis,
1745 632 1786 685 ir·

148 726 304 812 quicunque
318 735 439 791 eloacam
454 741 605 789 commovet
627 738 729 802 quanto
742 727 941 797 ampliuseom-
992 721 1203 788 retractabiliter,
1225 720 1348 776 miranda
1371 721 1398 775 in
1422 719 1475 776 itae
1497 729 1671 794 presumptio
1692 732 1784 778 restra

836 833 973 892 entbztt
991 831 1106 890 NOTAE.

147 963 211 1017 ban.
231 959 265 1015 lll
284 958 318 1013 ad
339 955 415 1012 arclti
453 954 573 1023 tsoopum
596 951 723 1006 Pisanum
744 945 889 1003 scribentis
913 942 942 999 in
994 944 1068 998 dum.
1086 941 1173 997 Antea
1191 942 1263 997 enim
1283 941 1340 996 fteri
1357 942 1465 998 solitum
1486 952 1560 1013 patct
1577 959 1610 997 cx
1630 944 1784 1068 Epinltardo

146 1032 218 1087 libro
231 1028 312 1085 tertio
323 1027 436 1082 Decreta
449 1024 514 1079 ium.
530 1022 606 1090 Quod
619 1020 642 1076 si
655 1018 789 1090 episcopis
803 1028 941 1085 uunquam
995 1014 1028 1068 ad
1039 1029 1084 1067 an.
1101 1012 1163 1076 stt,
1178 1012 1223 1066 ubi
1238 1011 1279 1066 sic
1293 1012 1412 1082 legitur:
1432 1031 1441 1063 t
1458 1010 1507 1068 Cui
1524 1014 1561 1084 (id
1580 1022 1632 1079 est,
1668 1017 1784 1085 tepitudo

147 1103 213 1157 licet
231 1097 370 1170 peierare,
385 1093 470 1150 multo
490 1093 581 1148 minus
597 1091 659 1146 licet
678 1089 758 1144 ftdem
775 1085 942 1166 principibus
994 1098 1027 1152 pa
1076 1083 1085 1154 )
1102 1081 1241 1137 Pascbalis
1258 1096 1402 1137 successor
1415 1083 1530 1142 electus,
1551 1093 1608 1152 pust
1622 1086 1784 1155 completam

147 1168 324 1240 'urejuraudo
334 1166 492 1221 obstrictam
503 1162 615 1228 violare,
626 1175 694 1230 quos
703 1158 792 1214 colere
803 1154 943 1224 nosgussit
993 1168 1024 1208 ao
1034 1153 1151 1207 emuiter
1162 1151 1360 1206 ordinationem
1375 1168 1466 1216 suam,
1489 1163 1516 1207 et
1533 1169 1644 1208 munera
1659 1164 1686 1208 ct
1701 1171 1784 1211 ettcu-

187 1257 220 1297 us
238 1246 267 1295 et
288 1239 391 1293 bonore
407 1250 441 1304 pr
508 1233 545 1287 ui.
566 1232 661 1302 ltaque
679 1241 816 1296 nunquam
829 1224 941 1287 dubium
994 1222 1121 1277 satoriam
1135 1221 1290 1292 imperatori
1304 1222 1378 1276 misit
1391 1222 1546 1292 epistolam
1559 1224 1586 1278 in
1597 1239 1651 1293 qua
1664 1225 1714 1279 sibi
1728 1240 1794 1281 non,

148 1312 208 1378 luit,
263 1303 562 1377 inepiscopusvioatae
581 1302 608 1357 in
640 1300 770 1370 riucipem
788 1295 849 1351 ttdet
865 1308 939 1360 reus,
993 1291 1080 1346 solum
1095 1288 1275 1354 nolenti,sed
1287 1291 1368 1346 etiam
1381 1293 1524 1363 plurimum
1539 1294 1682 1360 renitenti,
1731 1296 1806 1352 uti··

146 1398 162 1436 a
175 1395 223 1453 gra
243 1395 261 1433 tt
276 1391 326 1433 suo
337 1374 504 1444 edicuntur
518 1380 600 1428 esset.
614 1317 653 1425 ἕο
664 1382 746 1440 porro
755 1365 817 1436 jure
830 1364 941 1419 teneba-
993 1363 1089 1416 licattts
1101 1361 1232 1415 bonorem
1246 1359 1319 1415 reiut
1334 1362 1487 1443 impositum
1503 1365 1649 1418 asserebat.
1669 1385 1679 1417 t
1708 1366 1784 1422 'tcu-

148 1461 192 1507 tur
205 1450 289 1505 etiam
301 1447 445 1517 episcopus
458 1443 608 1505 Romanus,
621 1439 739 1511 quandiu
752 1450 821 1506 papa
835 1441 940 1488 tantum
993 1431 1063 1486 savit
1080 1429 1204 1489 videlicet
1226 1432 1466 1501 praecipitntmnem
1490 1433 1685 1499 ordinationis,
1710 1437 1783 1506 quod

147 1521 257 1576 urbicus
272 1517 332 1580 luit,
346 1517 399 1572 boc
409 1522 462 1580 est,
476 1520 539 1568 ante
553 1526 634 1582 quam
646 1507 795 1565 dominium
809 1504 940 1559 Romanae
992 1517 1024 1556 ea
1042 1510 1152 1570 peracta
1170 1509 1244 1555 esset
1263 1501 1448 1570 inexspectato
1463 1502 1546 1557 misso
1560 1503 1617 1558 sive
1629 1505 1718 1576 legato
1732 1507 1783 1561 irn-

146 1591 223 1646 urbis
238 1590 266 1643 itt
281 1601 346 1642 eura
364 1582 607 1640 transfunderetur.
624 1579 701 1636 [nde
713 1585 740 1633 et
753 1573 940 1632 ordinationes
991 1570 1134 1643 paratoria.
1158 1570 1257 1626 lerum
1277 1570 1340 1640 quia
1362 1571 1497 1643 Eugenius
1516 1573 1610 1627 eadem
1630 1577 1780 1645 precipita-

146 1661 335 1732 episcoporum
359 1655 562 1716 Rornanorum,
586 1666 639 1706 non
660 1638 738 1704 scc'us
757 1661 788 1701 ac
810 1644 935 1706 aliorum,
992 1643 1065 1697 tione
1075 1639 1161 1695 fuerat
1171 1641 1321 1705 ordinatus,
1331 1656 1474 1697 occurrere
1484 1642 1546 1697 buic
1558 1643 1678 1698 audaciae
1689 1646 1781 1702 voleus

147 1730 206 1785 beri
220 1726 371 1796 antiquitus
380 1739 433 1779 nott
446 1729 571 1793 poterant
583 1721 684 1789 absque
698 1729 829 1772 consensu
844 1727 938 1767 eorum
953 1749 977 1807 B
991 1712 1149 1782 imperator,
1164 1711 1370 1793 exemplumque
1382 1719 1502 1766 statuere
1515 1712 1542 1766 iu
1556 1712 1687 1779 futurum,
1704 1732 1712 1764 t
1729 1717 1781 1771 Lo.

147 1800 194 1868 qui
212 1798 297 1853 uariis
314 1804 369 1850 tem
406 1795 481 1850 ribus
504 1789 574 1861 apud
599 1789 713 1845 Romam
737 1784 937 1856 imperitarunt.
992 1782 1109 1836 titurium
1133 1780 1216 1834 filium
1240 1781 1345 1851 imperti
1369 1783 1472 1837 socium
1493 1782 1590 1853 (verba
1615 1792 1677 1838 sunt
1700 1785 1782 1855 ligin-

147 1869 259 1925 llultuur
280 1865 353 1921 euim
369 1870 482 1920 tuterest
500 1860 667 1935 principum,
687 1864 717 1911 ut
736 1857 763 1911 in
785 1853 940 1911 civitatibus
992 1851 1093 1920 bardi),
1108 1848 1222 1904 Romam
1236 1851 1343 1906 mittere
1355 1853 1485 1916 decrerit,
1499 1861 1530 1906 ut
1544 1853 1601 1908 vite
1613 1869 1660 1909 sua
1673 1855 1782 1913 iuuetur

148 1940 184 1993 im
220 1939 260 1994 rio
277 1951 373 1993 eorum
389 1932 517 2002 subjectis
531 1930 599 1985 tales
619 1929 796 1984 instituantur
809 1922 938 1993 episcopi,
990 1936 1022 1975 ca
1044 1933 1211 1990 quaererem
1233 1923 1382 1977 necessitas
1402 1922 1523 1991 flagitare
1545 1924 1694 1990 videbatur,
1717 1942 1780 1982 cutrt

144 2025 193 2078 qut
206 2006 320 2079 populos
334 2006 416 2062 verbo
428 2012 457 2059 et
468 1999 593 2071 exemplo
606 2000 720 2055 doceant
732 1995 794 2066 jura
809 1991 939 2062 ntaJesta·
992 2005 1061 2044 novo
1083 1990 1210 2059 pontifice
1235 1999 1316 2062 atque
1338 1991 1461 2047 Romano
1482 1994 1580 2062 populo
1597 2002 1730 2051 statueret
1746 2013 1780 2054 ae

147 2079 182 2134 tis
199 2093 253 2133 nou
272 2089 333 2132 csse
349 2074 484 2129 uiolanda.
503 2070 573 2126 ilinc
586 2085 617 2125 ex
634 2071 696 2141 jure
713 2079 819 2136 quoquc
839 2063 939 2133 otique
992 2060 1121 2114 fumaret.
1146 2061 1266 2129 »ltaque
1285 2070 1341 2116 tum
1366 2071 1521 2117 revocatum
1538 2064 1725 2135 jusjurandum
1746 2068 1780 2123 de

146 2157 255 2217 recepto
266 2145 430 2216 sequebatur
440 2152 471 2198 ut
483 2156 569 2197 notus
578 2137 700 2210 pontifex
710 2137 848 2191 liontanus
859 2147 939 2201 spon·
990 2145 1044 2186 ttou
1059 2130 1208 2185 damnando
1222 2131 1349 2201 pontifice
1361 2133 1483 2187 Romano
1493 2142 1569 2188 extra
1584 2137 1779 2193 conscientiam

145 2220 249 2273 aionem
262 2215 324 2271 fidei
342 2214 444 2269 faceret
455 2211 571 2283 principi
586 2229 592 2263 ι
608 2210 634 2264 id
649 2207 720 2278 quod
732 2208 766 2261 ab
780 2205 846 2274 ipsis
862 2202 940 2256 iacti·
990 2199 1134 2282 principis,
1153 2202 1358 2282 praestitumque
1376 2204 1411 2258 ab
1430 2203 1548 2274 Eugenio
1561 2220 1628 2275 papa
1639 2205 1781 2274 juraturu-

146 2294 232 2343 tatum
242 2301 302 2343 esse
311 2293 418 2338 veteres
428 2283 574 2351 loquuntur
584 2279 712 2333 historiae.
721 2277 761 2331 lid
772 2275 937 2328 francorum
991 2278 1047 2324 tum
1062 2270 1209 2325 fidcittatts.
1227 2269 1310 2326 Valde
1327 2280 1416 2328 autent
1430 2275 1568 2344 probabile
1581 2284 1622 2331 cst
1635 2286 1781 2346 sentientes

145 2372 224 2428 reges
235 2356 308 2425 quod
321 2353 432 2415 attinet,
446 2357 535 2407 exstat
547 2349 651 2403 illustre
668 2345 749 2402 bu'tts
764 2345 802 2399 rei
818 2343 939 2398 testimo·
991 2347 1048 2395 tutu
1061 2340 1221 2411 pontifices,
1234 2342 1279 2410 qui
1293 2343 1354 2398 tivo
1368 2343 1505 2398 Ludorico
1517 2345 1624 2410 vixere,
1643 2363 1695 2401 non
1710 2349 1781 2404 cmi

143 2428 221 2482 niutu
236 2426 264 2480 in
279 2421 391 2494 epistola
406 2421 439 2477 tl
453 2418 568 2492 (Petrei.
585 2427 647 2472 tom.
663 2361 796 2475 Xcll'ifl,
810 2410 860 2466 coi.
875 2411 937 2484 907)
989 2412 1058 2466 aisse
1072 2411 1142 2465 banc
1154 2421 1258 2481 partem
1272 2413 1313 2467 sui
1327 2413 1461 2484 obsequii,
1476 2416 1596 2484 adeoque
1610 2431 1703 2472 rernm
1717 2432 1779 2474 esso

142 2496 265 2559 Alcuiui,
280 2500 393 2564 quaeest
406 2490 495 2547 Caroli
509 2487 598 2559 blagni
612 2487 644 2543 ad
657 2485 774 2542 Leonem
789 2482 821 2537 lli
840 2496 938 2551 papam
989 2482 1060 2549 quod
1070 2478 1201 2550 Gregorio
1213 2481 1247 2538 lli
1261 2481 1425 2551 objiciebant
1434 2484 1551 2554 episcopi
1563 2485 1704 2553 Gallicani,
1716 2504 1781 2543 cttnt

145 2566 312 2621 Romanum.
327 2562 360 2626 is,
376 2570 518 2633 postquam
533 2559 620 2614 factus
631 2564 674 2612 est
685 2553 816 2625 pontifex,
830 2553 939 2607 ordina·
989 2552 1017 2605 in
1035 2550 1119 2606 initiis
1138 2552 1179 2606 sui
1199 2552 1372 2622 pontificatus
1391 2554 1487 2609 iecisse
1506 2553 1641 2611 Ludouico
1655 2560 1778 2626 sponsio·

143 2636 227 2690 tionis
249 2649 304 2688 succ
322 2631 448 2688 Catulum
467 2629 571 2686 monuit
591 2642 638 2696 per
657 2627 778 2689 litteras,
797 2624 824 2677 in
839 2622 939 2692 quibat
988 2635 1051 2675 nem
1069 2620 1146 2687 fidei,
1167 2621 1327 2692 interposito
1351 2624 1432 2678 etiam
1455 2623 1645 2695 jurejurand03
1669 2629 1778 2685 umetsi

143 2706 226 2760 etiam
242 2703 431 2759 continebatur
440 2699 623 2768 juramentum
638 2695 784 2751 fidelitatis.
800 2694 862 2747 flacc
875 2700 939 2748 suet
989 2690 1033 2746 ille
1046 2689 1147 2745 faciunt
1161 2692 1225 2748 illud
1245 2707 1333 2764 neque
1348 2693 1474 2758 fateatur,
1491 2709 1579 2762 tthue
1596 2705 1675 2769 neget
1691 2714 1699 2752 c
1713 2714 1777 2757 naut

144 2776 226 2831 verba
236 2772 325 2828 Caroli
342 2791 348 2826 ε
368 2791 377 2823 t
393 2770 524 2826 perlectis
536 2767 702 2823 excellentiae
717 2773 813 2818 vestrae
827 2763 936 2826 litteris,
988 2761 1015 2814 itt
1028 2761 1154 2883 ambipuo
1166 2762 1303 2832 relinquit.
1324 2763 1376 2819 Sed
1391 2781 1441 2820 cur
1453 2765 1557 2837 agimus
1570 2767 1735 2836 coniecturis
1747 2770 1783 2823 iu

144 2855 172 2900 et
182 2845 274 2899 audita
288 2840 416 2897 decretali
436 2840 574 2904 chartula,
586 2837 678 2899 vaide,
693 2842 723 2889 ut
743 2835 835 2895 fatcor,
851 2831 937 2903 gavisi
989 2844 1018 2884 te
1029 2832 1100 2886 mani
1114 2833 1191 2886 estat
1203 2833 1273 2888 Ecce
1282 2836 1417 2905 quomodo
1428 2836 1574 2906 loquuntur
1584 2838 1703 2894 Annales
1713 2839 1778 2894 Ber·

143 2930 248 2980 samus,
261 2930 308 2968 scu
322 2912 350 2967 in
363 2911 501 2966 electionis
512 2906 706 2971 unanimitate,
723 2919 770 2957 seu
785 2904 811 2957 in
825 2901 936 2956 humili·
989 2901 1082 2955 tiniaui
1094 2901 1126 2956 de
1139 2902 1271 2960 electione
1282 2913 1309 2960 et
1318 2906 1487 2961 ordinatione
1498 2907 1617 2978 ejusdem
1631 2907 1754 2978 Gregorii
1768 2926 1775 2962 t

145 2985 207 3039 tatis
226 2992 325 3039 nostrae
343 2981 512 3046 obedientia,
534 2987 562 3034 et
585 2979 611 3033 in
622 2973 817 3103 (promissionis
839 2972 874 3027 ad
886 2986 937 3027 nos
991 2989 1000 3020 t
1019 2971 1155 3045 fingenius
1171 2988 1240 3044 papa
1260 2990 1352 3030 mense
1372 2977 1494 3048 Augusto
1512 2978 1638 3032 decessit.
1658 2980 1686 3032 lu
1700 2979 1779 3048 citius

145 3053 283 3110 fidelitate.
303 3051 456 3106 ›Sedante
471 3051 606 3112 Leonem,
643 3045 936 3112 oustatttinusquoque
987 3040 1076 3097 locutu
1097 3042 1254 3098 Valentinus
1278 3045 1409 3102 diaeonus
1431 3061 1446 3100 a
1469 3047 1599 3102 liomauis
1623 3050 1725 3104 electus
1749 3061 1777 3106 at

178 3139 222 3193 pa,
238 3123 285 3193 qui
294 3131 356 3193 post
366 3120 479 3176 Paulum
492 3119 503 3174 l
518 3119 610 3176 uuna
627 3117 711 3178 sedit.
725 3115 763 3170 sic
778 3112 887 3183 scripsit
901 3113 935 3168 ad
949 3094 971 3157 C
987 3111 1142 3179 ordinatus,
1158 3113 1203 3168 vit
1216 3129 1299 3170 uuum
1314 3131 1433 3173 mensem
1448 3118 1475 3172 in
1488 3118 1646 3188 pontificatu
1659 3119 1777 3190 cample·

167 3194 288 3263 ippinnm
310 3205 400 3263 regem
412 3199 430 3244 't
456 3210 465 3242 t
487 3189 541 3244 Nos
558 3189 684 3258 quidem,
706 3187 742 3240 ita
763 3183 840 3239 testis
859 3183 937 3238 nobis
985 3181 1033 3235 vit.
1049 3180 1108 3264 Quo
1123 3183 1266 3250 defuncto,
1279 3185 1426 3257 Gregorius
1445 3188 1586 3259 presbyter
1604 3189 1673 3244 tituli
1689 3191 1776 3246 sandi

145 3264 215 3317 licus
229 3270 330 3326 noster,
348 3262 392 3316 cui
412 3260 518 3315 occulta
538 3259 628 3314 cordis
648 3254 791 3311 manifesta
811 3260 891 3317 sunt,
906 3261 938 3308 ut
986 3250 1105 3308 llarcellt
1120 3254 1238 3322 electus;
1255 3256 1301 3311 sed
1315 3271 1368 3311 non
1383 3260 1457 3328 prius
1468 3257 1610 3314 ordinatus
1625 3266 1678 3325 est,
1693 3275 1774 3329 quarn

143 3334 203 3403 plus
215 3333 297 3388 etiam
312 3347 394 3402 quam
407 3330 512 3400 praefati
525 3329 610 3384 nostri
623 3327 835 3398 predecessores
846 3324 936 3393 ponti·
985 3321 1089 3393 legatus
1101 3323 1273 3393 imperatoris
1286 3326 1398 3382 Romam
1412 3330 1498 3393 venit,
1512 3338 1539 3384 et
1553 3330 1712 3386 electionem
1727 3345 1778 3402 po·

145 3404 223 3466 tices,
240 3403 267 3456 in
283 3412 372 3458 restra
389 3417 404 3455 a
423 3402 477 3456 beo
495 3398 611 3470 protecti
626 3397 699 3469 regni
716 3395 798 3451 vestri
818 3394 935 3448 Franco-
984 3393 1040 3473 puli
1059 3395 1147 3463 qualis
1165 3405 1237 3452 esset
1254 3399 1428 3453 examinavit.
1452 3420 1462 3453 t
1484 3399 1517 3454 Et
1534 3401 1706 3456 manifestum
1721 3411 1774 3467 est,

145 3489 204 3527 runt
219 3472 353 3527 ebaritate
370 3478 398 3525 et
417 3471 574 3533 dilectione,
593 3476 674 3538 atque
696 3468 801 3521 sincera
819 3464 935 3519 fidelita-
985 3478 1010 3516 nt
1025 3463 1115 3528 fallor,
1130 3481 1183 3520 non
1197 3469 1367 3523 consensisse
1386 3469 1505 3541 legatum
1523 3471 1687 3525 ordinationi
1707 3470 1775 3528 Gre-

144 3552 279 3607 tetecum
291 3542 364 3597 omni
380 3539 575 3609 nostropopulo
585 3537 662 3592 firma
672 3536 823 3592 constantia
833 3535 934 3589 erimus
984 3534 1069 3603 gorii,
1085 3535 1169 3590 donec
1189 3537 1212 3592 is
1230 3540 1330 3609 scripto
1343 3539 1527 3608 juramentum
1547 3540 1655 3595 fecisset
1671 3541 1702 3596 de
1722 3541 1775 3597 ilde

142 3613 323 3681 permansuri.
343 3630 352 3663 r
369 3610 438 3665 llius
453 3610 552 3664 factum
564 3616 594 3662 ut
609 3605 769 3662 Pascltaiisl
789 3606 888 3659 timens
900 3617 935 3659 na
983 3618 1047 3674 erga
1058 3606 1236 3729 pmtcipem,
1255 3607 1333 3676 juata
1356 3610 1508 3680 exemplum
1534 3611 1656 3680 Eugenii.
1681 3609 1775 3680 ltaque

142 3684 165 3737 si
183 3698 248 3737 vera
269 3682 477 3737 ostenderentur
490 3695 549 3748 quae
565 3679 599 3733 de
617 3678 674 3747 ipso
687 3677 720 3730 ati
742 3677 934 3745 itttperatorem
983 3688 1044 3728 cum
1076 3675 1241 3731 ciensionem
1257 3692 1333 3732 suunt
1349 3679 1464 3734 titubare
1478 3696 1511 3735 cx
1526 3680 1660 3749 cacapite
1675 3681 1775 3736 iutelli-

142 3752 307 3807 l.udovieum
322 3750 400 3804 Pium
420 3749 522 3816 perlata
545 3755 637 3813 crant,
650 3747 753 3802 scilicet
772 3761 805 3799 eo
822 3755 934 3800 auctore
983 3753 1058 3813 geret
1080 3745 1242 3815 Gregorius,
1264 3764 1296 3802 ac
1318 3758 1408 3802 tanteu
1428 3751 1540 3821 gradum
1559 3765 1637 3804 suunt
1655 3750 1774 3808 retinere

142 3821 314 3876 Theodorum
335 3819 462 3874 Romanae
484 3819 611 3873 Ecclesiae
626 3816 810 3885 primicerium
829 3823 855 3866 et
869 3814 936 3869 beu·
983 3813 1071 3874 vellet,
1085 3815 1118 3892 ad
1133 3816 1199 3869 alias
1213 3826 1286 3871 artes
1301 3819 1432 3887 confugit,
1447 3820 1576 3872 nimirum
1588 3819 1621 3872 ad
1636 3820 1773 3890 incompe-

143 3907 204 3945 nem
227 3889 455 3946 nomenclatorem
481 3888 563 3942 fuisse
592 3887 698 3941 occisos
725 3886 756 3938 ott
780 3884 933 3952 fidelitatem
983 3885 1094 3937 tentiam
1106 3887 1236 3949 pudicum.
1252 3886 1329 3950 liattt,
1342 3889 1413 3955 quod
1429 3889 1454 3940 itt
1467 3889 1561 3958 primis
1573 3888 1772 3946 observandum

142 3961 270 4023 blitard,
283 3974 363 4030 quem
375 3959 527 4014 ludovicus
541 3972 626 4027 nuper
638 3955 739 4009 fecerat
752 3953 856 4021 itttperii
869 3968 934 4006 con·
982 3961 1035 4017 cst,
1047 3967 1100 4006 non
1115 3955 1152 4007 ait
1161 3955 1301 4024 degradari
1312 3972 1342 4012 se
1353 3972 1407 4010 non
1416 3973 1495 4028 posse
1508 3959 1542 4013 ob
1555 3959 1679 4014 violatam
1692 3961 1770 4015 iidem

141 4039 258 4095 surtcm;
276 4031 390 4100 timeus,
412 4029 538 4099 inquam,
555 4042 589 4082 ne
608 4027 629 4080 si
651 4040 713 4078 veru
732 4025 789 4077 itaec
808 4021 933 4076 ostende·
982 4022 1098 4093 principi
1111 4024 1272 4095 obligatam;
1289 4027 1335 4082 sed
1353 4027 1492 4098 episcopos
1509 4029 1584 4092 illos,
1604 4030 1650 4100 qai
1670 4030 1771 4100 perjuri

142 4110 246 4165 rentur,
267 4101 325 4170 ipse
344 4099 377 4154 dc
398 4100 482 4170 gradu
505 4114 553 4152 suo
573 4096 743 4165 dejiceretur,
770 4092 931 4161 placandum
982 4102 1061 4157 suut,
1081 4109 1140 4150 esse
1158 4095 1265 4163 iudices
1285 4098 1506 4167 incompetentes.
1529 4101 1772 4184 Episcopuseuim

140 4170 232 4223 statim
253 4169 359 4225 censuit
378 4169 544 4238 principem;
568 4167 601 4221 ad
617 4179 732 4245 eumque
750 4163 852 4245 legatos
869 4162 932 4216 tuit·
981 4164 1068 4288 partis
1080 4164 1208 4245 Ludovici
1220 4165 1601 4237 petierosessecontendebat
1612 4171 1770 4241 Gregorius.

140 4250 216 4303 tens,
236 4246 447 4311 expurgaturum
469 4236 637 4293 asseveravit
659 4248 826 4302 susptctoues
846 4232 879 4286 de
902 4247 932 4287 sc
994 4243 1074 4305 taque
1088 4250 1110 4289 st
1125 4236 1191 4290 nthil
1205 4241 1272 4292 naevi
1284 4238 1379 4295 fuisset
1391 4239 1418 4293 itt
1430 4239 1482 4296 illis
1495 4242 1637 4312 episcopis,
1651 4257 1704 4296 non
1720 4259 1769 4298 uc-

141 4308 254 4379 injectas
268 4310 314 4365 :id
329 4307 399 4392 quod
414 4307 570 4379 paulopost
588 4304 715 4376 praestitit
731 4302 823 4384 Romae
838 4317 930 4357 coram
981 4312 1071 4376 gasset
1084 4303 1230 4378 Gregorius
1247 4309 1312 4376 quin
1330 4308 1364 4363 ad
1383 4309 1442 4366 illos
1459 4313 1632 4382 pertinuisset
1652 4314 1770 4382 cognitio
1789 4326 1795 4337 ·

138 4379 236 4459 legatis
247 4378 387 4442 Ludovtci,
399 4379 430 4432 ob
445 4377 640 4446 interfectorum
653 4389 723 4434 occe,
735 4374 823 4442 inqtttt
835 4381 931 4426 aut-tor
981 4375 1104 4430 criminis
1122 4377 1192 4445 qtiod
1213 4378 1238 4431 ei
1260 4376 1454 4446 objectabatur.
1473 4381 1549 4436 Adeo
1568 4391 1656 4435 autent
1674 4396 1768 4438 vetunt

139 4450 207 4502 l'rtae
219 4447 347 4504 ludovici
364 4448 417 4513 Pii,
432 4464 459 4501 ae
471 4464 530 4502 cam
543 4445 663 4517 plurimis
677 4444 855 4513 episcoporum
866 4458 929 4512 pur·
941 4445 967 4504 D
980 4454 1021 4500 est
1035 4445 1080 4515 jus
1099 4446 1162 4500 iilud
1178 4448 1330 4518 principum
1349 4448 1433 4505 fuisse
1453 4451 1718 4516 constantissitttum,
1740 4459 1770 4509 ut

79 4520 83 4525 ’
137 4534 215 4587 quas,
228 4518 317 4582 idest,
328 4519 457 4581 adbibito,
470 4525 500 4572 ut
513 4515 656 4586 Theganus
667 4513 759 4577 tradit,
776 4512 811 4566 al
823 4512 928 4580 episco-
979 4516 1060 4570 ctiam
1073 4524 1181 4570 centum
1193 4517 1301 4587 triginta
1315 4521 1463 4588 postannis
1477 4519 1594 4576 loannes
1608 4519 1654 4574 xil
1666 4520 1700 4575 ob
1711 4520 1769 4573 vio-

137 4602 233 4657 porum
243 4587 476 4658 juramento,qui
490 4593 656 4641 testarentur
672 4582 830 4639 Paschalcm
845 4583 927 4637 caedis
979 4585 1041 4639 latae
1065 4584 1125 4640 fidei
1147 4583 1237 4640 Ottotti
1258 4587 1413 4657 itttperatori
1439 4591 1566 4659 praestitae
1590 4590 1691 4644 crimen
1722 4591 1768 4644 de-

139 4656 209 4711 iliius
222 4672 298 4711 reum
313 4671 366 4710 non
379 4671 448 4711 esse.
469 4655 555 4723 Quam
575 4653 718 4709 historiam
738 4661 830 4707 narrat
845 4652 926 4707 etiam
977 4656 1082 4724 positus
1096 4654 1177 4710 fucrit
1192 4656 1218 4711 in
1231 4657 1333 4727 synodo
1347 4657 1478 4724 Romana,
1493 4668 1524 4713 ttt
1536 4661 1614 4714 docet
1627 4661 1769 4713 continua-

137 4733 233 4782 auctor
243 4726 389 4781 Annalium
402 4726 630 4781 Bertinianorum.
640 4721 748 4802 blortuo
759 4722 865 4776 tandem
876 4721 927 4776 Pa·
979 4735 1020 4780 tor
1031 4724 1201 4793 Luitprandi,
1216 4727 1262 4781 lib.
1280 4743 1318 4789 vt,
1336 4744 1396 4798 cap.
1411 4729 1454 4782 td.
1473 4730 1508 4784 At
1524 4738 1699 4800 posteaquam
1714 4730 1765 4784 itu·

136 4797 222 4850 schali
237 4795 367 4851 successit
380 4795 419 4849 Eu
437 4795 515 4850 enius
532 4794 553 4850 ll
573 4792 620 4862 qui
636 4800 818 4861 juramentum
839 4792 925 4848 fideli·
977 4802 1131 4864 peratorum
1146 4798 1292 4851 attctoritas
1311 4798 1420 4861 eviluit,
1440 4800 1466 4854 in
1483 4815 1634 4869 nomenque
1649 4799 1685 4853 iili
1701 4798 1768 4854 Ger-

137 4867 200 4920 tatis
215 4865 351 4921 badurico
370 4873 399 4920 et
457 4863 688 4933 tbariotlugustis
704 4861 829 4932 prestitit
851 4877 926 4917 tuure
977 4879 1118 4918 tttanorum
1147 4868 1295 4932 transiere,
1322 4878 1377 4922 tutu
1401 4886 1465 4924 vcro
1488 4870 1603 4924 llotttaui
1625 4871 1768 4940 pontifices

137 4933 285 5001 tnajorun,
310 4944 390 5004 atque
413 4935 522 5005 iusuper
544 4933 645 4990 clerum
665 4931 847 5003 populumque
872 4933 926 4987 lio-
977 4950 1085 4990 movere
1097 4944 1236 5005 coeperunt
1250 4937 1383 5004 lacertos,
1402 4947 1459 4995 cta
1477 4943 1564 5011 capite
1583 4956 1632 4996 suo
1648 4954 1766 4994 summo-

136 5020 245 5059 manunt
257 5019 291 5060 eo
301 5005 372 5061 inter
385 5004 436 5060 alia
446 5002 620 5076 jurejurando
634 5003 720 5058 teneri
732 5001 828 5065 voluit,
842 5000 921 5057 hauti-
976 5014 1072 5058 terunt
1086 5012 1246 5073 potestatem
1259 5007 1411 5079 principum
1429 5029 1435 5064 :
1456 5012 1526 5081 quod
1546 5025 1598 5065 non
1614 5010 1767 5081 contigerat

135 5074 215 5128 dubie
227 5090 261 5130 ex
274 5077 361 5144 pactis
375 5095 382 5130 :
399 5093 409 5126 t
425 5075 459 5130 Et
472 5075 543 5144 quod
557 5089 610 5129 non
623 5072 789 5128 consentiam
803 5080 834 5125 ttt
846 5072 925 5126 aliter
977 5075 1171 5145 itttperantibus
1183 5075 1304 5132 Fratteis.
1321 5078 1452 5134 Paulatim
1471 5082 1531 5141 dein
1548 5081 1657 5137 intravit
1670 5079 1697 5133 in
1713 5078 1781 5135 Ee·

135 5144 162 5196 in
178 5143 228 5198 bac
240 5145 305 5200 sede
317 5145 438 5201 Romana
455 5145 502 5199 fiat
514 5143 608 5200 electio
620 5143 766 5213 pontilicis,
779 5142 829 5196 nisi
843 5159 925 5199 cano-
975 5146 1085 5199 etesium
1108 5160 1238 5214 regnum,
1264 5156 1292 5201 ct
1315 5149 1359 5216 qui
1383 5152 1564 5219 permultum
1583 5150 1633 5204 coti
1657 5146 1766 5207 fueraut

135 5213 195 5266 uice
206 5222 234 5268 et
243 5212 326 5282 juste,
344 5215 491 5271 seeundum
503 5214 576 5270 vires
589 5222 616 5268 et
629 5213 793 5269 intellectum
809 5228 899 5267 tueum
914 5230 921 5267 :
975 5215 1087 5285 sultjecti
1105 5214 1281 5285 principibus,
1296 5219 1335 5273 cis
1351 5229 1444 5289 postca
1463 5220 1613 5284 illuserunt,
1627 5218 1765 5275 calcantes

133 5292 162 5335 ct
178 5282 223 5338 ille
235 5285 282 5355 qui
298 5286 400 5342 electus
416 5284 511 5350 fucrit,
524 5298 567 5340 me
580 5285 765 5339 consentiente
782 5298 924 5338 eonsecra-
974 5286 1055 5340 etiam
1069 5285 1182 5356 pedibus
1195 5284 1263 5341 colla
1275 5289 1456 5346 dominorum.
1471 5290 1570 5343 lterum
1584 5289 1761 5344 humanarum

135 5363 179 5406 tus
192 5353 312 5424 pontifex
331 5371 384 5412 nou
405 5355 451 5410 fiat
461 5395 468 5419 ,
480 5355 637 5425 priusquam
652 5353 706 5409 tale
725 5362 922 5408 sacramentum
974 5354 1117 5424 Euripum!
1137 5354 1190 5410 Sed
1205 5365 1349 5427 antequam
1368 5359 1503 5412 discedam
1516 5358 1550 5413 ab
1565 5359 1616 5414 boc
1631 5358 1700 5424 loco,
1718 5351 1771 5416 rea'

135 5424 217 5477 iaciat
233 5424 417 5494 inpraesentia
437 5424 513 5481 missi
529 5423 631 5480 domini
646 5422 818 5494 imperatoris
835 5433 862 5477 et
875 5439 923 5494 pe
991 5427 1110 5481 ustulare
1128 5427 1244 5490 videtur,
1260 5437 1290 5482 ut
1306 5428 1432 5496 quoniam
1449 5428 1566 5483 diximus
1577 5428 1762 5485 ordinationes

132 5492 200 5562 puli,
213 5508 275 5549 cura
285 5493 451 5563 juramento,
467 5494 547 5566 quale
558 5494 688 5549 [lominus
704 5493 838 5562 Eugenius
853 5510 921 5565 papa
970 5443 1155 5551 Romanorum
1168 5496 1325 5566 pontificum
1337 5496 1396 5553 beri
1409 5497 1473 5553 olim
1486 5514 1540 5553 non
1552 5499 1671 5570 potuisse
1684 5509 1760 5554 extra

133 5571 229 5631 sponte
241 5579 292 5634 pre
303 5566 505 5622 conservatione
517 5564 637 5620 omniurn
654 5562 754 5619 factum
774 5563 857 5619 babet
874 5581 922 5636 per
971 5567 1142 5637 presentiam
1155 5566 1302 5636 legatorum
1316 5567 1497 5636 imperatoris,
1513 5568 1583 5623 banc
1596 5584 1703 5640 quoquc
1714 5569 1763 5624 ob-

133 5634 284 5702 scripttua3
313 5654 322 5687 t
347 5643 378 5691 ut
399 5636 478 5692 docet
499 5636 673 5690 continuator
693 5633 768 5708 Gauii
792 5634 920 5701 Diaconi,
972 5636 1152 5692 servationem
1184 5636 1310 5692 rubemus
1323 5636 1425 5708 aliquot
1437 5640 1566 5710 exemplis
1579 5641 1759 5710 posteriorum

133 5703 222 5767 editus
240 5720 256 5758 a
272 5704 432 5775 llaupuardo
449 5704 578 5761 Frebero.
597 5703 812 5760 Existimatiduttt
831 5712 921 5762 tamen
972 5715 1133 5778 temporum.
1153 5651 1257 5760 lflttstrc
1276 5705 1354 5783 ltujtts
1366 5707 1412 5771 rei¹
1424 5709 1605 5772 testimonium
1625 5717 1715 5765 exstat
1732 5709 1763 5762 iu

132 5788 188 5831 ttou
201 5782 263 5842 est,
279 5776 467 5847 tum'primum
487 5773 624 5831 inveniunt
640 5787 701 5830 esse
720 5774 770 5830 ltoc
784 5772 921 5846 jttsittran-
972 5775 1120 5832 Annalibus
1139 5775 1301 5834 llertiuiunis
1319 5779 1352 5833 ad
1375 5794 1475 5836 annum
1494 5777 1546 5837 ult
1562 5798 1568 5833 ε
1587 5777 1759 5850 «Gregorius
