3832 6120
94 339 149 396 bib

662 326 725 381 hiis.
747 323 978 381 becennest.
997 320 1183 379 enutritos.

1678 309 1731 371 35⁰

95 450 213 508 tionibus
223 447 318 509 decus,
346 454 365 498 st
380 443 480 499 ornarit
495 451 613 511 tetrrporu
627 455 707 508 usquc
722 438 755 490 cd
768 452 890 490 corisum·
905 442 929 498 Λ
943 433 1131 503 disciplinatus
1151 431 1266 502 quisque
1288 429 1404 485 libenter
1427 425 1594 496 acquiescat.
1621 421 1652 481 Si
1670 424 1733 506 quis
1800 447 1801 450 ¹

96 542 238 598 cautionem
253 539 321 597 uitae,
344 546 373 588 ut
383 534 522 587 laudarent
535 541 655 585 sanctum
668 545 761 582 scarnen
772 526 888 588 Doctrini,

97 644 122 689 et
137 629 330 700 uuqdipicureut
346 641 422 678 mutue
433 624 482 677 her·
498 623 673 676 sanctitatem.
694 618 748 673 Sed
763 627 790 671 et
804 617 831 669 in
846 615 891 670 Li-

98 726 148 779 bro
162 718 298 777 Samuelis
320 716 379 770 hac
399 714 530 784 psallendi
555 712 642 782 gratia
662 706 792 778 spiritalis
807 708 833 761 in
845 722 892 761 eo-

98 816 160 870 dem
176 807 423 884 regesanctissimo
437 804 610 875 praedicatur,
627 800 672 854 uhi
684 800 782 870 legitur
796 817 802 851 ε
818 797 891 851 Dicit

97 903 185 960 Dauid
200 900 272 970 salias
287 897 344 952 lsai
362 913 370 950 .·
395 895 469 948 hicn
485 895 524 947 rir
545 893 587 945 cui
609 891 780 944 coustitutum
799 897 836 942 est
858 888 891 942 de

98 994 204 1048 Christo
216 991 265 1045 het
281 988 375 1052 Jacob,
390 986 507 1056 eqrcpius
521 981 618 1054 psaltes
636 979 721 1036 lsrael
743 994 751 1032 :
776 979 891 1050 Spiritus

100 1086 150 1140 liei
169 1084 271 1138 locutus
293 1090 330 1135 est
344 1093 461 1150 perine,
482 1084 507 1130 ct
525 1090 611 1129 scruto
632 1074 689 1143 ejus
707 1089 753 1143 per
773 1071 891 1142 linquam

98 1196 197 1234 mcum
233 1175 302 1231 lluic
324 1174 406 1244 igitur
428 1179 482 1224 tant
503 1177 604 1224 sancte
619 1165 774 1223 auctoritati
795 1172 891 1218 ettam

100 1267 252 1337 perspicuae
274 1262 383 1318 ueritati
405 1275 458 1314 non
482 1268 525 1313 cst
546 1255 746 1328 dubiumquod
767 1253 895 1310 lideliset

941 533 1031 579 aarum
1057 523 1244 578 contentiosus
1258 528 1286 575 et
1302 517 1428 588 pertinax
1450 514 1639 570 contradicere
1652 526 1734 571 eona

942 623 996 679 tur,
1012 613 1083 668 etde
1094 611 1248 666 turbulento
1262 611 1349 679 magis
1363 607 1432 671 riso,
1448 620 1530 676 quam
1544 605 1578 660 de
1586 600 1734 687 purissimo

942 705 1015 760 iente
1029 715 1125 775 potare
1139 702 1264 768 voluerit,
1281 701 1382 756 uiderit
1392 715 1427 754 ne
1441 697 1487 754 illo
1497 705 1611 769 aegrotet
1623 694 1735 766 langue·

943 811 973 851 re
991 796 1072 850 nimis
1088 794 1260 864 pernicioso,
1283 805 1365 860 quem
1378 788 1489 860 quidam
1502 786 1675 856 andquomm
1684 799 1733 855 pa-

944 894 1017 943 trum
1032 886 1171 956 sapienter
1193 892 1222 938 et
1234 881 1352 938 breuiter
1364 878 1514 943 cavendum
1531 876 1681 941 admonuit,
1695 873 1734 929 di·

944 990 1026 1030 cens:
1042 974 1094 1040 Qui
1104 981 1250 1043 contemptu
1261 970 1370 1025 ueritate
1379 967 1513 1039 presumit
1522 962 1735 1019 conruuudinent

944 1066 1028 1136 sequi,
1040 1073 1086 1118 out
1097 1064 1168 1117 circe
1182 1062 1277 1132 [ratres
1290 1059 1395 1113 invidus
1407 1064 1444 1111 est
1456 1051 1737 1139 stantemstantem

944 1159 1040 1214 ueritus
1054 1155 1191 1219 reueletur,
1207 1163 1252 1207 aut
1271 1153 1342 1206 circu
1360 1151 1444 1205 Drunt
1457 1150 1586 1220 inuratur,
1607 1146 1683 1218 cajus
1696 1145 1738 1200 irt-

944 1251 1088 1320 spirutionc
1103 1246 1221 1302 Ecclesia
1232 1245 1290 1315 cius
1303 1244 1453 1298 instruitur.

1466 1387 1735 1404 m

216 1510 478 1641 lhthlhh
519 1509 672 1634 llhht
713 1505 778 1632 hh
822 1497 1167 1632 htlhhlhthh
1208 1492 1608 1624 thlilhtllhh.

140 1855 161 1908 l.
182 1851 372 1907 Dilectissimis
393 1851 421 1905 in
439 1849 547 1905 Christo
570 1847 702 1904 iratribus
718 1857 745 1904 et
764 1848 900 1920 praecipue
914 1851 937 1911 B
952 1857 1064 1918 gemus,
1088 1839 1173 1894 nudto
1192 1836 1278 1908 magis
1299 1852 1361 1892 cum
1384 1835 1439 1893 lieo
1461 1834 1554 1892 laudes
1576 1835 1737 1898 offerimus:

105 1943 292 1999 *castioribus
316 1941 445 1997 Ecclesiae
476 1938 666 2011 Lugdunensis
687 1938 846 2008 hechardus
869 1940 896 1993 in

104 2035 199 2088 eodem
217 2033 326 2089 Christo
346 2031 461 2086 Domino
480 2038 509 2085 et
522 2028 663 2085 Salvatore
682 2037 775 2084 nostro
795 2028 896 2098 sempi-

105 2135 211 2179 ternam
223 2124 347 2179 salutem.

143 2216 170 2269 ln
183 2215 280 2270 diuinis
295 2214 418 2268 laudibus
440 2212 610 2268 exsolvendis
625 2221 726 2281 quanto
748 2210 837 2266 studio
857 2207 898 2264 fu·

103 2307 203 2377 gienda
217 2307 253 2360 sit
264 2305 377 2369 leuitas,
392 2304 565 2374 gravitasque
576 2303 721 2366 sectanda,
743 2301 899 2372 frequenter

104 2391 244 2446 dilectioni
266 2398 364 2444 uestra
389 2389 415 2442 in
451 2395 542 2442 mutua
567 2386 745 2442 collocutione
766 2384 899 2457 suggessi·

104 2499 185 2548 rnus;
211 2481 316 2536 scilicet
341 2488 371 2534 ut
398 2479 550 2535 rationabili
574 2478 807 2542 consideratione,
830 2475 901 2530 sicut

104 2575 256 2645 prudentes
269 2569 396 2625 Ecclesiae
408 2569 454 2624 hlii
468 2610 475 2634 ,
503 2576 530 2625 et
547 2566 702 2623 rationabili
715 2565 773 2635 ejus
786 2566 856 2621 lactc
866 2566 900 2621 ab

106 2662 278 2720 incunabulis
288 2661 410 2728 enutriti,
426 2661 498 2730 quod
513 2659 567 2715 Deo
582 2658 707 2729 displicet
723 2657 898 2728 refugientes,

105 2754 235 2811 concordi
255 2753 344 2808 studio
368 2753 394 2805 id
422 2751 494 2820 quod
515 2757 621 2822 gratum
646 2756 840 2819 acceptumque
862 2748 899 2814 ei,

107 2846 199 2902 verbis
222 2845 301 2900 sicuti
324 2851 351 2899 et
374 2842 453 2898 tactis
476 2842 658 2897 sectaremini.
691 2839 721 2895 Si
736 2841 809 2896 enim
829 2840 901 2909 apud

107 2953 205 3008 graves
228 2946 256 2990 et
278 2935 415 3005 sapientes
428 2934 522 2999 viros,
547 2948 601 2987 uon
620 2931 707 2989 solum
719 2944 836 2997 morum,
852 2930 901 2986 sed

108 3031 190 3085 etiam
218 3029 362 3084 uerborum
386 3028 486 3082 leuitas
511 3025 733 3096 reprehensibilis
749 3024 900 3094 judicatur,

947 1937 1010 2009 quia
1023 1935 1092 1990 sicut
1103 1947 1183 1987 tremo
1196 1931 1248 1986 nisi
1263 1931 1321 2002 ipso
1335 1931 1484 2002 inspirante
1496 1932 1643 1986 seeundum
1656 1934 1740 1989 munt

947 2026 1083 2098 postulat,
1108 2024 1145 2077 ita
1168 2021 1258 2075 nullius
1280 2021 1331 2075 nisl
1352 2036 1384 2075 co
1403 2020 1543 2076 erudiente
1563 2021 1647 2077 licum
1663 2023 1741 2094 digne

947 2115 1092 2173 collaudat.
1113 2111 1171 2168 Non
1185 2127 1250 2180 ergo
1263 2111 1448 2183 cujuscunque
1460 2111 1606 2184 figmentis,
1621 2114 1667 2169 sed
1680 2114 1742 2187 Spi-

948 2212 1017 2267 ritus
1039 2208 1125 2264 sancti
1142 2206 1257 2275 eloquiis
1276 2205 1405 2275 manicatas
1420 2206 1510 2261 divina
1534 2205 1666 2261 laudanda
1688 2216 1739 2264 est.
1795 2225 1804 2236 ’

949 2303 1071 2371 licitique
1088 2308 1116 2356 et
1138 2299 1184 2354 filii
1202 2298 1293 2353 Aaron
1312 2299 1401 2369 ignem
1416 2298 1534 2353 alienum
1549 2299 1663 2356 homino
1676 2300 1740 2357 offe-

949 2403 1060 2461 rentes,
1078 2409 1131 2450 non
1155 2392 1279 2463 obsequii
1297 2392 1555 2458 renrttncrationem,
1570 2393 1617 2448 sed
1629 2392 1741 2449 danrna-

949 2485 1051 2540 tionem
1076 2480 1295 2553 praesumptionis
1316 2481 1420 2552 experti
1445 2489 1516 2536 sunt.
1536 2482 1613 2538 Unde
1627 2483 1679 2540 hoe
1694 2501 1743 2540 nos

949 2573 1103 2644 exemplum
1118 2586 1289 2643 summopere
1301 2572 1434 2637 vitantes,
1450 2571 1514 2626 illud
1528 2572 1643 2629 sollicite
1654 2584 1743 2630 atten·

950 2665 1047 2720 damus
1059 2662 1132 2733 quod
1147 2661 1189 2716 rel
1203 2662 1230 2716 in
1244 2661 1399 2718 Proverbiis
1413 2662 1544 2732 scriptum
1561 2672 1603 2719 est
1621 2681 1627 2717 :
1652 2662 1746 2720 Octauii

950 2771 1035 2811 sermo
1055 2753 1105 2808 Dei
1125 2753 1223 2824 iphitus
1246 2752 1351 2824 clppcrta
1371 2761 1409 2807 cst
1419 2752 1584 2824 sperantibus
1603 2754 1631 2807 in
1646 2769 1683 2808 sc.
1703 2752 1746 2809 Nc

951 2844 1035 2901 addus
1045 2845 1189 2917 quidquam
1204 2845 1287 2900 uerbis
1301 2843 1384 2908 illius,
1408 2853 1431 2898 ct
1446 2847 1579 2916 arquatis,
1591 2845 1746 2900 invenieris-

950 2953 1000 3010 que
1021 2937 1145 2991 mendac.
1175 2935 1248 2991 Nihil
1271 2936 1361 3005 itaque
1385 2935 1433 2989 liei
1455 2936 1545 2991 uerbis
1558 2935 1703 3003 addentes,
1719 2948 1747 2991 ct

952 3030 1079 3086 timentes
1102 3029 1180 3101 arguti
1207 3028 1375 3099 invenirique
1400 3029 1561 3094 mendaces,
1595 3028 1680 3084 uerbo
1698 3027 1746 3085 het

108 3122 316 3193 quantomagis
337 3122 408 3192 apud
430 3120 514 3176 Deum
532 3119 616 3174 totius
638 3125 739 3174 sancte
759 3110 910 3188 grauitatis
952 3124 1059 3198 ignito,
1082 3125 1128 3195 qui
1143 3123 1253 3197 clypeus
1270 3122 1328 3195 spei
1353 3130 1416 3187 est,
1437 3129 1558 3194 tompore
1574 3121 1707 3178 orationis
1720 3132 1748 3178 et

109 3231 142 3269 ac
153 3213 292 3284 saplentiae
308 3221 456 3276 auctorem,
473 3211 516 3266 0¹11
526 3210 669 3265 Psalmista
690 3207 757 3264 dicit
775 3226 782 3262 τ
806 3206 840 3262 1¹¹
852 3224 901 3280 ρο·
915 3205 938 3269 C
953 3218 1042 3275 laudis
1061 3216 1261 3273 inflammemur
1273 3216 1375 3288 pariter
1395 3225 1423 3272 et
1442 3214 1605 3271 muniamur.
1627 3215 1748 3286 Cumque

108 3307 172 3380 nuto
191 3307 265 3379 arari
285 3304 445 3370 tarracon,
471 3313 499 3360 et
513 3300 903 3372 cutnmnposnnsnuona-
953 3308 1084 3364 nominans
1097 3308 1192 3364 nint:
1211 3305 1368 3379 testaque
1388 3324 1434 3379 epu
1458 3303 1562 3362 tortam
1582 3304 1641 3362 sun
1663 3306 1747 3371 totis,
1778 3346 1782 3353 .

110 3398 166 3452 hile
184 3396 341 3466 obsequium
357 3396 485 3451 adrnonet
498 3394 637 3449 exhibere.
657 3392 751 3463 Neque
762 3409 827 3449 vero
839 3408 903 3463 pas·
952 3402 1061 3472 spiritus
1080 3407 1105 3454 er
1125 3401 1178 3455 uita
1200 3410 1280 3466 cunr,
1297 3401 1388 3455 omnnia
1399 3399 1517 3456 humana
1530 3400 1670 3474 tigmentis,
1688 3416 1749 3472 qum

110 3487 173 3553 sim,
190 3496 218 3541 ct
230 3488 333 3558 absque
346 3485 466 3558 diligenti
484 3484 700 3551 examinatione,
720 3487 792 3555 quod
805 3485 904 3556 cuique
953 3488 1075 3546 uanitate
1091 3491 1132 3546 sui
1148 3500 1253 3546 mortua
1266 3491 1414 3562 jtnlicanda
1428 3502 1501 3556 sunt,
1517 3499 1687 3563 respuentes,
1710 3493 1750 3546 si-

111 3583 198 3637 risum
221 3581 302 3637 luerit
326 3583 352 3637 in
367 3581 414 3635 Dei
428 3581 553 3638 laudibus
566 3583 750 3652 usurpandum
763 3592 821 3649 est,
841 3598 903 3638 curn
953 3585 1078 3639 ventibus
1099 3581 1201 3639 Christi
1224 3584 1340 3656 eloquiis
1363 3587 1391 3641 in
1406 3585 1491 3657 ipsius
1504 3583 1643 3653 obsequiis
1657 3599 1749 3653 perso-

112 3673 183 3726 dieat
208 3671 372 3742 Apostolus:
391 3671 462 3726 Nam
484 3671 548 3742 quid
570 3689 684 3738 cremeas,
704 3674 771 3727 sicut
792 3684 903 3743 oportet,

112 3763 253 3817 nescimus.
283 3759 335 3817 Sed
348 3762 402 3832 ipsc
417 3759 531 3832 Spiritus
544 3761 657 3832 portentat
673 3778 720 3832 pro
737 3762 810 3816 uobis
822 3763 904 3832 quani-

112 3853 180 3907 tibus
194 3851 425 3906 inenarrabilibus.
439 3851 491 3917 Qui
501 3863 589 3907 autem
600 3853 834 3920 serutaturcordo,
855 3854 904 3907 scit

112 3946 175 4015 quid
187 3943 314 4000 desideret
327 3943 453 4015 Spiritus,
464 3947 527 4017 quio
539 3944 684 3999 secundum
694 3943 777 3999 Deum
791 3943 905 4015 postulat

112 4055 159 4105 pru
177 4039 285 4092 sanctis.
316 4037 394 4094 Unde
412 4045 439 4092 et
458 4038 573 4108 apostoli
586 4038 711 4091 humanae
729 4037 906 4105 ignorationis

112 4129 234 4193 conscii,
250 4128 346 4182 orandi
364 4126 507 4182 termulam
524 4142 539 4180 a
555 4126 610 4180 Deo
624 4126 744 4196 petiere,
759 4127 881 4182 dicentes
897 4146 903 4181 :

112 4218 237 4284 domiue,
250 4218 314 4273 duce
326 4235 373 4273 nos
389 4235 475 4272 orare.
504 4217 585 4274 Certe
604 4216 777 4274 marriiestum
796 4228 838 4274 est
850 4234 906 4273 ma·

112 4308 155 4376 ius
176 4323 235 4363 esse
264 4310 320 4364 lieo
347 4310 503 4379 quempiam
529 4310 608 4381 digne
630 4309 734 4368 laudes.
753 4310 904 4377 exsolvere,

114 4413 197 4468 quam
213 4413 262 4467 pro
279 4398 439 4454 infirmitate
460 4400 570 4471 propria
591 4415 728 4467 exorare,
753 4401 906 4471 prasertim

954 3689 1066 3739 neritus,
1083 3675 1212 3743 quatinus
1225 3690 1305 3730 uoces
1321 3684 1432 3742 nostra,
1448 3691 1501 3730 uon
1514 3675 1593 3745 quasi
1607 3674 1702 3729 alienae
1715 3676 1749 3729 ath

954 3781 987 3822 eo
1001 3766 1109 3836 respui,
1135 3765 1183 3820 sed
1198 3774 1227 3820 nt
1239 3767 1355 3836 proprie
1373 3782 1435 3821 cunr
1455 3765 1580 3836 supernis
1592 3764 1748 3828 uirtutibus,

954 3871 1015 3925 quae
1029 3853 1171 3924 trrajestate
1194 3854 1242 3908 liei
1260 3862 1407 3910 trementes
1427 3857 1540 3910 adorant
1558 3862 1639 3926 atque
1650 3853 1751 3911 collau-

955 3945 1031 4010 dant,
1045 3954 1202 4000 mereantur
1219 3945 1336 4001 admitti.

990 4036 1034 4092 lll.
1052 4035 1110 4090 liae
1124 4036 1156 4091 de
1172 4049 1252 4091 carrsa
1275 4043 1302 4090 et
1324 4035 1548 4107 Antiphonarium
1573 4054 1623 4109 pro
1647 4035 1751 4095 uiribus

956 4128 1055 4185 nostris
1077 4142 1229 4198 magnaei
1252 4135 1330 4198 parte
1344 4128 1522 4194 correximus,
1547 4129 1695 4201 arnpumtis
1708 4129 1752 4184 his

957 4236 1016 4290 qun
1041 4221 1083 4275 rel
1105 4217 1260 4290 superflua,
1277 4219 1318 4275 uel
1339 4219 1425 4287 leria,
1446 4220 1488 4276 vel
1502 4223 1686 4291 nrcndaeia,b
1704 4234 1752 4278 aut

956 4311 1116 4382 blasphema
1131 4311 1302 4366 ridebantur.
1321 4312 1356 4368 Et
1373 4329 1420 4368 ras
1438 4312 1595 4384 frequenter
1607 4316 1750 4374 admonui·

957 4421 1034 4470 mus,
1050 4414 1078 4460 et
1094 4412 1216 4459 nuorem
1238 4402 1431 4462 admonitionis
1454 4415 1554 4463 nostrae
1575 4415 1685 4477 proptor
1705 4408 1752 4464 ali-

114 4504 176 4543 cam
190 4490 241 4545 hoc
255 4490 397 4561 praesentis
412 4491 473 4545 vitae
497 4489 549 4545 hue
571 4491 741 4557 terminetur,
764 4491 829 4546 illud
841 4506 907 4548 rero
957 4509 1073 4565 quorum
1087 4501 1235 4563 praesentes
1246 4508 1292 4548 scu
1307 4492 1412 4549 laturas
1424 4496 1609 4566 querimonias
1624 4498 1652 4552 ia
1663 4496 1752 4555 fronte

114 4580 160 4634 hic
176 4579 326 4645 inchoetur,
353 4580 381 4634 in
402 4579 492 4637 laturo
517 4589 607 4636 autem
629 4580 801 4658 perficiatur,
827 4552 1079 4656 juxtachusdem
1094 4581 1177 4638 libelli
1198 4598 1299 4654 ponere
1323 4585 1505 4641 necessarium
1534 4585 1679 4642 duximus:
1698 4602 1751 4644 non

113 4672 186 4741 quod
199 4670 342 4727 Psalmista
358 4672 396 4726 ait
409 4689 415 4725 :
443 4670 516 4726 Beati
527 4672 571 4744 qui
582 4671 701 4726 hubitant
716 4673 743 4725 iu
756 4671 834 4726 domo
847 4681 905 4736 tun,
960 4673 1086 4747 generale
1101 4672 1201 4745 aliquid
1213 4681 1375 4740 statuentes,
1392 4675 1438 4730 scd
1447 4675 1523 4746 juxta
1536 4676 1751 4734 mediocritatem

117 4762 246 4816 dantiae!
261 4763 287 4816 in
299 4760 397 4816 sucula
408 4760 566 4816 seculorum
577 4760 721 4814 laudabunt
734 4772 768 4816 tc.
961 4782 1058 4822 sensus
1081 4764 1167 4820 nostri
1193 4763 1219 4820 in
1241 4765 1320 4821 doato
1335 4765 1393 4832 Dei,
1416 4767 1493 4837 citius
1508 4768 1587 4824 nohis
1602 4785 1666 4825 cura
1678 4785 1752 4826 com—

151 4853 181 4908 ll.
203 4852 232 4909 Si
246 4867 311 4924 ergo
323 4861 434 4909 orantes
457 4853 579 4908 doctrina
603 4852 689 4907 sancti
711 4852 828 4923 Spiritus
843 4855 909 4911 indi·
963 4857 1046 4912 missa
1067 4863 1128 4922 cst,
1145 4855 1217 4926 quod
1231 4869 1374 4926 possumus
1385 4856 1529 4915 offerentes
1541 4875 1548 4913 :
1562 4877 1612 4916 nec
1626 4859 1659 4916 de
1671 4873 1752 4916 sensu

348 4954 350 4958 ·
803 4946 939 5004 lihLUle
956 4945 1072 5002 NOTAE.

152 5047 165 5074 ⁸
181 5034 338 5090 Conteritur
360 5033 474 5089 ccclesia
500 5032 609 5104 lupdun.
634 5032 683 5087 llis
706 5035 904 5089 eontmcndatio
959 5035 1067 5091 easdem
1079 5037 1251 5106 antiphonas,
1266 5052 1333 5106 quas
1347 5037 1391 5093 hic
1402 5037 1512 5095 damnat
1523 5039 1691 5123 Agohardus,
1706 5040 1753 5098 ho·

115 5107 232 5160 accemit
243 5120 275 5160 ex
291 5121 356 5160 cura
369 5104 514 5159 leidradi:
530 5104 586 5172 iqui,
603 5110 633 5156 ut
652 5103 709 5174 ipse
729 5105 763 5158 ad
779 5104 905 5160 Carolum
960 5107 1003 5163 die
1015 5121 1122 5188 quoque
1137 5115 1246 5161 exstare
1266 5107 1292 5160 in
1305 5108 1445 5163 Breviario
1468 5107 1650 5182 Ltrgduncnsl.
1674 5109 1753 5168 Certe

116 5177 242 5247 mgnum
262 5176 366 5239 scribit,
383 5183 458 5229 tanta
471 5189 535 5228 cura
556 5175 709 5243 procuravit
728 5190 805 5229 sacra
829 5176 909 5230 mini·
961 5184 1069 5232 exstant
1082 5191 1108 5230 m
1121 5176 1257 5231 breviaria
1277 5177 1402 5234 Ecclesia
1413 5179 1582 5234 Parisiensis.
1599 5179 1674 5236 Unde
1684 5197 1753 5238 ooo·

115 5248 199 5301 steria
213 5249 240 5299 in
254 5245 426 5317 Erigdunensi
439 5244 562 5309 eeclesia,
576 5252 606 5298 ut
615 5245 697 5298 etiam
711 5245 824 5299 haberet
834 5245 910 5300 seho
963 5255 1028 5311 stat,
1043 5262 1087 5301 res
1100 5247 1182 5302 semel
1196 5254 1317 5329 receptas
1331 5248 1357 5302 in
1372 5248 1504 5312 Ecclesia,
1525 5263 1579 5304 non
1605 5248 1684 5305 laeilo
1695 5267 1753 5306 mtt-

115 5317 157 5370 las
169 5324 321 5381 cantorum,
335 5317 371 5370 ita
386 5315 566 5380 eruditorum,
581 5323 610 5368 ut
622 5314 689 5368 alios
706 5314 789 5369 etiam
803 5316 911 5370 crudire
965 5317 1028 5380 tari,
1038 5327 1185 5385 cautosque
1199 5319 1224 5372 in
1238 5320 1280 5372 hts
1291 5319 1370 5372 relius
1382 5319 1479 5372 dehere
1491 5333 1550 5374 csse
1560 5318 1754 5386 pecuniamne

115 5395 236 5455 possent.
967 5387 1147 5441 ministerium
1162 5399 1256 5442 corum
1270 5387 1448 5457 vituperetur.
1460 5386 1657 5458 eridnii'quan
1713 5393 1755 5447 ni-

154 5458 166 5495 h
181 5456 232 5508 dut
250 5454 408 5524 blasphema.
428 5454 515 5508 Fuere
527 5455 572 5523 qni
592 5455 763 5524 agobardum
784 5456 874 5511 nintim
886 5457 913 5510 in
964 5457 1025 5511 dem
1040 5465 1068 5510 ct
1080 5457 1216 5527 bernhardi
1232 5473 1295 5511 cura
1312 5457 1389 5510 irrita
1406 5454 1466 5511 init.
1489 5457 1534 5514 Sic
1549 5457 1674 5515 Urbanus
1723 5463 1753 5517 lll

118 5525 724 5608 hncargumentosempulositatisarguerent,
739 5527 912 5581 damnantem
964 5527 1079 5597 hymnos
1105 5529 1234 5583 correxit.
1262 5527 1296 5580 Et
1322 5535 1411 5582 tatttcn
1436 5542 1543 5598 semper
1568 5529 1661 5600 hymni
1684 5535 1755 5587 anti-

118 5595 288 5650 nimislacilc
302 5595 445 5649 nonnullas
467 5596 640 5665 antiphonas,
664 5597 846 5665 nonrrullaqnc
865 5613 909 5652 re·
962 5597 1008 5668 qui
1030 5609 1165 5652 cantentur
1180 5598 1205 5651 in
1220 5597 1347 5656 Ecclesia,
1374 5612 1460 5667 neque
1485 5591 1615 5655 hactenus
1630 5601 1758 5659 inuentus

117 5667 271 5746 sprrrrsoria,
289 5680 349 5735 quse
369 5665 433 5746 lieet
444 5679 478 5717 ex
497 5666 582 5720 saeris
604 5666 681 5720 libris
694 5667 834 5737 desumpta
855 5683 909 5721 nnn
961 5678 1002 5722 est
1016 5669 1159 5738 quisquam
1171 5668 1216 5737 qui
1229 5675 1306 5721 rrotas
1319 5679 1466 5739 apponeret
1477 5669 1585 5742 lqmnis
1595 5671 1628 5727 ab
1643 5670 1753 5731 Urbana

117 5745 182 5796 sirit,
200 5737 244 5808 pia
265 5745 356 5791 tamen
379 5743 468 5804 potrus
482 5745 544 5789 sunt
558 5751 637 5806 qnam
662 5736 753 5805 impia.
770 5736 803 5790 Et
827 5738 908 5794 autiio
961 5738 1101 5794 correctis.

319 5827 457 5887 Parnon.
477 5827 556 5890 Cll'.
1500 5831 1534 5891 tl
