3832 6120
142 315 211 374 list
696 309 892 367 atribuite
912 305 1190 364 scetustssmct.
1697 298 1767 352 tiss

143 432 218 487 lissi·
237 443 268 483 :a
284 429 355 482 Beate
367 427 424 480 seio
434 432 463 479 et
472 423 595 488 recordo,
608 430 637 478 et
647 424 746 479 ibidem
760 422 809 488 ini,
819 421 928 492 immeo
943 423 967 479 ll
1017 424 1047 482 tlt
1062 419 1118 489 ligo
1127 418 1302 488 desperandus
1317 431 1410 471 vassus
1421 416 1513 471 domm
1533 415 1705 484 imperatoris
1718 413 1768 468 ibi·

142 519 335 589 ‚iugirelbertus
350 517 432 571 ntisso
444 513 534 567 dorurti
547 511 636 568 Caroli
649 512 859 583 regirevestivit
868 510 929 564 Ari·
980 509 1041 562 313333
1052 508 1101 562 lui.
1709 514 1713 523 ·

139 618 244 678 pertram
264 607 421 677 episcopum
446 606 480 659 de
502 605 665 661 inonasterio
683 604 770 658 mereti
790 603 865 659 l‘etri
876 602 929 657 sito
1017 607 1047 664 ›1‹
1059 598 1115 672 ligo
1128 598 1274 655 camarino
1290 594 1370 654 vassd
1378 596 1468 653 donam
1483 593 1655 665 imperatoris
1667 592 1703 648 ibi
1717 592 1766 647 lui.

138 704 211 755 rimo
235 706 298 769 post
323 695 531 752 corrdrmationc
557 693 649 748 domin
677 690 760 747 beorn
786 707 864 762 pape.
891 692 929 749 lta
1016 696 1047 754 ›1‹
1063 690 1120 761 Epo
1134 687 1331 759 Rinpoibiiui.

102 824 105 830 ·
139 801 261 858 travaporc
272 793 427 857 preceptum
442 783 591 838 hemissum
606 782 725 853 eiusdem
735 782 827 836 dmnni
839 780 928 836 Caroli
1017 788 1047 846 ›1‹
1063 782 1119 851 Epo
1133 781 1281 836 Periremlo
1295 780 1332 836 ibi
1346 779 1393 834 ini.

137 880 206 948 regi,
227 878 329 946 etipse
350 875 491 943 Aripcrtus
503 873 647 943 episcopus
663 874 803 928 bonbnavi
821 873 848 927 in
871 873 928 943 ipso
1015 874 1046 935 tlt
1061 868 1280 943 quGundibidi
1297 870 1335 925 ibi
1354 869 1403 923 lui.

137 969 303 1025 rvrorrastcrio
323 968 434 1021 abbates
455 965 563 1020 nominc
586 963 747 1034 Augustino,
767 964 927 1028 Arnicanso,
1015 967 1046 1029 sle
1062 963 1118 1035 Ego
1128 962 1290 1033 Alipranzlus
1304 960 1400 1017 tbttnt.

136 1054 277 1124 lotrensis,
292 1059 435 1114 beardoari.
451 1076 461 1108 r
476 1055 685 1127 Arciprcsbiteri
697 1055 822 1110 similiter
840 1056 929 1111 dixse-
1017 1063 1046 1120 313
1059 1056 1115 1128 Ego
1128 1054 1198 1110 llrso
1210 1055 1319 1110 scavino
1335 1061 1362 1108 ct
1376 1067 1456 1109 vasso
1473 1053 1566 1108 doruni
1590 1051 1768 1122 imperatoris

136 1160 200 1205 rrvnt
214 1151 352 1218 vanipert,
364 1148 463 1202 Lucius
474 1161 554 1226 senes
571 1146 662 1208 133333,
679 1145 834 1208 Romaldns,
849 1145 929 1199 Lavit·
979 1147 1016 1202 ibi
1026 1144 1074 1200 tut.

135 1248 229 1310 pertus
253 1253 347 1294 ornares
369 1235 533 1292 trnmimiter
557 1250 611 1289 rrua
634 1232 792 1302 angulatim
804 1235 929 1290 similiter
1014 1240 1045 1302 ›1‹
1062 1238 1140 1308 Ego.
1158 1277 1164 1290 .
1184 1278 1209 1290 ..
1228 1275 1234 1291 .
1250 1277 1256 1290 .
1274 1235 1385 1290 scavino
1395 1272 1524 1289 ......

137 1329 273 1386 testilieati
290 1335 371 1392 strat,
390 1334 419 1382 et
433 1326 590 1390 disserunt,
603 1324 676 1380 sicut
693 1333 721 1380 et
740 1321 930 1395 Gumprandns
1014 1332 1044 1391 vlt
1063 1327 1117 1398 Ego
1131 1326 1201 1381 Tuto
1212 1326 1323 1382 seuvino
1334 1324 1371 1380 ibi
1386 1321 1435 1378 ini.
1558 1400 1561 1407 Ι

137 1423 324 1479 arcidiacorms
341 1420 465 1488 superins
478 1417 570 1474 dixsit
587 1417 768 1474 Testimonias
785 1418 929 1489 imprisitas
1015 1420 1045 1482 ⁸1⁴
1058 1417 1115 1489 Ego
1126 1455 1250 1471 ......
1266 1428 1365 1470 vassus
1380 1413 1473 1470 domm
1499 1411 1657 1482 imperatori
1687 1409 1771 1464 iuter-

135 1522 163 1569 et
175 1513 323 1584 judicatas,
340 1510 428 1580 adque
446 1519 621 1579 preceptoras
641 1509 768 1574 relectas,
785 1516 811 1564 cl
837 1510 929 1565 omnia
977 1508 1027 1564 tui.

135 1609 171 1663 ab
191 1607 305 1670 ordine,
318 1605 437 1676 qualiter
461 1602 587 1672 arpertus
611 1601 818 1669 declamitant,
838 1610 867 1657 et
879 1617 929 1673 per
1015 1607 1044 1666 tx<
1059 1601 1114 1672 Ego
1127 1599 1269 1659 iiodniubo
1282 1597 1381 1655 ibi-ibi.

136 1716 228 1757 veram
250 1700 336 1770 legem
361 1696 498 1767 inquisita,
519 1703 546 1751 et
568 1700 776 1766 cognoscentem
796 1695 859 1749 drrrn
880 1709 929 1764 per
1295 1688 1457 1746 clxxxiv.

137 1805 226 1847 veram
245 1790 330 1858 legera
344 1787 540 1844 invenissemus
555 1786 601 1849 ita,
617 1796 646 1841 et
664 1783 742 1853 initu
754 1785 876 1855 jussione
898 1793 926 1839 ct
941 1776 968 1835 ii
1090 1797 1140 1837 ruo
1158 1792 1327 1835 uersasrsmo
1340 1789 1486 1834 vsuoxsnsv
1501 1792 1523 1832 s.
1536 1788 1656 1832 ausones.

134 1879 281 1934 indiculum
305 1877 421 1947 piissinri
445 1874 537 1930 demm
558 1875 750 1944 imperatoris,
773 1873 845 1943 qnod
870 1874 927 1943 ipsse
1279 1868 1366 1942 (1333
1379 1867 1454 1941 stt.)

134 1968 301 2024 monasterio
312 1967 399 2023 suncti
414 1963 487 2021 Petri
502 1965 538 2019 ad
549 1965 706 2030 Asso,eum
722 1965 804 2020 rcbm
816 1965 849 2018 ad
863 1978 928 2020 eum
1111 1962 1211 2017 deutra
1220 1969 1387 2031 occupatores
1396 1960 1497 2030 jerism
1514 1957 1643 2030 ejudem.

132 2058 335 2127 pertinentibus
351 2058 502 2126 pertineret
525 2072 539 2111 u
561 2066 638 2124 parte
657 2055 771 2111 Aeetine
794 2056 924 2122 Bedesis,
1111 2048 1269 2125 1113333331,
1282 2051 1347 2106 titt.
1364 2089 1372 2117 ,
1388 2059 1443 2105 tom
1457 2051 1479 2116 l,
1495 2064 1556 2120 pag.
1568 2046 1645 2120 111131

133 2148 208 2218 insta
222 2149 310 2218 ipsum
324 2147 471 2203 blalicnlum
485 2154 512 2201 et
526 2146 613 2217 jussio
629 2146 721 2201 durani
741 2146 923 2216 imperatoris,
1010 2143 1040 2200 ia
1050 2143 1160 2200 nomine
1174 2143 1283 2198 Domini
1295 2141 1382 2197 nostri
1394 2140 1459 2196 lesu
1475 2140 1578 2196 Christi
1591 2139 1641 2193 bei
1664 2138 1771 2203 retenti,

134 2238 247 2297 iccimns
259 2254 310 2295 nos
324 2238 376 2307 ipsi
390 2239 466 2293 missi
483 2239 517 2293 ad
526 2275 621 2292 ......
638 2238 768 2294 revestire
781 2237 832 2308 ipsi
845 2239 927 2293 advo·
975 2239 1123 2296 betharim
1135 2236 1274 2307 Angustus
1289 2231 1461 2288 invictissimi
1485 2229 1577 2286 (bruni
1600 2228 1772 2299 imperatoris

134 2329 189 2391 cati
201 2328 363 2394 Petronem,
383 2327 570 2394 willeradum,
593 2336 621 2384 ct
641 2328 794 2399 ligimundo
811 2329 845 2384 dc
869 2329 927 2397 ipso
976 2327 1104 2384 badurici
1119 2326 1200 2380 iilius.

133 2419 299 2477 morrasterio
308 2419 393 2473 sancti
409 2419 483 2473 l'ctri
497 2433 559 2474 cun
571 2418 732 2487 pertinentia
743 2433 792 2473 suu
805 2418 839 2473 ad
849 2425 927 2487 parte
1012 2416 1149 2487 Quidquid
1165 2414 1239 2470 eninr
1253 2415 1279 2468 in
1294 2420 1387 2468 nestra
1401 2411 1443 2466 vcl
1458 2424 1600 2480 procerum
1615 2417 1772 2463 nostrornm

134 2510 245 2567 Arenae
264 2510 396 2566 Ecclesie.
416 2510 533 2566 Proinde
554 2511 625 2566 itanc
644 2509 842 2566 autmutari
862 2508 928 2565 ieci-
975 2508 1122 2581 praesentia
1137 2511 1213 2561 recto
1227 2501 1499 2558 tramitosecnndnm
1521 2498 1607 2569 legem
1626 2496 1769 2551 didicimus

134 2617 196 2658 mus
205 2638 345 2657 ........
975 2598 1068 2663 luerit,
1086 2603 1193 2669 oportet
1207 2595 1308 2669 uostris
1325 2592 1489 2648 cortdrmare
1506 2589 1635 2655 oraculis,
1656 2599 1687 2642 ut
1709 2589 1773 2659 jure

171 2728 317 2748 .........
331 2691 656 2747 donaueramuostrorum
666 2688 928 2747 iliodoricietiliot·
977 2689 1133 2746 ilrrnissimo
1147 2693 1256 2742 mancat
1279 2683 1478 2739 inconvulsam.
1506 2681 1591 2752 igitur
1619 2691 1712 2735 notum
1737 2681 1774 2735 sit

133 2784 197 2838 arrii
211 2784 403 2852 imperatorum
419 2782 549 2854 nigasium
561 2792 589 2838 ct
602 2783 817 2853 quartodecimo,
833 2799 928 2840 meuse
977 2781 1099 2836 omnium
1111 2777 1230 2834 bdelium
1250 2785 1417 2841 nostrornm,
1431 2774 1605 2845 presentium
1620 2772 1723 2829 scilicet
1741 2786 1774 2828 ae

132 2871 272 2940 octobris,
285 2872 431 2929 indictione
449 2873 617 2931 duodecima.
970 2871 1131 2928 tatarorum
1148 2868 1301 2940 sagacitati,
1312 2867 1375 2937 qnia
1390 2881 1452 2921 cum
1465 2865 1540 2921 missi
1552 2865 1639 2920 nostri
1664 2866 1691 2918 in
1715 2863 1774 2917 l‘is-

172 2982 927 3055 t1⁴F=80Attiltttttdttsepiscopuscarivassromqomnq
977 2961 1052 3020 curia
1071 2960 1105 3016 ad
1134 2960 1325 3016 uraiversoruvn
1351 2971 1449 3012 cerasus
1471 2955 1620 3011 audiendas
1637 2969 1676 3054 ¹ac
1699 2963 1773 3008 recta

974 3050 1078 3121 judicia
1092 3047 1264 3105 terrainanda
1281 3046 1457 3110 resedissent,
1472 3045 1564 3113 ibique
1581 3057 1695 3099 ventem
1718 3041 1775 3096 Leo

940 3118 963 3182 C
978 3140 1072 3206 esbus,
1087 3144 1116 3195 ot
1129 3138 1279 3193 advocatus
1293 3134 1387 3191 Sancti
1403 3133 1521 3190 lenonis
1542 3131 1708 3188 caribaldus
1726 3146 1774 3185 no-

170 3212 200 3270 313
215 3206 271 3277 Ego
282 3207 377 3263 Petrus
394 3207 535 3278 episcopus
554 3224 587 3262 es
598 3207 722 3279 jussione
747 3208 840 3264 domiti
870 3210 922 3265 im·
978 3233 1061 3298 mim,
1076 3230 1148 3286 undo
1164 3229 1236 3285 idem
1255 3227 1310 3283 qm
1328 3241 1376 3296 W
1389 3225 1562 3281 ordinatione
1575 3223 1682 3279 qemun
1695 3237 1775 3276 vene.

132 3298 268 3367 peratoris
286 3296 357 3353 banc
369 3296 507 3367 inquisitio
524 3296 576 3353 leci
594 3308 621 3354 ct
635 3298 795 3369 subscripsi.
978 3323 1073 3379 „hup
1085 3320 1204 3390 episcopi
1215 3333 1277 3375 ω
1291 3317 1445 3380 videbatur,
1465 3314 1708 3385 {neminemque
1720 3314 1775 3369 lla·

171 3395 201 3453 ᾖ
216 3388 272 3461 ΕΕΟ
289 3388 451 3445 Ᾱ1135ῑ33Ῑο5
462 3390 605 3463 θΡῖὸθθΡῦὓ
620 3390 657 3447 ibi
678 3388 729 3446 sui·
977 3413 1110 3485 gilcvuum
1123 3418 1151 3465 ct
1164 3409 1369 3480 liaqimpertnm
1381 3405 1530 3461 advocatos
1542 3405 1773 3468 Gorsdicomitis‚

171 3478 605 3551 ›1⁴E80Adtlffl100ffiesifflfssl·
977 3505 1111 3570 dicentes,
1135 3500 1208 3573 quod
1223 3513 1317 3571 tpars
1340 3497 1445 3569 praeisti
1468 3497 1569 3553 Gorudi
1590 3497 1687 3553 sileam
1712 3511 1774 3565 qnae

133 3095 306 3164 imperatoris
319 3096 389 3177 lianc
405 3095 543 3167 inquisitio
557 3093 608 3152 ieci
620 3104 649 3152 et
662 3097 783 3153 interlui.

169 3631 245 3687 ·tttc
261 3633 361 3687 dicitnr
373 3648 434 3701 porc
446 3631 546 3686 Gorodi
568 3635 670 3688 emeritis
682 3633 778 3689 silvam
788 3630 861 3689 illam
876 3649 921 3689 oc·
975 3650 1028 3705 pro
1046 3643 1121 3688 terea
1134 3633 1239 3698 videas,
1255 3639 1318 3701 post
1328 3629 1471 3685 ilataldum
1484 3624 1625 3700 prefuisse
1635 3627 1773 3685 Veronen-

132 3717 249 3772 cupassc
271 3702 374 3766 illicite,
394 3708 422 3755 et
436 3709 531 3756 contra
545 3702 644 3772 legem
667 3704 753 3758 Erant
778 3705 925 3760 comitibus
978 3704 1002 3760 si
1026 3648 1153 3758 beatem
1176 3700 1197 3755 ll
1218 3702 1302 3765 inum,
1319 3701 1364 3769 qni
1388 3700 1534 3755 Anastasio
1561 3697 1771 3757 bibliothecario

133 3772 241 3834 allodia,
258 3770 397 3824 sederant
420 3778 449 3823 et
464 3786 511 3824 sna
530 3768 602 3839 iura,
620 3788 653 3827 ac
680 3774 742 3829 steti
765 3774 869 3828 reditus
890 3788 926 3828 cx
979 3780 1048 3830 teste
1069 3787 1142 3827 anno
1158 3718 1222 3837 ulf,
1234 3771 1327 3826 iloane
1347 3768 1595 3835 interfuissemus
1612 3784 1702 3851 regem
1721 3769 1773 3827 ita·

133 3840 221 3896 officio
232 3839 377 3893 mmitatns
397 3839 581 3910 cnjvvscunqne
599 3843 685 3908 urbis,
697 3842 823 3897 diversis
838 3842 925 3898 tribu-
979 3842 1022 3897 lite
1035 3843 1161 3897 inunctus
1173 3850 1216 3897 est
1237 3841 1308 3896 idern
1320 3839 1473 3896 Lrnlovicns
1486 3837 1518 3906 tt,
1532 3839 1652 3895 Lotbarir
1665 3838 1676 3894 i
1688 3838 1771 3909 filins,

134 3912 169 3965 tis
182 3927 213 3965 ac
226 3908 358 3964 reditibus
372 3910 445 3979 reqio
458 3908 645 3967 tero-deuius.
659 3913 792 3967 lumniam
806 3920 849 3967 cst
861 3928 926 3967 vtum
976 3921 1072 3984 postea
1086 3911 1243 3981 imperator.
1257 3910 1324 3966 i‘ost
1338 3910 1454 3980 sginum
1469 3924 1533 3965 rero
1551 3911 1710 3965 statuendus
1731 3921 1773 3968 est

133 3982 157 4035 is
172 3981 244 4034 inter
258 3978 356 4034 allodia
369 3995 417 4034 suu
439 3988 651 4046 numeraretur
666 3984 757 4052 potins
770 3983 803 4037 ad
820 3981 866 4051 jus
884 3982 926 4037 sni
978 3981 1056 4037 Arado
1075 3982 1228 4052 episcopus.
1247 3981 1355 4036 Etcum
1377 3981 1403 4036 in
1419 3979 1565 4051 diplomate
1579 3994 1629 4050 per
1646 3983 1773 4037 eltrudem

131 4049 253 4104 animeris
277 4065 290 4103 s
309 4057 401 4104 ectare
416 4050 510 4105 silvam
529 4051 602 4107 iliam
613 4051 739 4109 Goradns
753 4068 845 4109 coines
862 4067 927 4109 cou-
979 4052 1132 4124 iiqlvellinm
1149 4051 1287 4124 evulgato,
1303 4052 1349 4107 ubi
1369 4051 1447 4105 dado
1464 4051 1598 4122 quosdam
1616 4048 1771 4107 Veronensis

135 4120 268 4174 tenderet.
282 4063 376 4173 ierodit
390 4129 479 4174 antem
500 4123 596 4176 charta
615 4124 676 4187 ista,
700 4119 804 4194 insigne
819 4136 926 4177 relevans·
978 4125 1113 4194 episcopus
1123 4122 1289 4188 nominatur,
1301 4137 1395 4178 revera
1405 4121 1509 4193 legatur
1522 4121 1669 4177 tutemus
1679 4123 1772 4179 merudi

134 4189 232 4244 terium
256 4189 344 4244 sancti
374 4189 491 4245 thotris
521 4191 547 4245 in
573 4190 771 4257 comanendum,
801 4201 831 4247 ut
855 4206 926 4247 nunc
978 4192 1121 4264 imperator
1138 4192 1283 4263 linquatur,
1307 4191 1424 4261 diploma
1440 4191 1503 4247 illud
1514 4190 1708 4263 suppositionis
1723 4209 1769 4246 ur-
1826 4239 1830 4246 .

133 4258 317 4325 alsatiense
326 4274 485 4317 eoncessum
498 4261 925 4332 llatelrtoepiscopol'eroneasi,
978 4276 1061 4333 querc
1089 4262 1234 4331 urricnique
1261 4263 1302 4317 ias
1326 4269 1369 4318 est
1389 4280 1396 4316 :
1417 4264 1463 4318 sed
1488 4261 1613 4317 fortassis
1638 4260 1718 4315 aliter
1741 4278 1771 4317 se

132 4344 183 4399 pro
195 4334 270 4384 more
282 4329 389 4385 illorum
413 4338 574 4400 temporum,
589 4331 745 4388 aLotbario
762 4333 774 4386 1
787 4334 827 4388 Au
857 4342 925 4397 rsto;
939 4321 966 4381 l)
978 4334 1073 4388 charta
1091 4332 1201 4397 babeat,
1214 4340 1241 4386 et
1251 4347 1410 4402 germanum
1424 4333 1460 4387 sit
1474 4331 1539 4386 illud
1555 4341 1768 4397 rrronnmentrnn.

133 4408 161 4453 et
172 4409 234 4454 cnm
249 4400 316 4454 satis
327 4408 421 4483 aperte
435 4399 498 4455 binc
511 4402 606 4457 deduci
617 4403 712 4473 possit,
725 4403 812 4473 ipsum
830 4349 926 4456 {ialal-
977 4403 1049 4472 quod
1062 4402 1185 4458 emiserit
1200 4402 1353 4457 Ludovicns
1372 4402 1395 4459 tl
1414 4402 1551 4471 dugnstus
1564 4411 1627 4471 post
1649 4401 1772 4471 tirtdopis

133 4469 197 4522 devm
214 4478 277 4524 tunc
292 4470 319 4523 in
331 4471 400 4525 vivis
409 4469 502 4536 inisse,
510 4472 625 4540 proinde
637 4473 806 4528 emendanda
816 4472 926 4527 vitietur
978 4481 1103 4526 mortem.
1121 4470 1160 4526 rid
1182 4487 1238 4526 rem
1258 4480 1379 4527 tenuram
1393 4471 1588 4541 regrediamur.
1602 4470 1681 4547 Sylva
1698 4472 1770 4527 Osti-

132 4539 306 4608 elnunologia
321 4541 509 4610 cpiscoporum
526 4542 719 4598 Veronensinm
733 4542 804 4613 apud
827 4540 849 4598 tt
869 4543 925 4596 bel-
975 4541 1012 4595 iia
1023 4541 1206 4609 arrtplissimns
1216 4556 1280 4629 ager
1294 4541 1354 4605 init,
1371 4555 1457 4609 vaeque
1468 4541 1573 4612 integra
1584 4541 1618 4595 ad
1635 4539 1770 4596 monastc'·

134 4606 198 4660 lium
215 4617 288 4688 teum
300 4609 321 4664 ll
334 4609 417 4665 ltaliae
432 4608 533 4665 Saone.
547 4612 592 4668 ille
603 4613 675 4669 cuim
687 4620 808 4669 statuere
818 4558 925 4668 rigetur
977 4612 1047 4666 unm
1061 4612 1216 4667 Veronense
1226 4612 1320 4667 sancti
1329 4611 1449 4667 zenonis
1463 4611 1625 4680 pertinebat,
1640 4626 1702 4666 curn
1716 4611 1769 4666 b'o·

134 4677 240 4731 llataldv
255 4686 471 4749 nmrtem,qnem
485 4676 628 4736 lietoldum
641 4683 665 4737 is
677 4682 802 4752 appellat,
815 4682 925 4737 circiter
975 4681 1155 4737 nantulanum
1187 4682 1339 4737 liulirtonse
1367 4684 1562 4737 mouumerinm
1590 4681 1626 4735 ibi
1661 4696 1769 4751 qnoque

133 4762 233 4800 arritum
245 4747 307 4811 820,
323 4749 365 4803 cni
378 4750 542 4807 successisse
554 4752 741 4807 aitriudonem
755 4752 921 4822 episcopum.
975 4767 1053 4806 suam
1068 4752 1220 4822 portionem
1236 4752 1397 4822 possideret.
1419 4750 1514 4806 Testes
1532 4752 1622 4807 iubeo
1647 4751 1715 4807 alias
1730 4763 1769 4808 ta·

133 4814 202 4870 Tum
228 4817 311 4873 relect
338 4828 488 4888 postremas
520 4823 624 4878 minias
656 4821 776 4890 ejusdem
804 4821 924 4877 turbaris
975 4820 1062 4885 bulas,
1077 4820 1767 4892 quaseFerrariensibosperqamuiisbausitsin-

133 4902 204 4943 atarto
219 4888 286 4951 tem
304 4891 425 4960 scriptus,
446 4890 590 4960 imperante
611 4892 741 4948 badurico
759 4890 826 4956 eta·
842 4899 924 4960 atquc
974 4892 1078 4962 pariaris
1095 4891 1200 4947 amau
1211 4906 1299 4957 mens,
1322 4891 1386 4947 aiibi
1407 4891 1544 4959 baidulus,
1569 4888 1668 4960 Josepb
1684 4891 1770 4947 sute-

133 4957 167 5010 utl
181 4973 281 5012 nnvunn
296 4958 348 5013 810
370 4960 484 5015 alterum
505 4961 648 5018 ilrrtaldnm
664 4963 690 5017 in
707 4961 858 5044 catalogum
873 4962 924 5017 Ve-
974 4961 1217 5017 rrorScalubrinins
1228 4961 1329 5018 iioctor
1339 4960 1461 5018 eccesia
1469 4960 1770 5019 teruuemtssmem

134 5027 290 5082 mneosinm
312 5030 464 5084 antistitum
487 5031 578 5087 inient.
591 5032 691 5089 Verrem
717 5046 751 5086 ex
776 5032 923 5102 diplomate
975 5030 1066 5087 blaviae
1079 5033 1112 5089 de
1125 5033 1223 5089 Bucca.
1235 5032 1276 5087 Ex
1286 5032 1321 5088 iis
1332 5033 1516 5103 intelligimus,
1522 5032 1558 5088 ob
1567 5033 1648 5089 istam
1657 5049 1764 5103 qnoque

134 5112 205 5152 rrurrc
216 5099 347 5165 proelucto
365 5110 491 5155 constare
503 5112 592 5170 potest
604 5101 754 5157 lladaldnm
767 5103 923 5172 episcopam
972 5105 1127 5171 portionem
1140 5102 1175 5159 ab
1194 5102 1221 5156 li
1223 5101 1333 5176 arpaldo
1346 5105 1438 5158 cernite
1458 5099 1597 5158 Veronensi
1614 5102 1766 5158 molestiam

134 5167 222 5221 adium
239 5168 362 5250 llornisse
385 5184 457 5226 antro
469 5172 532 5227 855.
546 5172 639 5243 licque
657 5173 728 5228 ruilus
739 5171 869 5228 Rataldns
879 5188 925 5228 se
975 5172 1075 5227 iliatam
1092 5172 1176 5230 inisse
1191 5174 1331 5229 monacbis
1344 5172 1539 5228 Nonantnlanis
1552 5187 1623 5228 anno
1636 5172 1698 5227 820.
1718 5170 1768 5228 Ve-

132 5237 239 5292 cnndus
254 5239 449 5308 excapitandus
466 5250 608 5306 eratcnm
620 5251 766 5300 mimante
781 5243 924 5299 dudonem
974 5258 1034 5298 rmn
1045 5243 1176 5299 iiateldos
1185 5244 1257 5298 idem
1269 5243 1592 5313 Veronensisepiscopus,
1604 5244 1768 5298 auaodtstc

136 5302 318 5390 Veronensem
333 5307 481 5364 Ecclesiam
500 5316 609 5378 rexerit,
627 5315 664 5369 uti
686 5312 833 5369 Panvinius
844 5328 922 5383 egre·
974 5330 988 5367 a
1001 5313 1140 5368 budovico
1148 5314 1196 5369 Pio
1209 5312 1332 5384 depasto
1340 5323 1461 5395 accepta,
1473 5312 1514 5367 uti
1524 5313 1644 5384 eiusdem
1654 5314 1766 5377 nessus.

133 5390 178 5444 gre
190 5376 427 5433 avrrtnadverterat.
444 5377 556 5434 Fallitur
567 5391 657 5437 aldem
671 5382 820 5453 ilglrcllins‚
842 5390 924 5436 testa·
974 5382 1101 5437 eormtem
1123 5384 1156 5437 ad
1171 5383 1299 5452 placitum
1316 5384 1436 5448 addnstt,
1451 5399 1566 5452 euntque
1578 5383 1658 5440 silere
1673 5376 1764 5454 Iussit.

135 5445 391 5528 mentumnudonts
405 5449 526 5505 rei'ercns
545 5453 578 5504 ml
592 5462 714 5522 tempora
729 5452 856 5507 barduvici
870 5451 922 5517 i’li,
975 5452 1118 5524 Eprvqinnr
1132 5460 1173 5507 est
1190 5460 1402 5515 ntonumcntum,
1416 5470 1477 5508 cum
1512 5454 1620 5509 tresenti
1631 5455 1765 5509 adnexum
1800 5460 1805 5467 '

134 5530 198 5571 cunr
215 5527 346 5588 seriptum
357 5518 393 5573 ln.
402 5520 437 5574 rit
449 5521 591 5590 irnpermete
604 5523 716 5577 boveiam
731 5533 819 5577 nostro
833 5521 923 5575 Ludo·
975 5522 1089 5577 irtrmste
1098 5522 1196 5577 seriem
1211 5522 1313 5591 aliquot
1326 5523 1455 5578 munitum
1497 5526 1670 5579 emireruium
1688 5525 1767 5580 nobis

134 5585 191 5639 eico
217 5603 311 5661 mcqno
327 5589 492 5659 imperatore,
505 5607 574 5645 oraro
591 5592 617 5645 li
632 5592 679 5647 rub
693 5594 736 5647 elie
752 5591 783 5646 15
800 5588 921 5661 niequeti,
977 5592 1113 5657 cuilibeat,
1128 5609 1160 5647 ac
1183 5601 1314 5661 preterea
1325 5592 1460 5649 trabeam
1476 5594 1645 5653 biertanam
1657 5595 1766 5664 equae

134 5654 276 5711 indictione
293 5660 322 5723 ii,
338 5668 419 5728 atque
441 5658 508 5714 :idco
522 5658 586 5716 illul
609 5670 714 5732 spectet
737 5660 770 5715 ad
800 5668 922 5787 wora
976 5678 1051 5734 perir,
1066 5663 1100 5716 ab
1112 5662 1233 5732 llgbellio
1245 5663 1271 5717 in
1283 5661 1357 5717 ltalia
1373 5663 1455 5718 Sacra
1469 5666 1692 5734 prsetennissutn.
1704 5665 1765 5720 vitae

134 5722 264 5785 Ludorici
286 5728 309 5786 tt
329 5730 632 5801 imperastis-scillcet
648 5730 797 5789 31333333
872 5740 924 5797 ‚tt
976 5732 1093 5789 nontinis
1107 5732 1241 5789 restituat.
1258 5731 1464 5806 (t'atettptmm
1483 5733 1541 5802 ttl,
1555 5732 1657 5806 eamn.)
