3832 6120
150 290 201 350 Η
644 294 744 349 ttostt
766 295 809 349 ott
829 295 1030 352 lllAGllb'le'S
1052 295 1271 358 saxorosso,
1729 301 1786 360 218

150 411 219 471 colea
233 407 321 485 tom.
334 425 360 473 v,
374 407 400 470 8,
414 406 450 480 9).
468 407 569 475 Quibus
581 409 669 463 verbis
684 416 775 479 aperte
789 407 942 462 declaratur
955 416 980 473 Α
992 409 1100 477 legitur,
1117 410 1177 466 ideo
1194 414 1265 481 qnod
1285 414 1416 484 imagines
1429 418 1610 485 apostolomm
1624 421 1656 476 de
1669 436 1717 476 sua
1729 425 1783 480 ba·

150 506 222 577 qnod
244 503 296 558 illae
318 501 509 558 similitudines
533 501 590 556 iteri
613 502 791 571 probibentur
807 500 841 554 ab
856 501 942 555 borni-
994 500 1068 553 silica
1088 513 1209 556 eraserat
1232 503 1266 558 ob
1289 507 1510 574 superstitionem
1529 510 1601 580 rolgi
1619 526 1666 566 cas
1685 524 1790 570 coum·

151 597 240 656 nibus,
256 607 318 662 quae
336 591 364 645 in
377 591 577 646 uenerationem
596 593 708 647 deornm
730 592 879 647 alienorum
901 590 941 644 la·
992 591 1111 660 regulam
1134 592 1195 646 lidei
1220 595 1369 658 adorantis,
1392 612 1424 651 ae
1442 614 1495 652 non
1518 601 1607 668 potius
1627 605 1783 663 rationabili

151 702 213 743 cere
228 685 316 740 solent
332 684 424 755 impii,
444 698 557 753 quaque
571 683 605 737 ad
618 683 758 738 colendum
777 691 857 751 atque
874 683 939 737 ado·
992 681 1154 735 anctoritate
1175 681 1307 751 ejusmodi
1324 700 1445 741 errorem
1469 690 1599 754 correxit,
1619 692 1723 760 pictura
1749 694 1782 750 ll·

150 777 266 832 randum
280 775 419 846 gentilitas
433 774 585 829 errabunda
598 774 708 844 reperit.
728 774 862 828 Caeterum
876 775 942 828 sim·
991 772 1054 826 laesa
1076 773 1109 827 ad
1123 780 1293 843 posterorum
1312 778 1471 831 memoriam
1484 791 1669 848 permanente.

150 867 257 938 pliciter
270 867 328 920 baec
342 863 400 918 beri
418 864 501 928 nulla,
517 872 547 917 nt
564 879 635 928 reor,
651 864 717 934 legis
733 864 828 919 divinae
849 864 940 919 littera
1026 863 1118 917 lllllll.
1140 865 1239 920 Beatus
1259 882 1323 921 vero
1347 867 1512 939 Augustinus
1530 873 1557 926 in
1574 872 1643 929 libro
1660 878 1694 931 de
1707 877 1783 935 Citl-

149 966 234 1013 vetat.
250 957 376 1026 Alioquin
392 964 419 1010 et
431 955 561 1011 Dominus
574 958 740 1012 tentantibus
753 973 782 1012 se
797 957 941 1014 Pharisaeis
992 962 1047 1007 tate
1059 955 1106 1009 llei
1121 971 1138 1008 x
1156 953 1232 1027 (Cap.
1253 956 1280 1027 8)
1302 958 1371 1012 dixit
1385 959 1456 1012 inter
1479 970 1595 1017 cetera:
1624 982 1633 1014 r
1655 965 1783 1037 Legimus

148 1049 183 1103 de
198 1047 300 1103 tributo
313 1047 413 1101 Caesari
435 1045 580 1109 reddendo,
600 1047 628 1100 in
643 1062 696 1116 qno
709 1062 807 1101 nomeu
827 1055 855 1100 et
874 1047 941 1101 irua-
990 1048 1125 1114 serpentis
1135 1062 1243 1101 morsus
1257 1047 1424 1113 mortiferos,
1437 1051 1470 1103 ad
1482 1067 1590 1121 poenam
1601 1053 1781 1122 justissimam

149 1143 241 1212 ginem
265 1138 379 1209 Caesaris
402 1153 558 1208 expressam
585 1153 645 1193 esse
669 1138 813 1202 dicebant,
840 1154 941 1207 nequa·
986 1145 1174 1204 peecatorum,
1190 1139 1218 1191 in
1230 1138 1303 1208 ligno
1316 1140 1434 1194 exaltato
1449 1150 1530 1211 atque
1542 1155 1686 1214 prospecto
1704 1163 1784 1204 aneo

148 1247 232 1300 quarn
256 1230 294 1284 ita
310 1229 484 1299 responderet
506 1245 512 1280 ε
539 1227 649 1282 Reddite
671 1246 729 1299 qne
748 1239 808 1282 sunt
827 1227 940 1283 Cereris
990 1236 1114 1296 serpente
1129 1237 1252 1294 sanatos,
1272 1241 1303 1284 ut
1314 1238 1343 1285 et
1354 1231 1453 1301 populo
1466 1234 1655 1293 subveniretur
1668 1238 1781 1304 afflicto,

149 1320 261 1387 Caesari,
287 1330 312 1375 et
337 1335 395 1393 qoae
418 1328 479 1374 sunt
499 1318 548 1373 Dei
571 1318 636 1373 Deo.
660 1318 713 1374 Sed
735 1319 824 1389 potius
846 1334 940 1375 eorum
990 1325 1017 1372 et
1036 1333 1109 1372 mors
1122 1327 1209 1373 morte
1226 1321 1375 1385 destmcta,
1399 1322 1471 1376 velut
1484 1324 1620 1380 crucilixae
1635 1328 1730 1382 mortis
1743 1329 1782 1383 si-

149 1413 300 1484 corrigeret
328 1423 468 1474 errorem,
493 1409 587 1464 dicens
608 1425 615 1463 t
641 1408 700 1463 Non
724 1408 787 1463 licet
808 1408 884 1463 robis
911 1408 938 1462 iu
989 1407 1139 1463 militudiae
1157 1408 1329 1477 signaretur:
1349 1424 1429 1479 quem
1449 1426 1516 1466 sane
1537 1426 1702 1484 serpentem,
1717 1433 1782 1487 pro-

148 1520 312 1578 percussura
336 1504 395 1558 auri
417 1503 501 1578 vestri
529 1502 673 1574 imaginem
698 1502 788 1557 lacere
811 1501 938 1568 Caesaris,
988 1498 1125 1568 ptcrlacti
1139 1500 1298 1553 memoriam
1316 1509 1495 1567 reservatum,
1513 1518 1575 1557 com
1588 1514 1681 1573 postea
1694 1522 1782 1578 popu.

149 1601 213 1672 quia
237 1599 315 1655 talem
339 1597 504 1666 sculpturam
525 1595 569 1650 lex
590 1596 680 1652 divina
702 1596 837 1666 probibet.
860 1595 939 1650 Esset
988 1588 1030 1644 lus
1045 1604 1141 1645 errans
1160 1596 1290 1660 tauquam
1313 1589 1415 1645 idolum
1436 1592 1526 1647 colere
1546 1596 1690 1664 eoepisset,
1713 1598 1782 1654 llae-

149 1705 267 1759 uamque
286 1689 361 1743 locus
373 1694 401 1743 ut
413 1695 521 1742 ostenso
534 1687 584 1742 sibi
598 1688 760 1742 numismate
774 1687 937 1742 cerrsusboc
988 1681 1064 1736 chias
1086 1697 1133 1736 rex
1160 1681 1286 1751 religiosa
1310 1689 1443 1751 potestate
1466 1683 1522 1738 lieo
1547 1686 1690 1752 serviens,
1716 1702 1780 1743 cum

151 1780 264 1845 diceret,
282 1780 304 1835 si
326 1779 352 1833 in
375 1793 408 1833 eo
421 1778 537 1834 Caesaris
558 1778 656 1849 imago,
675 1779 752 1849 cutus
769 1777 935 1841 idololatria,
951 1757 975 1816 Β
989 1786 1085 1842 rnagoa
1100 1773 1210 1842 pietatis
1224 1772 1303 1826 laude
1323 1773 1460 1827 contrivit.
1479 1793 1489 1826 r
1505 1774 1579 1829 idern
1597 1777 1681 1830 etiam
1698 1777 1781 1834 Pater

148 1880 177 1927 et
191 1887 244 1926 oon
261 1870 435 1940 adjudicium
454 1871 540 1940 mame
555 1870 636 1942 regiae
648 1871 785 1940 potentiae,
800 1877 872 1924 essct
884 1869 938 1925 lor·
987 1863 1013 1917 lu
1028 1863 1096 1918 libro
1112 1864 1203 1932 primo
1222 1862 1298 1934 (Cap.
1316 1863 1359 1935 to)
1378 1862 1412 1918 de
1430 1862 1580 1919 Concordia
1596 1865 1781 1937 Evangelista-

147 1969 258 2017 urata.»
284 1963 346 2017 llaer
358 1961 391 2016 dc
406 1959 510 2032 praelati
525 1961 575 2016 riri
600 1960 690 2016 libello
704 1960 852 2031 sumpsisse
865 1958 937 2015 sulii-
986 1968 1056 2017 rum,
1080 1968 1159 2022 (luem
1173 1961 1267 2007 ⁰⁰¹¹¹l³
1285 1968 1404 2022 P³8³¹¹⁰S
1426 1954 1521 2018 edidit,
1542 1955 1661 2024 tfiSPulai
1674 1958 1708 2012 de
1727 1958 1780 2015 lflit

146 2053 211 2106 ctat·
985 2045 1030 2114 qni
1054 2043 1197 2097 Dominum
1219 2043 1312 2097 lesum
1329 2042 1467 2098 Cbristum
1493 2045 1617 2124 dicebant
1639 2048 1779 2116 epistolari

182 2144 263 2200 xxti.
283 2143 409 2217 Legimus
431 2159 497 2199 vero
519 2155 532 2184 ι
553 2142 579 2197 in
604 2141 693 2198 Gestis
716 2142 787 2197 beati
813 2141 937 2198 Silvestri
985 2149 1110 2190 sannone
1123 2135 1385 2206 llbfflfflsciiiilsw‚
1408 2144 1435 2190 θῑ
1449 2137 1530 2192 Pelio
1543 2154 1574 2193 ³0
1595 2139 1678 2194 Paulo
1698 2141 1780 2197 tradi·

145 2251 246 2308 papae,
271 2235 478 2290 Constantinum
505 2235 694 2305 imperatorem
721 2234 835 2288 necdum
862 2234 936 2291 sonte
985 2230 1066 2291 disse,
1086 2235 1114 2283 et
1133 2228 1217 2283 dicit:
1237 2247 1246 2278 r
1264 2227 1331 2282 Cum
1343 2229 1415 2283 enim
1429 2229 1531 2284 vellent
1548 2229 1601 2287 talo
1614 2231 1714 2301 aliquid
1728 2233 1780 2292 tiu.

142 2326 208 2381 rite
224 2333 357 2391 renatum,
370 2335 526 2380 sanctorum
540 2323 721 2392 apostolorum
733 2323 804 2378 Petri
819 2332 847 2379 et
859 2323 935 2379 Pauli
984 2334 1049 2390 gere
1065 2318 1202 2374 Christum
1217 2319 1360 2388 scripsisse
1375 2318 1408 2373 ad
1422 2320 1568 2389 discipulos
1583 2335 1657 2388 suos,
1674 2324 1777 2393 cogita·

68 2410 72 2415 ’
143 2418 238 2472 rrrltus
261 2415 377 2471 ostensis
398 2413 557 2484 apraedicto
577 2428 645 2483 papa
666 2413 773 2478 tabulis,
796 2413 935 2482 inquibus
985 2417 1082 2464 verrant
1092 2410 1125 2463 ad
1139 2422 1207 2478 quos
1228 2410 1399 2478 potissimum
1417 2410 1536 2466 seribere
1557 2413 1677 2480 potuisse
1699 2413 1779 2469 lacile

142 2509 288 2577 utriusque
305 2505 416 2575 apostoli
438 2503 539 2575 efligies
559 2504 707 2574 antiquitus
721 2506 754 2558 ad
776 2504 934 2559 memoriam
984 2498 1147 2563 crederetur,
1167 2508 1296 2568 tanquam
1311 2499 1344 2553 ad
1367 2498 1427 2554 illos
1448 2500 1495 2569 qui
1509 2501 1534 2555 ei
1553 2501 1713 2556 familiarius
1727 2505 1776 2559 ad·

143 2613 274 2671 expressa
302 2598 471 2661 serrabatur,
499 2597 569 2651 sicut
594 2595 696 2649 visione
724 2602 855 2650 nocturna
881 2595 933 2651 sibi
984 2591 1134 2655 haesissent,
1159 2588 1335 2658 quibusillud
1355 2591 1432 2658 quasi
1451 2599 1586 2647 secretum
1605 2594 1685 2662 digne
1702 2612 1777 2651 com·

142 2691 244 2748 ostensi
262 2690 378 2753 merant,
394 2688 553 2759 cognovisse
579 2697 607 2742 et
627 2686 699 2741 illico
719 2686 854 2742 adorasse.
879 2685 934 2742 Sed
983 2685 1145 2739 mitteretur.
1166 2683 1200 2736 Et
1212 2683 1333 2737 occurrit
1344 2683 1384 2737 eis
1399 2683 1497 2739 Petrus
1512 2694 1539 2740 et
1554 2685 1663 2743 Paulus.
1687 2689 1776 2748 Credo

143 2783 264 2852 nunquid
284 2782 336 2836 bae
350 2779 512 2835 auctoritate
524 2777 691 2832 Constantini
713 2776 827 2833 adorare
845 2778 932 2834 sancti
982 2775 1053 2845 qood
1064 2773 1186 2845 pluribus
1207 2773 1275 2827 loeis
1293 2772 1372 2828 simul
1387 2788 1434 2828 eos
1457 2791 1519 2830 cum
1540 2776 1585 2832 illo
1600 2780 1687 2847 pictos
1702 2782 1778 2839 vitle-

143 2874 257 2944 alicujus
279 2872 424 2945 imaginem
446 2869 584 2934 debemus,
607 2884 668 2923 cum
690 2870 760 2923 idem
785 2869 933 2940 imperator
982 2871 1054 2928 rent,
1071 2864 1134 2932 (tuit
1152 2862 1250 2917 merila
1263 2861 1336 2915 Pell}
1354 2870 1383 2916 el
1393 2861 1471 2917 Pollii
1485 2865 1567 2918 ellam
1581 2877 1691 2938 propter
1701 2884 1778 2928 eutu-

142 2965 230 3037 magis
255 2965 307 3024 boc
331 2980 365 3020 ex
391 2962 588 3019 consuetudine
620 2960 779 3016 idololatrias
803 2960 931 3031 pestilera
981 2953 1043 3009 dem
1055 2953 1192 3023 passionis
1204 2953 1277 3008 diem
1289 2951 1422 3007 celebrius
1435 2951 1595 3009 solemniter
1606 2955 1691 3011 lioma
1704 2973 1778 3016 com-

141 3055 247 3125 lecerit,
263 3072 342 3127 quam
362 3070 396 3110 ex
412 3053 628 3110 consideratione
642 3052 790 3106 verissime
805 3054 929 3120 rationis,
981 3044 1107 3098 ffl0⁰d³i³
1123 3049 1150 3096 θῑ
1168 3043 1208 3097 8Ῑο
1225 3042 1336 3096 ⁰¹¹¹¹¹l¹¹⁰
1354 3056 1446 3096 elme
1462 3053 1621 3100 meruerunt
1640 3049 1685 3116 tlui
1696 3047 1777 3105 Chri·

141 3163 223 3221 quarn
246 3149 360 3203 necdum
377 3147 435 3217 ipse
458 3145 640 3216 cognoverat?
663 3143 695 3197 Et
710 3158 743 3198 ne
761 3144 787 3197 id
801 3103 966 3213 praesum-C
982 3145 1055 3189 stum
1067 3145 1095 3190 et
1106 3133 1244 3202 apostolos
1258 3133 1317 3203 ejus
1330 3149 1384 3189 nou
1398 3133 1426 3188 iu
1437 3135 1539 3190 sanctis
1562 3137 1711 3204 codicibus,
1726 3139 1775 3198 sed

142 3240 215 3309 ptine
239 3247 363 3293 astruere
390 3237 541 3299 videamur,
560 3236 632 3290 beati
650 3233 784 3289 Ambrosii
805 3233 931 3290 llediola·
982 3226 1010 3280 in
1036 3226 1117 3296 illeiis
1144 3224 1294 3295 parielibus
1319 3226 1544 3295 (issaesilffllnbt
1574 3228 1637 3284 ilaec
1664 3240 1776 3290 sanetus

142 3329 233 3384 nensis
245 3327 375 3400 episcopi,
396 3327 448 3382 pipi
472 3327 595 3382 doctrina
620 3334 648 3381 et
671 3326 814 3381 sanctitate
835 3326 931 3396 ppaegi.
980 3319 1156 3391 Augustinus·
1180 3319 1220 3374 EX
1233 3319 1332 3389 quibus
1350 3320 1494 3377 manifeste
1511 3322 1655 3393 colligitur,
1672 3327 1735 3395 quii
1750 3328 1775 3384 Si

141 3425 202 3496 pui,
229 3423 418 3478 auctoritatem
444 3423 616 3477 inserimus:
642 3422 687 3492 qui
717 3421 745 3475 in
768 3420 931 3476 revelatione
980 3421 1135 3481 serPentem
1157 3427 1260 3467 ancum
1282 3428 1361 3482 quem
1378 3413 1449 3469 Deus
1472 3414 1530 3469 fieri
1546 3418 1685 3487 Praefflttib
1707 3434 1775 3489 quo·

142 3529 201 3582 quae
224 3512 249 3568 ei
268 3520 424 3567 sauctorum
448 3519 596 3584 martyrum
618 3509 740 3566 Gervasii
764 3517 791 3565 et
814 3511 930 3566 Protesii
980 3506 1053 3560 niam
1066 3521 1163 3561 errans
1183 3506 1297 3576 populus
1317 3513 1446 3577 tanquam
1459 3508 1561 3564 idolum
1575 3511 1665 3567 colere
1679 3515 1773 3584 coepit,

142 3602 191 3656 init
207 3611 326 3668 ostensa,
347 3601 430 3657 refert
448 3607 556 3657 beatum
570 3600 683 3655 Paulum
707 3600 868 3668 apostolum,
884 3602 929 3672 qui
979 3596 1111 3652 Ezechias
1134 3597 1276 3666 religiosus
1298 3613 1346 3652 rex
1368 3615 1429 3654 com
1448 3615 1545 3671 magna
1568 3601 1677 3670 pietatis
1692 3605 1773 3662 laudo

142 3694 194 3748 illis
213 3694 317 3749 dnobus
334 3693 487 3748 tacentibus
506 3692 677 3762 loquebatur,
692 3706 725 3747 ex
743 3692 930 3750 recordatione
979 3688 1124 3754 contrivit;
1160 3688 1244 3743 multo
1273 3689 1426 3759 religiosius
1447 3700 1605 3747 sauctorum
1640 3694 1773 3765 imagines

141 3785 253 3851 pictnrae
270 3783 353 3853 ipsius
370 3783 526 3855 agnovisse3
548 3796 597 3837 nec
619 3789 707 3837 tamen
727 3797 841 3852 usquam
862 3784 931 3839 scri·
980 3776 1057 3848 (ipsis
1069 3792 1176 3847 quoque
1190 3780 1292 3833 sanclis
1303 3780 1464 3844 faventibus,
1478 3782 1524 3849 qui
1538 3783 1572 3836 ob
1588 3783 1630 3837 sui
1642 3784 1772 3842 honorem

140 3873 188 3936 bit,
210 3889 264 3928 non
283 3874 370 3928 dicam
388 3875 522 3944 picturam
544 3873 631 3938 itlius,
654 3873 700 3927 sed
721 3889 755 3927 ne
769 3883 929 3941 praesentem
979 3883 1042 3921 cum
1056 3868 1155 3922 divinae
1170 3869 1307 3938 religionis
1319 3878 1491 3937 contemptu,
1516 3886 1562 3925 eas
1576 3873 1684 3928 adorari
1698 3891 1773 3933 mora

140 3965 249 4032 quidem
271 3964 433 4036 apostolum,
450 3980 482 4018 ac
499 3979 591 4019 secum
614 3964 779 4032 loquentem,
795 3963 929 4020 ullatenus
979 3957 1111 4013 idolorum
1127 3959 1362 4028 indignantissime
1380 3961 1481 4033 lerunt)
1500 3966 1575 4019 ouini
1590 3981 1689 4036 genere
1707 3983 1769 4026 eoa-

139 4056 276 4111 adorasse.
302 4055 476 4122 lQuemdam
500 4070 606 4126 qnoque
627 4054 814 4125 presbyterum
834 4056 929 4112 beatos
979 4049 1099 4103 terendae
1129 4057 1158 4104 et
1190 4065 1276 4120 usque
1301 4052 1335 4107 ad
1358 4052 1496 4121 pulverem
1521 4063 1584 4111 suut
1606 4058 1770 4128 eradendae;

138 4143 266 4198 Paulinus
288 4159 336 4214 per
358 4145 499 4214 epistolam
517 4145 618 4198 acriter
643 4142 775 4212 increpat,
801 4145 927 4214 quoniam
978 4140 1130 4208 prasertim
1144 4157 1206 4195 cum
1221 4157 1275 4196 non
1290 4142 1350 4196 illas
1367 4143 1425 4198 sieri
1440 4143 1643 4214 Deust'usserit,
1660 4150 1707 4204 sed
1721 4151 1771 4207 bu-

138 4245 300 4308 poposcerat
323 4244 354 4291 ut
377 4237 400 4291 ei
433 4252 509 4291 suam
535 4243 563 4291 et
589 4236 681 4290 uxoris
707 4251 763 4290 suae
793 4236 927 4304 picturam
978 4235 1401 4305 manusseosusexcogitarerit.

96 4400 100 4407 .
138 4328 344 4394 transmitteret,
358 4337 389 4383 nt
406 4329 466 4395 hos,
482 4344 551 4398 quos
572 4329 700 4384 absentes
721 4329 928 4397 amabat,prae-
1012 4322 1106 4379 lllilll.
1127 4324 1204 4391 Quod
1218 4335 1308 4379 antem
1327 4325 1398 4382 Dens
1415 4329 1514 4382 castius
1537 4330 1640 4398 alisque
1661 4332 1773 4389 simula-

137 4426 228 4473 sentes
252 4433 285 4474 eo
308 4418 389 4474 modo
412 4435 518 4490 semper
538 4419 660 4474 baberet.
687 4419 924 4490 eForoiuliensem
936 4450 963 4510 D
977 4414 1032 4470 crls
1052 4424 1219 4480 veneretur,
1245 4419 1321 4472 testis
1342 4427 1385 4472 est
1406 4420 1488 4473 etiam
1513 4419 1628 4486 Quintus
1651 4423 1771 4481 Lucilius

136 4509 218 4563 etiarn
243 4511 399 4580 episcopum
423 4511 517 4565 beatus
540 4525 607 4580 papa
631 4508 777 4581 Gregorius
801 4510 923 4581 arguisse
976 4506 1075 4564 Balbus
1094 4508 1202 4578 gentilis
1218 4508 1412 4578 philosophus;
1438 4511 1508 4565 sicut
1530 4510 1659 4579 praelatus
1675 4515 1769 4572 doctor

822 4619 959 4677 BALUle
978 4619 1092 4677 Notat

171 4711 231 4766 eta
243 4711 327 4768 Gestis
336 4712 403 4766 beati
416 4710 550 4782 Spluestri.
564 4709 754 4779 lltrncqnoque
765 4708 852 4764 locum
866 4708 924 4763 lan·
975 4725 1022 4765 cro
1034 4711 1123 4781 itaque
1139 4720 1165 4765 te
1179 4713 1342 4781 perviscera
1359 4713 1511 4777 eharitatis,
1525 4729 1585 4784 quae
1596 4716 1695 4770 amoris
1709 4718 1767 4774 reri

136 4785 182 4837 dat
195 4781 309 4838 Carolus
325 4782 435 4852 llagnus
451 4782 477 4835 in
492 4779 640 4850 Capitulari
655 4780 752 4834 deuon
777 4779 924 4834 adorandis
974 4782 1069 4835 solatia
1092 4783 1125 4836 de
1151 4782 1277 4837 inanibus
1302 4782 1396 4838 soranis
1421 4786 1542 4854 pelisii
1571 4786 1671 4842 Verum
1695 4787 1766 4844 istud

134 4853 349 4923 imaginlbssslill·
362 4868 393 4916 ΙΙ,
402 4868 462 4921 0³1)-
475 4851 517 4912 ¹5·
531 4851 649 4918 itemque
661 4849 779 4919 synodus
787 4848 922 4902 parisien·
973 4852 1041 4907 nibil
1054 4853 1120 4906 iacit
1143 4853 1273 4909 adversus
1289 4855 1447 4910 adoratores
1461 4856 1620 4926 imaginum.
1636 4855 1701 4911 Nam
1715 4856 1765 4912 Se·

132 4925 173 4978 sis
188 4923 280 4978 habita
296 4938 368 4977 anno
386 4923 450 4986 biti,
462 4932 490 4976 et
503 4920 668 4975 Waiairidus
681 4918 779 4974 Strabo
789 4918 817 4972 iu
833 4919 922 4987 capite
973 4937 1054 4977 rcrus
1079 4923 1210 4993 imagines
1230 4923 1334 4978 Paulini
1354 4934 1381 4979 et
1409 4925 1545 4981 Tirerasiae
1569 4926 1764 4998 postulaverat,

132 5002 229 5048 octavo
251 4993 361 5048 libride
384 4995 513 5048 rebusad
541 4989 689 5047 Ecclesiam
712 4988 919 5058 pertinentibus.
972 5007 1026 5045 non
1045 5001 1175 5062 tanquam
1205 4993 1384 5058 adoraturus,
1413 4996 1461 5050 sed
1494 5006 1524 5050 ut
1548 5012 1616 5064 qnos
1641 4997 1766 5052 absentes

133 5063 232 5118 Verum
246 5060 360 5119 Carolus
375 5063 485 5135 llagnns
495 5069 588 5117 censet
601 5060 699 5114 librum
718 5058 790 5112 illum
802 5058 918 5111 lictoum
971 5063 1090 5125 amabat,
1102 5072 1250 5132 presentes
1265 5079 1297 5117 co
1309 5067 1389 5120 modo
1399 5081 1506 5135 semper
1520 5065 1629 5120 haberet
1643 5072 1671 5117 nt
1682 5066 1765 5121 etiarn

132 5131 205 5186 beati
224 5133 357 5195 Silvestri,
371 5134 417 5187 nbi
440 5135 472 5187 de
486 5130 648 5202 imaginibus
672 5126 850 5207 Constantino
867 5127 919 5208 itu·
971 5134 1092 5203 agnoscit
1111 5132 1277 5202 Agobardns.
1308 5135 1399 5202 Neque
1423 5151 1488 5189 vero
1512 5143 1577 5204 puto
1600 5150 1765 5204 quemquam

132 5205 251 5271 peratori
269 5204 365 5259 delatis
388 5205 526 5265 scribitur,
541 5201 640 5255 nullius
663 5214 723 5254 esse
739 5205 918 5262 arrctontatrs,
971 5203 1039 5257 velle
1051 5203 1160 5273 culpare
1173 5202 1245 5257 hunc
1266 5205 1402 5259 affectum,

101 5289 107 5303 ¹
131 5287 164 5327 eo
176 5275 247 5343 quod
259 5276 331 5329 inter
341 5274 489 5329 catholicos
502 5272 585 5327 libros
599 5270 750 5325 recensitus
771 5284 824 5323 nou
838 5266 873 5322 sit
892 5267 919 5323 in
1008 5286 1019 5312 ⁰
1035 5271 1244 5342 Foroiuliensem
1260 5276 1417 5344 episcopum.
1434 5275 1502 5328 Pnlo
1512 5277 1642 5330 memoria
1656 5274 1762 5345 lapsum

132 5342 264 5398 ῧΰθΐθῑθῐῑ
279 5344 389 5399 Gelasii·
971 5342 1153 5414 agobardum,
1186 5359 1289 5412 proque
1312 5342 1414 5398 Sereno
1439 5343 1597 5398 Massiliensi
1623 5345 1762 5415 episcopo,

168 5414 341 5480 b(latericiam
354 5414 540 5485 presbyteram.
558 5409 701 5481 Sulpitinm
718 5409 848 5463 Serenam
861 5407 919 5461 Pri·
971 5429 1051 5482 quem
1072 5414 1153 5467 variis
1168 5413 1290 5479 epistolis
1307 5412 1460 5483 objurgavit
1477 5412 1625 5483 Gregorius
1639 5417 1675 5470 ob
1686 5415 1759 5471 lrac·

131 5483 324 5539 moliacensem
337 5485 522 5553 presbiterum
538 5520 546 5545 ‚
561 5490 590 5534 ut
602 5489 678 5549 patet
689 5494 723 5533 ex
740 5477 854 5548 epistola
870 5494 917 5532 oc·
972 5496 1013 5538 tas
1025 5483 1164 5552 iroagines,
1177 5481 1386 5550 Foroiuliensem
1398 5483 1554 5554 episcopum
1565 5486 1677 5543 dixisse.
1692 5485 1760 5543 Vide

131 5559 192 5608 tara
203 5554 309 5609 Paulini
326 5555 359 5608 ad
373 5554 520 5614 Severum,
543 5552 636 5621 inqua
653 5551 692 5603 sic
714 5566 743 5604 sc
760 5549 767 5602 i
789 5557 845 5602 tnrn
859 5554 914 5602 est:
972 5556 1000 5606 s.
1014 5553 1172 5623 Gregorinrn
1184 5552 1229 5605 lib.
1247 5568 1293 5615 ru,
1307 5551 1485 5620 indictionei,
1498 5554 1576 5627 epist.
1592 5557 1653 5620 too,
1672 5567 1699 5612 et
1710 5556 1760 5614 lib,

134 5641 143 5673 r
163 5622 231 5689 Quid
250 5624 321 5678 eninr
338 5624 385 5679 tibi
403 5624 436 5677 de
456 5621 499 5676 illa
516 5621 643 5692 petitione
661 5634 756 5689 respon
776 5633 846 5678 earrr,
864 5632 915 5685 qna
971 5639 1008 5687 rr,
1022 5623 1112 5677 tudier,
1127 5622 1152 5685 t,
1165 5623 1242 5690 optat,
1263 5621 1288 5673 9,

133 5693 262 5766 laragines
284 5701 391 5750 nostras
402 5692 474 5764 pingi
491 5693 539 5748 tibi
561 5689 684 5758 mittique
695 5688 799 5759 jussisti
812 5689 822 5740 i
833 5687 912 5741 obse·
