3810 6120
1689 268 1706 299 .,

135 303 188 357 597
664 306 736 366 cult
756 307 1054 367 LllliiliSSEilSlBliS
1075 312 1221 369 cobbart
1710 328 1763 387 999

386 428 501 469 truanes
521 431 674 473 nutantum.
938 427 964 486 Α
1197 445 1314 484 austres
1332 447 1533 490 uruatsseusas·

136 515 201 568 tuna,
221 505 268 575 qui
293 504 426 559 incendiis
451 521 483 561 ac
505 507 701 578 direptionibus
722 522 819 569 cuneta
843 515 923 570 deva·
974 532 1071 573 norum
1084 519 1090 548 ¹
1104 535 1170 590 gens
1192 521 1325 591 coepisset
1342 524 1466 581 saeuiens
1484 527 1578 583 domos
1590 528 1600 559 ¹
1613 528 1765 592 lorinsecus

135 605 209 651 stans
222 634 230 659 ,
245 594 429 663 compluribus
452 596 534 652 etiarn
551 596 698 667 Saxonum,
724 603 772 673 qui
795 601 923 662 resistere
973 606 1247 675 incendioeremare,
1264 615 1447 670 veneruntad
1467 616 1603 688 quandam
1626 621 1766 682 basilicam

133 687 223 745 conati
238 696 312 754 suut,
334 688 496 757 interiectis,
511 705 573 747 cum
589 692 689 767 ingenti
702 697 802 766 praeda
818 711 922 769 regnes»
973 694 1000 749 in
1016 694 1075 753 icco
1098 698 1144 768 qui
1163 699 1422 758 dieiturFricdisiar
1439 705 1469 773 ¹,
1488 720 1571 780 quam
1585 719 1697 769 sanctae
1711 730 1768 774 me·
1827 764 1832 773 .

133 777 292 835 sostenen
973 787 1075 842 moriae
1096 787 1258 846 Bonelacius
1276 792 1559 872 nouissimusmantyr
1577 805 1767 871 numecrauit,
1825 794 1831 803 ’

972 884 1053 947 atque
1075 881 1272 951 perspiritum
1302 884 1461 956 prophetiae
1480 886 1493 921 ¹
1519 891 1672 960 praedixit,
1692 896 1780 975 qnod¹

971 984 1109 1039 nunquam
1139 972 1264 1028 incendio
1277 974 1288 1005 ¹
1303 984 1481 1033 cremaretur.
1504 977 1658 1051 Coeperunt
1673 978 1784 1044 antemi·

970 1060 1043 1115 idem
1057 1061 1067 1093 ¹
1080 1062 1194 1132 praelati
1220 1063 1343 1122 Saxones
1364 1083 1424 1124 cum
1448 1071 1531 1126 nimia
1553 1074 1703 1133 intentione
1716 1076 1793 1135 ad?

971 1165 1065 1206 uersus
1087 1153 1200 1208 eandem
1224 1163 1329 1211 certare
1353 1157 1508 1224 basilicam,
1535 1166 1763 1232 quemadmodum

970 1256 1030 1295 earn
1055 1256 1105 1311 per
1125 1244 1264 1314 quodlibet
1289 1247 1428 1318 ingenium
1450 1250 1529 1319 igni¹
1553 1256 1701 1311 cremare¹
1716 1270 1765 1329 pc

971 1332 1095 1388 tuissent.
1110 1333 1178 1389 Dum
1194 1337 1262 1390 hacc
1285 1337 1389 1407 igitur¹
1412 1349 1565 1408 agerentur,
1580 1354 1765 1414 apparuerunt

970 1422 1130 1491 quibusdam
1152 1424 1310 1481 christianis
1323 1428 1368 1496 qui
1390 1438 1467 1484 eraut
1485 1430 1512 1484 in
1533 1433 1655 1509 castello,
1671 1435 1765 1491 simili-

971 1528 1012 1574 ter
1024 1521 1045 1551 ¹¹
1056 1529 1083 1575 ct
1095 1521 1256 1590 quibusdam
1272 1523 1384 1593 paganis
1396 1523 1441 1594 qui
1455 1525 1481 1578 in
1494 1525 1552 1595 ipsc
1563 1515 1766 1601 aderantexnr·

970 1613 1042 1679 citu,
1056 1611 1110 1668 duo
1126 1610 1236 1668 iuuenes
1257 1614 1284 1667 in
1307 1614 1386 1678 albis,
1403 1615 1449 1685 qui
1465 1616 1550 1685 ipsam
1573 1618 1714 1677 basilicam
1725 1616 1765 1674 'ab

909 1705 911 1708 ’
971 1703 1032 1773 igne
1049 1703 1226 1774 protegebant
1240 1704 1272 1768 ¹¹,
1287 1711 1313 1759 et
1327 1712 1470 1775 propterea
1485 1705 1584 1760 ibidem
1596 1724 1651 1763 nou
1671 1716 1765 1779 potue-

936 1775 960 1834 Β
974 1799 1037 1846 runt
1049 1807 1135 1861 neque
1146 1793 1260 1848 interius
1273 1808 1360 1863 neque
1371 1795 1490 1849 exterius
1501 1795 1591 1866 ignem
1603 1799 1763 1865 accendere,

971 1899 1023 1939 nee
1047 1884 1156 1956 aliquod
1175 1885 1304 1941 damnum
1321 1887 1342 1917 ¹¹
1353 1887 1440 1942 eidem
1456 1887 1479 1919 ¹¹
1492 1886 1595 1945 inferre
1614 1890 1763 1948 basilicae:

971 1976 1018 2032 scd
1043 1986 1110 2033 nutu
1134 1961 1243 2034 diuinae
1268 1979 1418 2034 maiestatis
1440 1995 1540 2051 pavore
1562 1982 1716 2050 perterriti,
1736 1983 1764 2038 in

971 2064 1062 2139 lugam
1077 2069 1200 2123 conversi
1214 2077 1291 2132 sunt,
1306 2070 1415 2125 nemine
1428 2079 1618 2141 persequente.
1636 2071 1765 2128 inuentus

969 2163 1011 2211 est
1023 2162 1114 2212 autem
1126 2166 1221 2228 postea
1234 2173 1304 2213 unus
1315 2174 1346 2213 ex
1359 2159 1461 2215 eisdem
1475 2157 1627 2215 saxonibus
1639 2168 1764 2218 mortuus

970 2247 1044 2302 iuxta
1060 2247 1146 2319 ipsam
1169 2248 1320 2314 basilicam,
1342 2248 1455 2321 genibus
1477 2250 1568 2305 curuis
1582 2250 1698 2306 adclinis
1718 2266 1765 2307 su·

968 2354 1018 2410 pra
1038 2339 1060 2372 ¹¹
1077 2341 1172 2411 pedes,
1194 2342 1298 2397 habens
1318 2343 1407 2413 ignem
1427 2352 1454 2397 et
1480 2343 1550 2413 ligna
1574 2345 1601 2399 in
1627 2344 1763 2410 manibus,

968 2430 1043 2486 reiut
1055 2444 1104 2486 ure
1118 2429 1207 2486 llandc
1227 2432 1342 2487 eandem
1356 2432 1494 2487 basilicam
1518 2433 1573 2504 igni
1594 2435 1701 2489 tradere
1716 2450 1763 2490 uc-
1843 2499 1847 2507 .

968 2518 1102 2576 luisset¹¹.
1112 2520 1146 2575 Et
1156 2528 1308 2576 revertente
1319 2519 1418 2576 domno
1428 2521 1551 2578 ¹¹Carolo
1563 2537 1625 2594 rege
1636 2538 1650 2578 a
1664 2522 1763 2593 Roma,

968 2610 1068 2665 iterum
1081 2610 1102 2642 ¹¹
1116 2610 1151 2665 ad
1168 2609 1279 2682 Papiam
1295 2613 1418 2682 pervenit
1433 2613 1464 2678 ¹¹,
1484 2615 1569 2684 ipsam
1586 2615 1607 2647 ¹¹
1624 2615 1763 2671 civitatem

969 2701 1049 2773 cepit,
1068 2712 1095 2758 et
1108 2701 1277 2759 Desiderium
1300 2718 1390 2773 regem
1404 2719 1466 2759 eum
1487 2721 1572 2762 uxore
1586 2687 1614 2763 et
1637 2707 1704 2773 lilia,
1720 2708 1763 2763 uei

968 2808 1031 2850 cum
1043 2792 1066 2826 ¹¹
1076 2795 1150 2851 omni
1163 2795 1289 2850 thesauro
1299 2795 1359 2852 eius
1371 2795 1464 2865 palatii
1477 2797 1508 2850 ¹¹.
1521 2797 1613 2868 ibique
1624 2784 1763 2856 uenientes

967 2899 1064 2940 omnes
1086 2883 1255 2954 Langobardi
1268 2885 1301 2941 de
1321 2887 1426 2942 cunctis
1441 2886 1465 2917 ¹¹
1480 2887 1635 2944 civitatibus
1657 2888 1760 2953 italiae,

968 2974 1147 3031 subdiderunt
1169 2991 1198 3031 se
1215 2976 1242 3030 in
1261 2975 1381 3032 dominio
1391 2977 1415 3008 ¹¹
1426 2978 1517 3033 domni
1539 2979 1649 3051 gloriosi
1671 2978 1763 3036 Caroli

968 3064 1042 3136 regis
1057 3072 1088 3120 et
1110 3064 1286 3120 Francorum.
1309 3065 1471 3137 hdaighisus
1489 3067 1512 3098 ¹¹
1534 3067 1606 3124 illius
1627 3067 1763 3124 Desiderii

968 3154 1050 3225 regis,
1072 3153 1134 3226 luga
1148 3154 1239 3226 lapsus
1251 3170 1327 3211 mare
1340 3155 1434 3213 introit
1445 3157 1479 3222 ¹¹,
1495 3165 1523 3212 et
1534 3156 1763 3230 Constantinopo-

967 3245 1014 3300 lim
1031 3245 1159 3314 perrerit.
1176 3244 1251 3301 Tune
1264 3245 1397 3316 gloriosus
1410 3246 1525 3303 domnus
1537 3247 1560 3280 ¹¹
1571 3245 1685 3305 Carolus
1698 3263 1759 3315 rex,

966 3337 1024 3407 ipsa
1037 3336 1113 3392 italia
1124 3338 1145 3369 ¹¹
1161 3338 1302 3410 subiugata
1314 3347 1343 3395 et
1356 3341 1491 3407 ordinata,
1505 3341 1627 3397 custodia
1641 3341 1665 3375 ¹¹
1676 3341 1762 3401 liran-

965 3444 1059 3484 ccrum
1073 3430 1101 3483 in
1115 3429 1196 3499 Papia
1210 3430 1320 3487 ciuitate
1333 3431 1485 3498 dimittens,
1500 3447 1562 3488 cum
1576 3448 1661 3490 uxore
1676 3443 1704 3489 et
1719 3450 1763 3491 re·

966 3517 1048 3587 liquis
1065 3516 1179 3573 Fratreis
1193 3517 1249 3574 beo
1268 3518 1415 3575 adiuuante
1427 3536 1488 3576 cum
1503 3535 1602 3591 magno
1622 3523 1762 3592 triumpho

966 3608 1110 3664 Franciam
1124 3624 1252 3666 reuersus
1266 3619 1317 3666 est.
1331 3611 1366 3666 Et
1379 3613 1441 3669 dum
1453 3612 1476 3643 ¹¹
1486 3614 1657 3683 peruenisset
1670 3615 1704 3670 ad
1721 3614 1761 3672 io

965 3715 1028 3754 etun
1042 3699 1065 3730 ¹¹
1082 3699 1128 3770 qui
1148 3699 1248 3756 dieitur
1270 3701 1440 3771 ingilinhaim
1453 3701 1474 3733 ¹¹
1488 3715 1515 3767 ⁸,
1536 3702 1647 3759 mittens
1661 3702 1685 3735 ¹¹
1697 3719 1763 3775 qua·

967 3801 1028 3846 mor
1040 3791 1063 3824 ¹¹
1075 3806 1167 3847 scaras
1182 3793 1209 3847 in
1224 3791 1382 3859 Saaouiam,
1397 3802 1454 3848 tres
1465 3793 1488 3825 ¹¹
1498 3808 1615 3866 pugnam
1628 3809 1691 3851 eum
1710 3794 1762 3853 Sa·

1160 3965 1356 4023 initiabilis
1374 3967 1575 4027 mentones

1004 4076 1255 4131 ¹saxonnm6—
1280 4078 1322 4133 le.
1371 4079 1496 4136 ¹riotncs
1520 4081 1591 4136 decet
1614 4082 1641 4137 9.
1689 4084 1761 4139 ¹iri-

967 4146 1051 4203 disiar
1072 4146 1098 4200 i.
1118 4147 1161 4201 te.
1186 4146 1311 4204 iredislar
1334 4150 1360 4205 9.
1384 4148 1520 4207 friedislar
1535 4151 1579 4206 ld.
1595 4153 1640 4209 ll.
1689 4154 1762 4225 ¹per

967 4218 1093 4339 ἔρίτίωω
1106 4218 1262 4319 prophetiae
1270 4219 1340 4274 deest
1347 4219 1374 4274 6.
1434 4220 1445 4252 ¹
1457 4221 1631 4325 incendiab
1655 4222 1666 4255 ¹
1678 4223 1760 4279 iidem

967 4293 1075 4411 aa.
1096 4288 1242 4412 ...ttu.⁷·
1255 4289 1432 4414 latare
1445 4291 1483 4393 a
1517 4286 1761 4420 ..uenerat

929 4458 956 4520 D
968 4372 1098 4550 [5911εὲοαὶ
1140 4427 1161 4459 ¹¹
1175 4442 1262 4499 neque
1274 4429 1383 4498 aliquod
1396 4377 1541 4500 dampnum
1553 4378 1594 4486 6g
1619 4433 1642 4465 ¹¹
1654 4378 1761 4515 medem

989 4496 1108 4551 ‚tradem
1129 4496 1156 4551 9.
1174 4496 1217 4551 ili.
1234 4499 1278 4552 il.
1316 4500 1337 4530 ¹¹
1362 4514 1444 4567 super
1465 4500 1492 4554 i.
1512 4501 1537 4556 9.
1578 4502 1601 4534 ¹¹
1619 4502 1760 4558 voluisset.

968 4567 1204 4667 ¹¹¹¹¹¹¹¹¹⁸i⁶¹⁰
1221 4568 1333 4690 litt
1347 4567 1644 4707 rt‘littttlrfl
1661 4572 1761 4696 ill.

968 4635 1128 4788 ε’ξῖιῑρξὶω
1142 4645 1208 4762 neat.
1224 4653 1232 4690 ¹
1246 4707 1268 4738 ¹⁶
1283 4706 1376 4762 aaran
1390 4708 1525 4790 cuman.
1539 4709 1582 4762 ro.
1595 4681 1654 4764 trs
1678 4680 1700 4742 ¹3
1748 4740 1761 4751 -

969 4776 1145 4901 ¹¹¹⁰¹l⁸l
1166 4777 1375 4902 h¹¹t¹n3¹
1389 4776 1693 4919 ⁶lri¹l⁰¹lulmll⁵l
1714 4795 1760 4904 9

969 4862 1106 4987 {liuilni
1123 4887 1189 4972 lero
1204 4888 1218 4970 i
1233 4916 1284 4989 (a.)
1300 4918 1353 4973 nt
1378 4959 1384 4971 .
1421 4918 1445 4950 ¹⁸
1459 4887 1570 5002 inirem
1594 4888 1762 5002 liuticio}

322 5034 518 5092 tinnulus
536 5035 737 5092 uuenoues.
971 4985 997 5087 3³·
1007 4987 1160 5111 3939993
1173 4987 1433 5114 bilehilt.
1447 4988 1718 5114 lllltlbhl
1732 4991 1760 5115 33

161 5124 348 5182 'mersuso
382 5126 583 5183 ’cabilatcius
601 5126 725 5184 abitalia
750 5126 915 5199 regrediens,
972 5125 1015 5179 lli.
1030 5127 1152 5182 custodia
1165 5127 1259 5182 relicta
1279 5127 1322 5183 ll.
1359 5125 1509 5185 ¹‘Etcum
1527 5127 1552 5181 i.
1571 5126 1597 5181 'i.
1614 5127 1658 5182 lli.
1696 5128 1760 5185 ⁸¹in

124 5193 323 5252 dedicationem
350 5196 479 5253 eeclesiae
507 5200 592 5254 sancti
618 5197 725 5253 Nazarii
749 5197 877 5268 martyris
891 5208 919 5252 et
971 5195 1059 5252 lucum
1076 5196 1102 5251 li.
1120 5196 1162 5251 ib.
1177 5197 1219 5252 il.
1243 5197 1270 5251 in
1291 5197 1351 5253 icco
1372 5196 1400 5253 ¹1.
1416 5197 1443 5254 9.
1481 5197 1503 5229 ¹¹
1519 5197 1662 5268 ingelheim
1677 5200 1703 5254 l.
1718 5201 1761 5255 iu·

123 5266 332 5321 translationem
352 5268 475 5337 corporis
499 5268 583 5337 ipsius
602 5269 629 5323 io
646 5268 810 5323 monasterio
825 5271 918 5322 nostro
989 5267 1109 5323 iliuheim
1123 5266 1149 5321 li.
1165 5266 1310 5340 ingelheim
1328 5268 1353 5320 7.
1367 5264 1394 5321 9.
1413 5265 1552 5335 ingilheim
1570 5267 1613 5323 li.
1650 5267 1674 5301 ¹¹
1689 5269 1763 5325 misit

124 5331 263 5392 harene
327 5336 475 5392 celebravit
490 5378 497 5404 ,
513 5353 583 5394 anno
602 5338 797 5395 incantationis
811 5337 918 5394 Domini
992 5338 1100 5394 ,7.19.
1122 5338 1167 5392 il.
1207 5338 1229 5370 ¹¹
1244 5346 1360 5407 quatuor
1375 5335 1401 5391 5.
1439 5336 1464 5368 ⁸¹
1484 5338 1625 5394 saxoniam
1646 5352 1761 5411 quntum

127 5403 238 5462 blm
277 5404 311 5460 li.
336 5405 393 5461 (lai.
408 5406 484 5477 Sept.
499 5407 525 5462 i.
971 5417 1028 5464 trea
1045 5409 1072 5462 i.
1090 5408 1116 5462 i.
1139 5409 1289 5465 saxoniam.
1305 5406 1393 5461 htilli
1410 5415 1467 5463 tres
1487 5406 1513 5463 9.

887 5517 1003 5574 NOTAE.

164 5628 226 5687 ·be
246 5630 452 5703 ingelheimensi
466 5629 567 5704 palatio
583 5631 707 5691 Cesarea
721 5627 758 5689 el.
775 5627 939 5701 Schoepdini
953 5627 1212 5706 dissertationem-iu
1230 5627 1508 5690 commentationibus
1518 5627 1663 5689 academie
1678 5628 1764 5688 theo-

129 5701 195 5759 doro
212 5701 356 5766 Palatinae.
386 5712 406 5761 t.
426 5703 450 5772 i,
466 5717 527 5777 pag.
542 5698 604 5760 50⁰.
