3832 6120
127 250 181 317 833
771 238 958 300 semblent
977 235 1121 297 ABBATIS
1711 231 1770 292 584

127 386 189 428 rum
213 365 337 432 meritis,
360 376 453 420 eoram
468 356 542 416 omni
557 352 749 419 multitudine,
767 349 918 406 illumrnala
934 350 1101 421 plangitur,
1115 365 1130 404 a
1146 347 1276 405 iratribus
1286 358 1298 389 ⁶
1310 344 1411 406 tbteem
1423 344 1479 404 Deo
1493 346 1688 414 servientibus,
1700 363 1773 419 quo

129 471 181 518 est.
198 460 301 528 Quarto
321 456 384 511 ldus
399 453 473 519 tulli,
492 465 564 506 caca
586 449 721 520 quadam,
737 447 845 500 nomine
858 442 921 498 dla-
972 455 1033 495 rum
1052 447 1145 510 rogatu
1166 436 1296 508 reliquias
1314 446 1525 494 memoratorum
1543 436 1645 493 Christi
1665 446 1775 512 marty·

130 554 190 627 qia,
207 566 268 623 quac
289 548 393 603 duobus
413 546 470 600 lere
484 543 562 598 annis
575 542 633 596 risu
649 540 777 605 carebat,
793 538 864 592 lutra
877 550 921 591 sa·
972 547 1033 586 rum
1052 531 1085 586 ad
1105 531 1176 586 idem
1192 528 1386 584 monasterium
1411 530 1489 596 misi;
1514 529 1541 584 in
1561 545 1616 601 quo
1639 531 1701 586 lraec
1722 545 1777 603 per

128 663 175 704 cra
188 644 334 700 missarum
349 638 493 703 solemnia,
519 633 730 705 suifragantibus
745 630 796 686 sibi
814 637 922 685 sancto-
973 621 1095 676 ordinem
1107 628 1181 691 gesta
1194 628 1299 689 reperta
1313 627 1385 675 sunt.

129 752 189 792 rum
214 735 357 805 precibus,
381 746 396 785 a
420 728 535 784 Domino
554 726 618 781 lesu
640 724 751 779 Christo
771 720 922 776 illuminata
1011 712 1024 751 ¹¹
1041 712 1120 766 duno
1134 712 1167 768 ab
1180 711 1365 766 incarnatione
1375 709 1482 765 Domini
1494 710 1578 765 nostri
1591 709 1655 766 Jcsu
1666 709 1776 767 Christi

129 838 180 886 ρει,
198 829 300 884 Eadem
316 827 359 883 die
373 839 462 881 εἴρω,
476 821 586 892 quidam
600 818 678 873 valde
692 833 793 882 senex,
809 816 842 871 de
858 815 920 869 villa
972 802 1199 874 octingentesimo
1219 801 1348 855 uicesimo
1369 809 1475 865 octavo,
1496 810 1628 855 venerunt
1648 800 1777 872 reliquiar

129 917 275 973 Gauliaeas
302 928 333 981 ⁸,
359 911 569 969 Ernrenwardus
594 906 744 971 vocabulo,
769 905 815 975 qui
843 903 922 958 annis

130 1003 335 1076 quatuordeeim
359 1000 427 1054 nibil
446 998 538 1052 ridere
557 994 660 1065 potuit,
683 993 718 1047 ad
735 991 922 1061 vespertinum

131 1093 251 1150 odicium
267 1089 411 1146 ecelesiam
427 1088 568 1157 ingressus
581 1085 676 1137 lreatos
690 1088 827 1149 martyres
847 1079 922 1133 inuo-

130 1186 218 1248 cauit,
237 1181 375 1237 aestatim
391 1177 514 1232 caritate
530 1172 658 1243 depulsa,
673 1170 719 1225 diu
741 1168 922 1223 desideratam

131 1275 234 1338 lucem,
250 1272 365 1327 Domino
380 1266 539 1336 adjurante,
554 1261 667 1331 recepit.

166 1366 209 1421 75.
231 1363 352 1433 Septimo
372 1358 501 1413 kalendas
522 1353 647 1424 aagusd,
673 1349 763 1422 puella
783 1347 922 1420 quaedam,

131 1472 191 1529 quae
207 1457 241 1510 ab
253 1452 391 1509 immundo
404 1449 501 1519 sp'rltu
513 1447 672 1508 vexabatur,
687 1443 714 1497 in
727 1441 866 1495 basilicam
878 1439 924 1494 ad-

130 1545 223 1609 ducta,
237 1546 300 1601 dum
315 1556 400 1597 sacrae
413 1537 558 1596 oblationis
570 1534 687 1590 alliciam
703 1533 864 1595 celebratur,
876 1545 924 1599 per

976 903 1133 952 sauctorum
1148 893 1248 949 Christi
1261 899 1410 963 martyrum
1430 892 1577 948 Marcellini
1595 901 1623 948 et
1642 893 1719 949 Petri
1739 895 1776 950 ad

975 989 1169 1044 monasterium
1182 986 1210 1041 S.
1226 986 1352 1050 Batonis,
1370 985 1518 1055 diequinto
1537 984 1675 1040 Nonarum
1694 984 1776 1055 tulii,

976 1079 1043 1135 teria
1057 1087 1144 1143 sexta,
1156 1075 1301 1131 indictione
1311 1091 1348 1129 rr.
1368 1074 1459 1129 Tertia
1473 1074 1602 1140 rerodie,
1614 1075 1708 1141 idest,
1721 1076 1774 1131 Do

976 1169 1076 1224 minica
1090 1167 1223 1238 proxima,
1237 1179 1296 1235 quae
1307 1162 1357 1218 luit
1373 1163 1452 1219 tertio
1470 1162 1561 1218 Nonas
1578 1161 1674 1230 iulias,
1693 1181 1775 1236 quae-

977 1258 1039 1313 dam
1057 1255 1146 1327 puelia
1166 1270 1251 1320 caeca,
1271 1255 1380 1308 nomine
1398 1253 1550 1319 llartlinda,
1574 1255 1606 1308 de
1623 1254 1687 1311 uilla
1711 1272 1775 1327 que

976 1348 1129 1404 Furseuum
1146 1358 1158 1385 ⁶
1174 1344 1333 1416 appellatur,
1348 1359 1428 1414 quam
1442 1353 1521 1414 pater
1535 1351 1562 1397 et
1577 1352 1665 1399 mater
1678 1347 1775 1400 testati

977 1448 1041 1496 suut
1053 1446 1115 1494 octo
1127 1436 1206 1490 annis
1218 1435 1358 1490 oculorum
1372 1431 1459 1488 ollleio
1477 1433 1606 1499 caruisse,
1625 1449 1689 1489 cum
1709 1445 1776 1490 autc

978 1530 1073 1593 altare,
1087 1526 1335 1598 superquodsacrae
1343 1533 1491 1596 martyrum
1505 1523 1625 1593 reliquiae
1636 1534 1717 1579 erant
1730 1541 1777 1597 po

129 1634 257 1690 virtutem
265 1632 365 1688 Christi
374 1629 651 1686 etmeritabeatorum
664 1620 924 1693 martyrumluqato
979 1624 1047 1688 sita,
1062 1621 1157 1675 luisset
1172 1618 1299 1682 adducta,
1321 1631 1413 1672 coram
1434 1614 1560 1670 omnibus
1579 1615 1626 1685 qui
1648 1617 1774 1681 aderaut,

131 1725 264 1789 daemone,
276 1721 477 1792 integerrimam
491 1717 590 1775 mentis
600 1712 760 1783 etcorporis
774 1712 873 1767 meruit
885 1726 927 1766 re·
941 1704 964 1764 B
977 1716 1076 1781 visana,
1098 1712 1212 1767 Domino
1233 1710 1390 1774 miserante,
1414 1707 1525 1778 recepit.
1545 1707 1609 1762 lnde
1630 1715 1694 1778 post
1719 1708 1777 1764 dies

131 1817 223 1888 cipere
237 1816 391 1870 sanitatem.
416 1811 479 1866 llaec
495 1817 558 1865 sunt
571 1807 702 1863 miracula
715 1814 797 1876 atque
813 1805 928 1858 uirtutes
978 1816 1051 1871 oeto,
1065 1805 1091 1859 id
1100 1811 1152 1868 est,
1164 1811 1261 1872 quarto
1272 1801 1332 1855 idus
1338 1798 1410 1868 julii,
1424 1800 1538 1854 adducta
1550 1806 1592 1855 est
1602 1799 1689 1854 altera
1699 1799 1778 1869 puel·

131 1923 201 1981 quas
213 1907 342 1963 Dominus
356 1912 448 1959 noster
458 1901 537 1957 lesus
546 1899 682 1963 Christus,
695 1911 744 1968 per
754 1895 851 1950 merita
865 1910 928 1949 sau-
978 1897 1004 1952 la
1018 1895 1142 1952 similitor
1156 1910 1239 1960 caca,
1251 1894 1359 1947 nominc
1371 1891 1525 1958 llelmrada,
1537 1891 1571 1946 de
1582 1891 1647 1947 nilla
1661 1892 1774 1963 llagter

132 2009 238 2057 ⁰¹⁰l¹¹¹¹¹
252 2005 401 2067 militium
417 2008 527 2050 ⁸¹¹⁰f¹¹m
542 1990 691 2046 Malceffissi
705 1997 731 2043 ⁰²
745 1987 829 2054 Pelii.
846 1986 873 2041 ln
888 1985 930 2039 vi·
980 1996 1153 2060 nuncupata:
1169 1987 1245 2057 cuijus
1267 1994 1393 2057 parentes
1413 1987 1446 2041 de
1465 2001 1496 2040 ca
1517 1984 1676 2052 retulerunt,
1703 1988 1778 2058 quod

133 2104 167 2148 co
181 2088 366 2151 valentianas,
382 2084 541 2140 adsalutem
554 2081 665 2136 humani
686 2079 802 2152 generis,
821 2077 928 2148 operari
979 2089 1076 2138 octava
1091 2079 1134 2134 die
1150 2086 1293 2148 postquam
1313 2076 1448 2146 baptizata
1468 2076 1528 2143 luit,
1544 2077 1635 2133 subita
1652 2078 1778 2134 caeciraoe

132 2180 259 2253 (libutius
273 2185 315 2234 esi
326 2190 333 2231 ἓ
345 2189 406 2247 (11¹ae
427 2181 591 2228 memmius
609 2170 741 2243 Georgius
756 2169 771 2208 ¹³
787 2167 930 2238 presbyter
979 2185 1107 2244 percussa
1122 2169 1167 2224 sit.
1188 2168 1253 2236 Quae
1267 2175 1294 2222 ct
1308 2167 1365 2237 ipsa
1379 2169 1471 2222 statim
1490 2182 1581 2222 corant
1599 2168 1688 2223 sacris
1701 2183 1776 2224 urar·

130 2271 207 2327 brevi
225 2268 316 2324 libello
335 2266 446 2322 collecta
466 2263 545 2318 nobis
567 2262 675 2316 mittere
697 2258 812 2322 curavit,
834 2266 861 2311 et
880 2270 930 2310 nos
980 2270 1069 2333 tyrum
1087 2259 1224 2315 cineribus
1246 2257 1348 2322 ιιηῃρῃ,
1368 2256 1439 2326 quad
1453 2255 1509 2325 jam
1528 2258 1630 2314 dudum
1644 2261 1776 2330 perdidi„

132 2360 196 2416 lruic
205 2360 279 2430 operi
290 2366 384 2412 nostro
399 2353 554 2410 censuimus
564 2349 716 2406 inserenda.
737 2349 787 2402 llic
796 2354 838 2402 est
847 2345 931 2402 Geor·
980 2351 1094 2407 Dornino
1107 2351 1158 2405 sibi
1169 2349 1309 2413 reddente,
1324 2349 1434 2419 recepit.
1455 2349 1524 2404 Exin
1541 2351 1583 2407 die
1597 2353 1688 2413 tertia,
1706 2355 1777 2425 qnod

132 2451 194 2524 pius
212 2449 367 2513 veneficus,
391 2447 437 2517 (1¹¹i
451 2444 485 2499 ‘¹⁰
505 2443 594 2514 ballii
614 2455 661 2497 ⁸¹¹²
683 2439 716 2494 ³d
739 2440 930 2508 imperatorem
981 2442 1032 2497 luit
1042 2441 1128 2513 pridie
1140 2441 1201 2495 ldus
1216 2437 1291 2505 Julii,
1303 2438 1376 2493 venit
1389 2439 1452 2494 illuc
1464 2439 1552 2509 puella
1565 2442 1702 2511 quaedam,
1716 2457 1776 2521 eur·

133 2541 217 2605 venit,
233 2549 261 2594 et
272 2540 298 2594 in
310 2537 428 2607 Aqueusi
439 2535 540 2606 palatio
550 2547 693 2603 organum,
702 2531 774 2600 quod
784 2528 932 2598 Graeeeby·
981 2546 1026 2596 ra,
1038 2531 1147 2585 nomine
1163 2529 1299 2593 Bildrada,
1313 2528 1418 2583 darilla
1432 2529 1575 2585 boderetio
1592 2532 1617 2596 ⁸,
1634 2546 1696 2601 quae
1713 2548 1776 2604 per-

133 2631 255 2687 dfflflllffl
270 2639 391 2694 V⁰⁶³U¹l2
408 2626 522 2682 mitifici
536 2633 595 2680 ³¹²⁰
605 2622 766 2693 mummuli·
794 2609 798 2617 ⁵
982 2623 1050 2678 tinet
1061 2623 1094 2677 ad
1107 2621 1300 2676 monasterium
1313 2619 1342 2674 S.
1357 2618 1475 2676 l'cdasti.
1496 2620 1561 2687 Qum
1571 2636 1634 2675 cum
1644 2631 1777 2678 anteme-

429 2737 543 2794 CAPUT
562 2735 630 2791 tuq,
982 2719 1101 2768 moratas
1116 2719 1269 2765 sanctorum
1286 2709 1424 2780 reliquias,
1436 2725 1486 2780 pro
1500 2712 1669 2768 restitutione
1681 2712 1779 2769 salutis

134 2829 267 2886 llirurula
278 2828 408 2894 Gurrdaui,
423 2829 451 2882 in
463 2826 622 2882 monasterio
638 2823 666 2880 S.
683 2823 808 2888 Bouaria,
822 2823 857 2878 ud
871 2821 932 2876 relr'·
982 2815 1048 2867 Μ’
1065 2800 1208 2857 D⁰ffli¹¹¹¹¹¹¹
1223 2799 1361 2854 Chrismm
1380 2801 1537 2869 θῑΨΡΙῙῦῙῑΕΓ
1552 2801 1719 2869 ῙΜθθῑὶἳθῑ,
1733 2818 1780 2860 0⁰·

170 2902 247 2972 qur'ar
274 2901 368 2954 boram
392 2893 673 2954 sauctorum-Cerci
696 2906 753 2950 neto
777 2893 930 2948 illuminati.
983 2907 1043 2947 ram
1061 2890 1185 2945 onrrribus
1201 2889 1246 2958 qui
1266 2890 1378 2944 aderaut
1402 2900 1493 2945 erecta
1515 2898 1567 2957 est,
1589 2899 1618 2947 et
1640 2894 1779 2966 integrum

172 2971 225 3024 ΛΜ
237 2971 300 3041 (Ψί
315 2969 412 3039 ΜΜ·
983 2982 1106 3054 eorporis
1120 2981 1161 3036 sui
1180 2989 1278 3036 statum
1298 2980 1325 3035 in
1347 2991 1483 3037 momento
1504 2985 1633 3054 temporis
1653 2986 1780 3056 recipere

170 3080 215 3135 ld.
236 3079 311 3135 Alter
323 3078 430 3135 libellus
446 3078 511 3134 milri
523 3077 630 3134 oblatus
649 3083 690 3132 est
709 3075 743 3132 de
763 3074 930 3130 monasterio
944 3058 967 3120 C
983 3077 1092 3132 meruit.

135 3171 223 3227 saneti
240 3169 367 3234 Batonis,
384 3169 455 3238 quod
469 3169 550 3223 situm
563 3176 605 3223 est
622 3164 696 3236 j'uxta
714 3165 832 3222 Scaldim
848 3167 875 3220 in
889 3166 930 3221 lo·
1017 3165 1061 3218 77.
1080 3164 1177 3218 Postea
1192 3177 1266 3227 vern,
1289 3162 1449 3218 duodecimo
1464 3163 1507 3218 die
1532 3163 1718 3220 Kalendarum
1731 3181 1780 3220 au·

135 3277 168 3318 co
181 3260 275 3320 Gauda
286 3266 393 3325 uocato,
410 3258 454 3312 ubi
469 3257 539 3312 idem
550 3257 638 3313 amnis
652 3256 740 3328 legia
750 3255 853 3311 {lumini
866 3269 931 3312 eoa·
982 3264 1137 3329 gestarum,
1153 3254 1254 3310 semina
1272 3256 1406 3325 quaedam,
1429 3257 1538 3312 nomine
1552 3256 1665 3325 Eddela,
1681 3257 1780 3313 ancilla

172 3453 185 3481 ⁸
202 3437 346 3495 Gauliccns
364 3439 453 3493 adbuc
468 3438 560 3494 nescio
575 3437 698 3494 invenire
711 3438 785 3494 cirea
799 3437 931 3495 valence·
981 3435 1079 3492 seculo
1092 3450 1130 3489 xa
1141 3431 1262 3499 Farnas3
1279 3432 1355 3487 alteri
1369 3433 1575 3504 conjectandum
1586 3434 1724 3506 relinquo,
1736 3437 1780 3492 do

136 3526 197 3568 nas.
980 3520 1032 3561 nec
1046 3506 1147 3574 aliquid
1159 3505 1287 3573 proprius
1299 3505 1348 3558 bae
1361 3504 1496 3559 rescribite
1510 3506 1672 3560 inueniatur.

122 3634 131 3643 ,
172 3581 233 3635 bln
247 3579 399 3635 Annalibus
411 3579 578 3634 Francorum
590 3578 742 3633 Pithoeanis
756 3579 790 3634 ad
804 3579 932 3635 ann.826
1020 3575 1236 3631 ‘videturesse
1249 3574 1408 3629 hodiernum
1421 3575 1779 3637 dlurlreiea,interCortra·

136 3650 181 3706 illa
204 3652 352 3723 leguntur:
380 3649 541 3719 «Georgius
553 3649 663 3718 quidam
674 3651 821 3728 presbyter
835 3650 868 3706 de
880 3650 931 3705 l'e-
982 3661 1043 3702 cunr
1067 3644 1267 3700 etGandarunr
1288 3645 1331 3699 ria
1356 3644 1413 3700 lere
1438 3646 1535 3699 media.
1564 3645 1677 3702 Relicta
1703 3650 1778 3704 luere

135 3721 220 3785 aetia,
244 3735 306 3776 curu
330 3719 454 3775 baldrico
479 3720 578 3774 comite
602 3718 786 3787 Foroiuliense
808 3720 931 3786 ueniens,
982 3717 1079 3772 borum
1094 3723 1250 3770 sanctorum
1267 3715 1387 3785 reliquiar
1403 3715 1429 3768 in
1445 3716 1515 3770 dicto
1541 3715 1570 3771 S.
1585 3715 1706 3773 baronis
1721 3735 1778 3774 nro·

134 3804 271 3861 organum
291 3789 479 3860 hydraulicum
494 3789 658 3859 aquisgrani
677 3788 749 3844 lecit.
770 3810 779 3841 r
798 3789 857 3856 Quo
870 3806 933 3860 per·
982 3787 1101 3841 nastcrio
1126 3800 1211 3855 usque
1233 3784 1267 3837 ad
1290 3800 1390 3838 aurnum
1410 3785 1491 3848 lead,
1508 3788 1616 3854 quando
1630 3787 1777 3844 balduinus

136 3860 207 3914 lecto
221 3860 311 3915 tractus
324 3867 366 3914 est
380 3871 470 3915 rector
486 3859 645 3914 monasterii
662 3859 690 3914 S.
701 3860 801 3927 Salvii3
818 3869 847 3914 et
861 3876 933 3915 anno
983 3857 1143 3920 Montensis,
1157 3870 1248 3909 ccrrnes
1262 3854 1395 3910 Flandria
1419 3862 1446 3908 et
1461 3856 1619 3921 llannoniar,
1644 3859 1672 3914 iu
1686 3875 1776 3914 canno

136 3930 188 3986 eal
202 3931 320 3985 obtinuit
334 3929 462 3999 reliquias
474 3930 572 3986 dictas.
982 3928 1027 3983 bio
1042 3925 1220 3981 llasuoniensi
1237 3926 1270 3978 ad
1283 3925 1414 3996 Scarpum
1429 3926 1549 3991 llnrium,
1564 3927 1651 3982 tribus
1664 3930 1700 3984 ab
1713 3931 1777 3985 urle

174 3999 297 4054 cllorum
311 3998 425 4054 tratrem
438 4000 494 4055 sire
505 4001 699 4055 monachorum
711 4000 837 4055 abbatem
849 3997 933 4055 luisse
983 3995 1180 4052 Valeuecuensi
1199 3995 1283 4050 leucis
1297 4012 1345 4078 pro
1361 3995 1500 4051 canonicis
1518 3996 1695 4053 saecularibus
1721 4014 1777 4055 mo

138 4069 325 4140 Egiubardum
345 4069 379 4122 ab
392 4082 462 4122 anuo
477 4068 539 4133 826,
556 4071 651 4125 scribit
665 4069 788 4139 llcycrus
804 4072 830 4123 in
846 4085 932 4124 arrrra-
983 4068 1086 4122 uacbos
1100 4064 1290 4120 Benedictinos
1302 4066 1460 4129 introduxit,
1481 4069 1575 4137 cisque
1589 4068 1719 4138 templum
1736 4084 1777 4125 re·

136 4139 209 4193 libas
224 4138 374 4201 l¹landriae;
393 4139 494 4192 addens
512 4140 583 4208 qaod
596 4141 630 4205 is,
646 4159 656 4191 r
673 4140 802 4195 sacerdos
816 4139 933 4195 Caesaris
983 4139 1100 4208 pararit.
1117 4137 1156 4190 ad
1169 4137 1240 4205 quod
1257 4137 1364 4189 curauit
1380 4136 1517 4191 transferri
1537 4154 1569 4190 en
1584 4137 1656 4192 dicta
1682 4138 1711 4195 S.
1724 4139 1775 4193 lla·

138 4207 276 4270 Ludovici,
297 4206 460 4268 ooeuobium,
487 4207 613 4264 incendio
637 4212 828 4274 deformatum,
856 4210 932 4264 resti
985 4209 1062 4264 vonis
1074 4207 1189 4261 ecclesia
1205 4205 1332 4276 reliquias
1346 4207 1374 4260 S.
1385 4206 1534 4262 llareellini
1547 4216 1575 4262 et
1588 4208 1673 4272 Petri,
1689 4224 1777 4280 capse

138 4276 236 4341 tuerit,
260 4291 397 4345 vagosque
422 4278 569 4333 monachos
592 4281 619 4334 iu
642 4296 726 4335 riuum
752 4280 900 4334 reduxerit.
920 4300 929 4333 r
984 4278 1115 4333 inaurata
1135 4276 1286 4399 inpositas,
1302 4278 1454 4362 etpcmrnis
1471 4278 1597 4347 pretiosis
1619 4289 1774 4343 exornatas,

138 4342 221 4399 llisce
233 4343 308 4399 addit
321 4343 468 4411 sanderus,
484 4345 530 4400 lib.
547 4364 574 4401 ru
585 4350 685 4403 ilerum
699 4348 929 4409 (laudunensium,
984 4357 1014 4402 ut
1032 4347 1153 4401 reserant
1188 4345 1449 4401 nillcluursbazctus
1469 4347 1628 4403 inllistoria
1647 4348 1777 4405 eeclesia·

137 4428 198 4498 rap.
218 4415 245 4481 4,
260 4428 323 4496 eum
341 4432 350 4466 r
365 4416 525 4484 impetrasse
542 4416 701 4474 aladovico
716 4421 781 4488 imp.
798 4418 932 4489 approba·
945 4404 971 4464 D
984 4418 1052 4473 stica
1065 4418 1160 4487 llelgii,
1176 4416 1203 4469 in
1214 4416 1351 4471 lietberto
1364 4417 1491 4486 episcopo
1505 4419 1644 4488 trigesimo
1658 4421 1777 4474 meando

137 4494 241 4541 taonem
256 4485 457 4556 prrvrleqiorum
472 4489 587 4542 eoenobii
602 4488 931 4559 Gaudensisetaliapri-
983 4487 1172 4543 Caureraeensi
1207 4495 1235 4541 et
1255 4486 1445 4551 dtr-elsatam,
1502 4505 1527 4557 q.
1548 4489 1615 4553 ίῢὶς
1643 4489 1777 4545 benacus

138 4555 235 4628 vilepia
253 4571 336 4622 uoua;
357 4577 367 4610 r
395 4573 454 4627 qua.¹
481 4559 585 4613 utinam
611 4568 761 4620 exstarent.
777 4559 812 4614 ad
831 4558 931 4615 contir-
982 4558 1200 4612 boutremanuus
1225 4557 1294 4611 libr
1316 4557 1440 4611 llistoriac
1459 4504 1698 4623 &lencennensia
1714 4575 1775 4631 cap.

138 4624 265 4681 arandam
289 4625 461 4682 collationem
485 4627 565 4697 hujus
588 4630 703 4685 abbatia
718 4628 873 4698 Eginbardo
890 4627 932 4681 la·
982 4627 1009 4693 8,
1032 4627 1144 4681 boerias
1167 4637 1195 4680 et
1218 4627 1273 4680 alii.
1300 4626 1338 4679 bc
1361 4627 1435 4681 bisce
1453 4627 1573 4697 reliquiis
1595 4629 1647 4682 ista
1663 4630 1777 4685 adnotat

137 4704 220 4751 aaran
237 4695 315 4761 Quod
330 4705 419 4750 atatem
435 4708 574 4753 asseratur
588 4715 650 4753 euru
664 4698 806 4766 scripsisse
827 4698 854 4751 iu
869 4698 930 4753 Vita
982 4697 1099 4751 llazzius
1124 4697 1150 4751 in
1166 4696 1442 4768 llieropazopbylacio
1457 4697 1583 4768 Belgica:
1600 4717 1610 4749 r
1628 4699 1706 4765 erod
1721 4698 1777 4755 llo·

137 4765 228 4822 Caroli
259 4766 356 4835 llagui,
387 4767 480 4820 ambos
509 4767 678 4834 l'rmqueutius
710 4766 791 4820 simul
808 4765 930 4822 Gandari
981 4766 1060 4822 lanus
1083 4768 1190 4831 asserit,
1220 4768 1458 4822 ienrromaclrorum
1485 4770 1560 4822 rabie
1587 4770 1720 4823 teretrum
1743 4784 1777 4825 ae

138 4834 232 4902 luisse,
252 4852 306 4890 uon
327 4836 442 4889 babetur
465 4836 493 4890 iu
513 4837 682 4906 imitabile,
698 4836 819 4890 addiem
835 4836 930 4891 asta·
982 4839 1073 4893 omnia
1095 4853 1163 4906 pene
1185 4853 1278 4891 corum
1301 4852 1379 4890 sacca
1401 4853 1463 4893 ossa
1489 4838 1631 4893 devastata
1653 4853 1727 4904 ease,
1741 4856 1776 4895 ex

138 4905 227 4961 nuarii
250 4921 266 4958 a
289 4903 367 4958 nobis
389 4903 534 4958 illustrata.
562 4904 616 4959 Sed
639 4920 711 4960 antro
732 4905 785 4959 826
804 4921 833 4960 se
848 4906 931 4963 luisse
982 4906 1050 4960 salsa
1085 4908 1236 4974 aliquorum
1263 4905 1393 4960 relatione
1420 4907 1560 4977 scripsisse
1587 4917 1710 4965 autumo.
1737 4909 1776 4969 Ea

137 4973 260 5029 Gaudavi
284 4973 311 5026 iu
327 4974 494 5028 monasterio
517 4973 546 5029 S.
561 4975 677 5030 bavonis
701 4975 795 5030 scribit
817 4977 931 5047 ipsemet
981 4978 1053 5030 enim
1068 4977 1174 5046 piorum
1187 4975 1365 5047 quorumdam
1380 4976 1519 5031 bominum
1535 4979 1624 5034 studio
1637 4978 1778 5035 Valentia·

138 5060 222 5115 supra
239 5059 317 5126 arum.
330 5042 356 5096 4.
381 5043 443 5125 Fuit
464 5043 565 5128 Lupus,
591 5047 650 5116 eius
673 5045 825 5107 familiaris,
847 5046 931 5101 abbas
982 5047 1025 5101 nis
1039 5045 1184 5110 oecnltata,
1209 5044 1341 5113 hodieque
1365 5047 1438 5100 salva
1454 5048 1655 5104 llasuouienses
1677 5058 1778 5105 ascetae

138 5113 158 5168 F
161 5128 364 5194 erramensrsau
379 5114 488 5169 droeeesi
502 5116 650 5170 Senonensi
663 5123 690 5170 et
704 5115 784 5169 simul
799 5115 931 5170 Sludoci
981 5117 1026 5185 pie
1041 5117 1067 5170 in
1083 5117 1262 5185 pulcherrima
1278 5131 1310 5169 ac
1319 5117 1514 5182 pretiosissima
1531 5133 1597 5173 auro
1608 5129 1703 5190 argent
1743 5135 1779 5175 ue

139 5198 221 5253 super
235 5199 311 5239 mare
327 5200 355 5239 rn
370 5183 493 5240 Pontico.
524 5185 564 5239 lta
588 5186 675 5253 potuit
699 5184 777 5239 simul
803 5185 931 5240 babuisse
981 5187 1167 5255 caelatoeapsa
1181 5192 1411 5250 comanonstrant;
1432 5188 1546 5257 quodcx
1562 5188 1678 5243 solemni
1693 5192 1719 5245 in
1750 5206 1779 5244 r·

139 5252 310 5333 Epiphanius
327 5253 446 5324 aliquam
464 5270 557 5310 euram
578 5254 736 5310 monasterii
758 5254 787 5308 S.
800 5254 928 5321 daronis,
982 5257 1113 5320 nuatione,
1129 5258 1200 5311 l'aeta
1213 5265 1240 5311 et
1253 5255 1373 5309 exhibita
1386 5257 1494 5312 domino
1511 5256 1627 5329 Georgia
1640 5257 1777 5316 Colveae·

139 5321 344 5379 lrcetbubitaret
354 5325 431 5379 llelin
449 5325 680 5380 estadii.-lderu
690 5324 850 5394 epistolall
863 5326 932 5394 petit
983 5327 1033 5389 rio,
1060 5327 1243 5380 univcrsitatis
1267 5325 1415 5380 Drraeeasis
1439 5327 1601 5383 cancellario
1627 5344 1659 5384 ac
1689 5344 1779 5387 merse

140 5405 260 5472 censum,
276 5393 327 5449 sibi
341 5394 412 5465 apud
432 5339 466 5451 8S.
480 5395 615 5452 Batonem
638 5403 667 5451 et
680 5397 707 5450 iu
722 5393 864 5450 blandinio
882 5395 930 5450 de·
982 5397 1125 5477 theologia
1138 5397 1251 5460 doctori,
1267 5409 1371 5449 necnon
1386 5397 1524 5452 ordinario
1535 5397 1693 5468 professori,
1707 5399 1779 5455 milri

141 5460 238 5516 betuna.
982 5467 1132 5520 certissime
1148 5473 1264 5520 constat.
1285 5485 1294 5516 r
1311 5463 1374 5517 llaec
1388 5467 1434 5519 ibi.

175 5529 188 5567 l
204 5530 404 5612 llareaecurate
420 5537 621 5591 convenientia
634 5535 736 5592 dictem
750 5550 851 5590 anuum
865 5534 930 5600 828,
1020 5536 1166 5592 ⁸liedereti
1188 5535 1330 5605 vestigium
1352 5536 1454 5593 nullum
1478 5547 1533 5594 tota
1546 5539 1674 5596 Flaudria
1696 5541 1778 5599 iure·

141 5598 217 5667 cyclo
232 5600 295 5654 subs
307 5602 352 5665 25,
370 5603 468 5658 litteris
480 5605 692 5660 Dominiealibus
711 5605 741 5658 Ε.
758 5605 790 5659 b.
982 5608 1038 5664 nio.

179 5667 245 5722 rdu
265 5669 424 5725 l'urrenamt
445 5676 617 5731 contractiori
638 5675 747 5733 nomine
772 5676 872 5731 dictum
895 5674 931 5728 sit
