3832 6120
134 274 196 335 5ῠῖ
510 267 707 325 destitues
727 268 769 323 bb
790 265 956 323 tets's'tds'r]
975 263 1184 322 llhllCliLLlNl
1203 262 1248 319 Er
1266 261 1377 318 estut.
1720 258 1777 319 aad

138 392 209 446 Νηιυ
228 393 275 446 bai
293 384 454 457 quaterdeni
469 384 528 440 dies
545 383 645 439 evoluti
661 396 735 443 stunt,
945 383 968 441 A
982 380 1061 435 Orrrni
1076 381 1149 435 rictu
1167 379 1297 436 abstineri
1316 374 1674 448 Christijubenslamulnre,

131 483 189 538 l'er
203 495 273 549 ques
289 476 376 532 sancti
390 491 467 530 norae
481 476 570 545 gentis
589 475 727 528 nationem
745 475 873 528 roborant
984 473 1029 535 Ut,
1046 473 1088 526 bis
1099 472 1187 541 prauis
1201 477 1342 530 enecatus,
1360 468 1485 523 interiret
1498 482 1621 538 propere,
1675 490 1681 500 ·
1757 456 1763 465 '

135 571 182 631 llt,
199 576 225 624 tn
241 569 351 625 Christo
360 574 562 635 permanentes
578 573 721 619 creaturas
730 563 822 618 colere
982 562 1031 617 Coi
1047 561 1127 615 tidem
1140 568 1304 630 extorquere
1315 575 1343 613 sc
1357 574 1408 613 noa
1420 573 1501 628 posse
1513 559 1629 613 rideret.
1787 618 1790 623 ¹

124 642 337 723 '‘tt'otineriaam
352 670 442 725 neque
452 657 533 711 istam
543 656 618 709 velut
632 656 721 724 inagni
734 654 874 724 quippiam
1017 653 1044 707 9.
1061 651 1130 707 ‘lum
1146 653 1243 707 deinde
1256 651 1367 706 l‘etruru
1378 650 1484 716 ridens,
1499 649 1597 704 talibus
1607 647 1775 718 alloquitur:

133 753 343 823 Amplectamur
358 765 365 813 ;
381 748 465 803 immo
481 747 565 802 reliut
577 757 687 817 propter
702 740 789 814 ip'sum
805 745 929 816 perdere.
986 762 995 794 r
1011 742 1088 808 Nolo,
1099 743 1195 813 inquit,
1212 741 1363 804 arbitreris,
1381 741 1477 795 iterum
1493 739 1586 797 cetrleo

171 847 197 900 ¹1.
216 844 263 898 ilis
276 841 391 904 exactis,
403 841 481 894 adest
498 840 560 894 sreri
575 841 675 893 artissus
686 837 764 892 lictor
776 837 890 906 judicis,
984 833 1022 888 Tc
1039 832 1233 903 torquendum,
1249 830 1291 885 rei
1307 828 1574 902 ignitisesurrudunr
1587 825 1692 882 lueriis.

132 934 238 990 lubens
248 945 344 988 omnes
356 929 403 999 qui
416 928 531 985 luissent
547 935 617 982 tetro
629 927 714 981 clausi
730 940 852 987 carcere,
984 922 1069 977 immo
1080 922 1166 986 noris,
1179 920 1251 991 quod
1267 920 1415 977 nectendus
1427 918 1505 976 notlis
1518 918 1687 981 tortioribus,

134 1025 366 1092 Adconspeetum
378 1010 458 1074 noete
468 1018 557 1088 prima
567 1017 664 1073 arbitri
680 1017 819 1071 assistere.
986 1014 1132 1086 stipitique
1147 1014 1296 1084 applicatos
1312 1013 1372 1068 luce
1386 1007 1473 1068 stabis
1489 1013 1620 1077 crastina,

134 1114 214 1182 Quod
228 1111 365 1181 extemplo
378 1125 442 1166 eum
452 1109 574 1164 aedisset
586 1110 738 1164 atrieustos
751 1109 880 1172 carceris,
985 1105 1024 1160 dc
1044 1103 1163 1159 serarum
1175 1103 1275 1157 laniatu
1287 1103 1370 1156 uitam
1385 1101 1461 1156 brevi
1479 1101 1566 1156 hales.
1588 1123 1597 1153 r

133 1205 248 1260 Blandis
260 1204 377 1264 vinctos,
389 1200 436 1270 qui
449 1199 574 1265 aderant,
588 1199 701 1254 rocibus
712 1199 869 1268 alloquitur,
987 1194 1054 1249 Tum
1070 1195 1167 1249 boatus
1180 1192 1369 1263 respondendo
1381 1192 1482 1248 Petrus
1493 1190 1556 1247 lorti
1566 1201 1688 1263 pectore,

134 1295 211 1351 irent
225 1292 327 1355 cuncti,
340 1305 451 1361 quoquo
464 1273 571 1343 tersum
589 1288 670 1342 rellet
682 1289 797 1359 quisque
809 1304 933 1359 pergere.
986 1285 1057 1340 lrarn
1071 1284 1164 1339 rolens
1178 1284 1346 1339 contumacis
1360 1283 1618 1355 eorrcitarcjudicis,

136 1406 148 1433 ι
164 1384 216 1451 Qui
230 1383 264 1437 ad
278 1380 406 1451 palmam,
422 1378 521 1447 inquit,
535 1378 613 1449 regni
627 1379 770 1448 pertenire
788 1378 897 1448 cogitat,
986 1376 1045 1432 Tali
1060 1391 1126 1432 roee
1140 1377 1295 1431 saevientem
1310 1385 1441 1446 prouocat
1456 1376 1609 1431 insaniam:

135 1473 184 1528 lile
194 1485 300 1526 mecum
313 1470 347 1524 ad
358 1467 454 1522 Sereni
464 1466 565 1534 judicis
576 1469 762 1538 presentiam,
992 1488 1001 1519 ι
1016 1467 1085 1522 Cum
1100 1466 1220 1523 Serenus
1235 1469 1376 1533 vociteris,
1393 1469 1477 1524 miror
1492 1468 1670 1533 validissime,

136 1565 239 1617 l‘renas
250 1560 287 1614 ibi
298 1558 448 1623 subiturus,
460 1571 574 1627 pergere
586 1572 641 1613 non
652 1557 759 1613 haesitet
773 1569 799 1609 ⁸.
989 1558 1044 1613 Cur
1058 1566 1113 1612 tarn
1128 1545 1318 1612 tetro'rultum
1333 1573 1412 1628 geras
1426 1555 1598 1613 olrluscatum
1611 1555 1703 1612 nubilo

138 1658 170 1712 Si
183 1657 244 1726 quis
255 1653 450 1710 reronondum
470 1651 553 1705 ritem
572 1650 736 1707 mundialem
752 1665 881 1721 spernere
991 1647 1027 1702 lit
1041 1662 1196 1702 mensumm
1214 1647 1356 1716 perriderc
1370 1648 1508 1719 propriam
1524 1664 1577 1702 non
1592 1647 1693 1703 valeas.

141 1747 232 1812 llalct,
242 1754 323 1815 atque
338 1751 534 1799 tormentorum
549 1750 591 1798 cst
605 1756 706 1812 pavore
718 1742 839 1807 territus,
951 1735 974 1793 b
988 1744 1055 1798 Esse
1068 1757 1185 1813 natasque
1199 1750 1225 1797 te
1239 1743 1382 1798 mortalem
1399 1742 1518 1796 unircrsi
1533 1741 1672 1806 rrorimus;

140 1837 282 1901 Eatliber‚
297 1851 351 1906 quo
363 1834 490 1889 uoluntas
500 1832 574 1888 illum
591 1849 641 1888 sna
653 1832 754 1889 tulerit.
775 1852 784 1885 r
986 1835 1021 1889 Et
1038 1843 1075 1898 tu,
1097 1833 1171 1887 relat
1183 1834 1313 1903 quiddam
1325 1833 1490 1904 magneuria
1503 1840 1528 1888 te
1542 1834 1635 1903 rigens
1646 1841 1771 1900 maneat,¹

141 1930 214 1985 Eece
225 1936 313 1982 autem
321 1913 416 1995 thdex,
431 1924 520 1994 primo
533 1924 621 1979 uectis
635 1922 782 1996 gallicinio,
986 1925 1110 1983 Grandes
1121 1941 1215 1996 poenas
1231 1925 1408 1981 comminaris
1422 1925 1577 1981 Christiano
1592 1925 1709 1996 populo;

142 2022 238 2093 Surgit
248 2020 321 2091 vigil,
336 2035 368 2074 ae
380 2017 480 2073 lureoti
492 2031 559 2072 rece
573 2015 652 2085 jubet
664 2016 760 2070 noxios
987 2016 1075 2073 Stulta
1088 2017 1169 2072 nimis
1181 2033 1212 2072 ac
1224 2015 1309 2073 leroci
1322 2016 1593 2081 coaddeusaudaeia,

143 2113 209 2167 Sais
227 2127 322 2166 ornnes
332 2109 457 2178 alligatos
467 2107 591 2162 exliiberi
604 2106 717 2161 risibus.
887 2137 895 2151 ·
987 2109 1171 2164 immortalem
1185 2108 1287 2165 Christi
1300 2108 1390 2172 fidem,
1410 2108 1445 2163 de
1457 2108 1615 2164 credentum
1629 2107 1783 2172 cordibus,

142 2201 213 2256 iluie
225 2208 324 2270 pioeSiO
339 2197 475 2253 tenebrosi
491 2204 584 2251 eustos
597 2203 691 2250 astatis
703 2195 823 2248 carceris
839 2213 845 2247 Ξ
987 2203 1135 2258 Exturbayi
1150 2217 1270 2271 unquam
1289 2217 1369 2271 posse
1382 2200 1471 2271 poenis
1489 2199 1685 2270 temporalibus

145 2311 158 2343 ¹
173 2292 281 2355 Pelius,
294 2291 342 2356 ali,
355 2288 503 2352 θϊθΐθῑὸῑθ,
522 2301 602 2355 (luem
614 2284 704 2355 puniti
714 2284 849 2354 iusseras,
990 2291 1164 2347 Sacerdotem
1179 2291 1288 2361 quidem
1309 2289 1429 2354 Christi,
1449 2305 1532 2358 quem
1545 2304 1642 2360 rogare
1656 2298 1785 2358 poteras,

143 2383 197 2438 l‘er
208 2384 339 2437 uirtutem
353 2379 395 2434 sui
407 2377 510 2432 Christi
520 2383 635 2431 cunctos
649 2373 754 2428 vinctos
765 2373 902 2437 soluerat,
991 2381 1026 2435 [tr
1037 2395 1087 2450 pro
1100 2381 1154 2435 tuis
1166 2390 1292 2435 exoraret
1309 2379 1434 2449 plantanis
1447 2379 1604 2434 excessibus
1617 2421 1625 2443 ‚

141 2475 178 2528 Ει
199 2468 464 2533 (ηιοῃῑεηὺεοίυῑοε,
481 2464 611 2534 irey'ossit
622 2464 732 2521 liberos.
990 2470 1091 2541 Pugnis
1110 2486 1209 2525 casam
1223 2479 1304 2540 atque
1320 2472 1440 2526 rinetam
1453 2472 1613 2541 mancipasti
1634 2472 1749 2527 carceri.

142 2567 206 2636 lpse
217 2573 319 2629 tamen,
335 2559 518 2615 llarcellinem
533 2557 676 2626 quemdam
692 2555 922 2618 sccumrctiucns,
992 2560 1030 2614 De
1042 2575 1096 2629 quo
1108 2569 1198 2614 taurea
1213 2560 1284 2615 tristi
1301 2560 1384 2625 sacto,
1398 2575 1463 2615 uero
1476 2560 1553 2616 laetus
1569 2562 1677 2633 gaudio,

143 2655 174 2710 ln
190 2671 243 2724 qua
255 2653 339 2709 semel
354 2651 456 2707 missus
467 2659 528 2705 crat
537 2657 684 2722 pernrauct
695 2647 827 2703 custodia.
847 2666 856 2699 r
993 2650 1104 2721 ilagnus
1115 2649 1160 2705 ille
1173 2658 1279 2720 martyr
1291 2648 1393 2723 Christi
1406 2651 1486 2707 modo
1499 2651 1566 2706 nihil
1582 2653 1720 2722 queritur;

139 2745 209 2801 llaec
224 2746 360 2800 dicentem
374 2743 536 2799 furibundus
551 2743 666 2812 imperat
679 2741 797 2795 sicarios
993 2740 1077 2796 lrrtmo
1091 2755 1181 2795 rerum
1193 2740 1327 2796 conditori
1342 2742 1439 2814 dignas
1456 2740 1538 2798 refert
1552 2745 1664 2814 gratias.
1685 2764 1693 2794 a

143 2835 258 2894 Plurnbo
274 2850 385 2898 caesum,
400 2841 481 2902 atque
495 2833 624 2892 rinctmn.
639 2832 757 2886 carceris
768 2830 938 2885 drtbemiuru
993 2830 1040 2885 llis
1056 2830 1166 2895 auditis,
1186 2828 1313 2886 clleratus
1330 2840 1526 2888 tormentorum
1540 2834 1652 2897 arbiter,

143 2926 173 2985 le
186 2928 331 2984 obscuram
342 2934 424 2994 atque
437 2933 546 2978 arctam
562 2923 645 2992 recipi
660 2923 822 2978 custodiam.
992 2921 1103 2976 l‘etrum
1116 2922 1194 2992 y'nbct
1208 2930 1366 2977 catenarum
1381 2926 1612 2994 eontprcbensnur
1625 2928 1743 2997 prouidere

180 3019 207 3073 8.
224 3017 415 3072 Sanctosrero
427 3013 702 3082 llareelliuumabyue
715 3011 825 3067 Petrum
840 3019 941 3081 marty·
993 3011 1152 3078 oneratum,
1167 3013 1195 3066 in
1207 3014 1350 3068 obscuram
1364 3015 1446 3085 recipi
1461 3017 1613 3071 custodiam
1628 3035 1633 3068 :

836 3101 900 3173 ires,
992 3104 1065 3159 litia
1081 3104 1159 3173 cippo
1173 3103 1333 3159 furibundus
1346 3106 1468 3175 praecipit
1480 3107 1644 3171 arctissimo,

140 3201 328 3268 Quaestionem
340 3196 483 3251 habiturus
496 3195 530 3249 de
545 3194 653 3248 illoruun
664 3193 782 3256 actibus,
994 3195 1103 3250 Plantas
1115 3195 1288 3266 simulatque
1301 3212 1379 3252 crura
1398 3199 1510 3269 pretiosi
1524 3201 1663 3272 martyris,
1745 3252 1751 3263 ,

145 3288 289 3357 Suojnffaet
299 3301 386 3342 sarus
396 3285 480 3356 judex
499 3282 627 3339 tribunati
642 3282 780 3337 assistere.
995 3287 1032 3344 Ne
1050 3288 1126 3343 abire
1138 3289 1308 3357 prevaleret,
1320 3289 1482 3346 includendo
1493 3292 1645 3362 comprimi.

148 3381 222 3447 Ques
235 3388 263 3433 ut
278 3377 362 3433 torris
376 3391 467 3431 cerain
482 3382 587 3430 stantes
598 3373 771 3444 conspicatur
786 3373 916 3437 uultibus,
1029 3381 1073 3435 ιθ,
1090 3380 1144 3437 sed
1164 3397 1226 3437 cum
1239 3392 1330 3437 essem
1348 3383 1400 3438 5510
1415 3383 1495 3439 modo
1509 3386 1626 3454 gepfflq
1644 3394 1805 3454 marm-esp

145 3471 260 3526 bandis
271 3469 359 3541 prime
370 3467 573 3538 compellandos
585 3467 734 3522 arbitratus
747 3466 867 3529 uocibus,
992 3473 1071 3529 00150
1083 3475 1182 3529 missus
1197 3473 1322 3528 eisarnam
1337 3473 1398 3529 coeq
1419 3475 1492 3531 venir
1506 3475 1634 3537 culmine,

149 3561 184 3615 Ut
194 3575 288 3616 eorum
301 3557 611 3629 permutaretmentium
625 3556 793 3628 propositum
808 3571 815 3608 t
993 3565 1033 3618 dd
1045 3565 1152 3619 beatum
1168 3564 1269 3620 Christi
1280 3573 1376 3620 testem
1390 3565 1593 3628 corisolandnto‚
1609 3566 1732 3633 angelus.

149 3672 160 3703 ¹
176 3652 272 3716 Poessat
284 3650 362 3714 dixit,
378 3664 427 3704 i'0S
437 3647 543 3702 ffll¹¹⁰l⁸
552 3646 632 3716 llessli
644 3661 724 3715 905⁵ss
738 3645 870 3707 dicerem,
993 3655 1044 3722 Qui
1056 3655 1119 3711 dum
1129 3667 1252 3712 sanctum
1267 3656 1418 3712 invenisset
1431 3658 1502 3712 ritro
1522 3657 1720 3726 superpositum

148 3744 204 3826 hisi
219 3750 331 3798 ctrrrctos
346 3742 520 3806 criminosos,
535 3734 581 3810 qui
596 3739 734 3795 uobiscum
748 3740 866 3794 carceris
999 3746 1197 3812 Mamertinum,
1212 3748 1271 3803 sine
1283 3755 1359 3802 vesco
1376 3748 1448 3803 nudo
1464 3749 1582 3804 sincrum
1598 3755 1722 3816 comme,

145 3837 235 3892 Austro
250 3836 334 3892 clausi
349 3836 522 3900 tenebantur,
534 3832 659 3905 effugisse
667 3848 821 3898 cernerem,
994 3836 1104 3893 Christo
1118 3838 1173 3892 Deo
1183 3838 1394 3909 supplicantem,
1406 3839 1477 3894 sient
1489 3847 1547 3894 erat
1559 3839 1667 3903 solitus,

147 3927 182 3981 Et
195 3928 249 3981 bec
263 3926 363 3980 lactum
381 3934 474 3981 restro
488 3940 597 3980 nossem
612 3922 767 3979 Christiano
780 3924 917 3994 dogmate,
996 3923 1084 3981 Solvit
1097 3926 1198 3991 statim,
1211 3933 1238 3981 et
1248 3935 1373 3997 opertum
1384 3925 1550 3982 indumentis
1562 3928 1690 3999 propriis,

147 4019 203 4074 Per
215 4018 288 4088 qnod
301 4017 371 4073 niale
386 4019 549 4073 miserorum
562 4017 699 4073 mentibus
709 4016 822 4072 illuditis
996 4014 1205 4084 Quoquorersus
1218 4015 1415 4085 praecedentem
1433 4032 1462 4072 se
1477 4019 1642 4086 sequendum
1665 4019 1800 4089 imperat,

148 4109 821 4180 mmmmmfflmmmfflmmmm
996 4103 1639 4175 Ewwwmmmmfflmmmmt

143 4201 197 4256 Cei
211 4216 327 4271 magnus
340 4199 442 4263 Christi
453 4208 557 4271 martyr
571 4198 742 4253 Marcellinus
755 4198 907 4268 presbyter,
995 4196 1116 4266 Cumque
1130 4206 1203 4252 esset
1214 4195 1259 4252 illo
1271 4204 1390 4262 rentum,
1404 4198 1544 4261 cerealici
1560 4202 1680 4266 auidius,

148 4291 225 4346 l'orti
239 4302 332 4360 peetus
345 4289 456 4359 pietatis
471 4289 578 4359 plenum
590 4303 688 4359 gerens
701 4287 807 4357 spiritu,
995 4285 1075 4342 Petro
1086 4287 1178 4341 statim
1196 4286 1329 4352 absoluto,
1347 4287 1502 4346 llarcellino
1515 4293 1647 4362 precipit,

146 4384 237 4438 Pauca
252 4383 369 4452 quidem,
390 4382 437 4437 scd
457 4397 510 4436 non
525 4396 619 4450 parta,
636 4380 718 4433 uerba
739 4389 833 4434 cerrtra
855 4379 944 4435 reddi·
999 4375 1032 4431 [lt
1050 4393 1080 4431 se
1099 4376 1179 4431 ambo
1193 4378 1390 4447 praecedentem
1406 4390 1585 4451 sequerentur
1596 4385 1708 4452 pariter.

840 4468 905 4541 [dim
955 4439 1080 4536 l'thuein
1099 4478 1243 4539 sequentes
1266 4470 1436 4526 intrauerunt
1452 4473 1560 4527 domurn
1581 4475 1725 4541 quamdam
1744 4492 1788 4529 su·

149 4583 160 4614 a
178 4561 237 4618 Non
251 4571 304 4629 cst,
321 4563 430 4634 inqiut,
448 4562 613 4617 criminosus
630 4576 681 4616 nee
692 4561 821 4617 dicendus
835 4562 942 4625 nonius,
1707 4564 1786 4635 [qim

147 4653 211 4722 Qui,
226 4655 328 4709 omisso
341 4653 512 4725 paganismo,
527 4651 637 4707 Christe
650 4652 733 4721 coepit
749 4651 873 4715 credere,
994 4651 1023 4704 ln
1035 4667 1087 4721 qua
1098 4660 1157 4705 erat
1173 4661 1353 4723 congregatus
1366 4649 1537 4707 Christianus
1555 4652 1678 4724 populus,

147 4744 785 4819 mmmmmmmmfflmmmfflm
997 4743 1735 4816 Qqummdmmmfflmmwmmt

146 4839 206 4895 lloc
223 4841 269 4908 qui
284 4839 358 4906 lacit,
372 4840 421 4896 Dei
435 4840 535 4895 summi
547 4837 619 4894 lilius
633 4836 784 4903 vocabitur,
999 4838 1065 4891 Tum
1080 4840 1207 4908 praecepit
1220 4839 1265 4894 ille
1281 4840 1387 4910 magnis
1400 4839 1512 4909 augelus
1528 4839 1705 4909 martyribus,

146 4931 182 4986 lit
193 4948 209 4986 a
220 4933 326 4987 eunctis
342 4941 516 5002 peccatorum
530 4931 671 4986 absolutus
684 4927 822 4994 serdibus,
998 4929 1033 4982 lit
1047 4939 1184 4985 cateruam
1200 4939 1390 5002 congregatam
1405 4929 1569 4985 confirmare
1580 4929 1721 4993 studeant,

146 5021 220 5076 Vere
237 5024 381 5092 essequod
394 5031 517 5088 uocatur,
532 5022 587 5077 Deo
603 5023 696 5086 dante,
708 5018 815 5074 visitur.
836 5041 844 5070 ι
999 5020 1050 5075 Per
1062 5030 1172 5091 septena
1187 5022 1372 5093 proximorum
1386 5021 1491 5077 dierum
1510 5021 1646 5095 uolumina
1663 5036 1669 5074 :

145 5109 213 5187 ilaec
225 5111 359 5167 dicentem
370 5112 556 5169 Marcellinum
568 5113 683 5181 imperat
694 5108 837 5165 minaciter¹
999 5111 1037 5167 de
1052 5122 1108 5166 tuor
1129 5112 1238 5169 demum
1252 5113 1372 5168 saevienti
1386 5127 1415 5168 se
1430 5120 1544 5183 tyranno
1554 5109 1692 5182 proterant
1704 5152 1710 5175 ,

147 5197 247 5257 Saevus
258 5201 354 5271 jeder,
369 5204 419 5259 sub
439 5204 554 5259 duorum
569 5202 666 5273 pugnis
679 5215 779 5256 cresum
798 5198 886 5269 subigi
902 5218 907 5251 :
998 5200 1201 5271 Ostendantquc
1217 5218 1313 5273 perum
1327 5217 1407 5274 posse
1417 5202 1497 5269 ⁴illios
1508 5201 1668 5273 potentiam,

144 5286 183 5346 Et
193 5290 223 5345 in
236 5290 337 5358 locum,
353 5293 427 5349 omni
440 5293 499 5347 lucc
518 5293 565 5374 qui
584 5299 700 5354 careret,
712 5289 807 5360 projici
821 5306 828 5354 ;
999 5294 1098 5348 Contra
1115 5293 1163 5349 liei
1176 5295 1340 5350 coritinentis
1361 5303 1456 5349 cuneta
1475 5291 1684 5362 prouidentiam.

143 5376 178 5433 -ln
194 5395 249 5449 quo
262 5381 364 5434 vitrum
374 5396 455 5450 super
470 5382 582 5437 lrunrurn
598 5378 663 5435 lecit
676 5379 794 5434 lractum
810 5379 944 5449 spargier,
1036 5385 1078 5437 ll.
1101 5384 1168 5438 Trun
1182 5385 1304 5452 sequenti
1324 5384 1381 5440 lucc
1391 5381 1561 5454 jussity'udcx
1574 5381 1799 5450 crudelissimus,

146 5468 189 5523 de
202 5471 320 5541 desuper
332 5480 497 5526 assertorem
511 5472 568 5526 reri
583 5471 683 5525 nudum
699 5470 817 5538 sternier
831 5471 856 5535 b,
1003 5473 1035 5528 l't
1051 5474 1166 5527 ministri
1180 5473 1322 5526 visitarent
1336 5472 1409 5532 loca,
1425 5472 1523 5541 quibus
1536 5479 1669 5541 martyres

147 5563 239 5633 Atque
254 5566 374 5619 vinetum
388 5566 502 5620 volutari
518 5566 571 5621 illis
583 5567 608 5620 in
621 5563 797 5635 fragminibus
811 5581 818 5629 ;
1002 5565 1114 5619 Clausus
1127 5563 1207 5618 simul
1226 5572 1252 5616 et
1271 5563 1367 5632 ligatos
1382 5562 1511 5618 cttstediri
1521 5564 1649 5634 jusserat.

188 5694 201 5722 t
217 5681 249 5737 b.
267 5683 372 5754 Tetrica,
386 5684 495 5739 dubitet.
1038 5680 1051 5721 ¹¹
1067 5678 1099 5734 Ι).
1115 5677 1219 5746 leniet,
1236 5687 1371 5759 atemere.¹
