3832 6120
140 279 209 336 Νη
280 310 284 318 ,
706 271 904 330 itiPLOiide
923 270 1201 333 scelestissimi.
1273 276 1277 283 ’
1703 285 1771 341 ¹078

137 393 247 451 sociate
264 396 337 445 sunt.
353 386 408 444 Nos
418 402 485 445 vero
495 387 628 458 jussimus
651 387 784 444 iliciroino
808 385 899 443 comiti
912 400 925 429 ι
939 386 1107 457 Apossidet,
1119 386 1160 442 vel
1175 401 1235 459 quat
1260 388 1388 459 deinceps
1401 388 1500 459 injure
1514 390 1600 462 ipsius
1616 395 1704 449 satrcti
1718 395 1771 452 ioci

139 484 209 539 bane
221 496 278 536 rem
290 479 434 551 diligenter
452 480 608 550 inquirere,
634 486 663 535 et
690 478 769 535 nobis
788 479 925 534 nuntiare.
978 475 1196 533 nolueritdivina
1219 477 1306 549 pietas
1330 479 1433 549 augeri,
1446 479 1480 535 ad
1492 495 1589 539 causas
1605 484 1772 557 audiendas,

138 573 189 642 Qui
203 573 236 628 ad
247 587 298 628 uos
310 571 440 637 veniens,
467 579 495 629 et
517 586 576 629 rent
600 570 745 642 diligenter
767 569 926 640 inquisitam
976 566 1020 623 rei
1032 564 1131 622 trudas
1145 567 1289 641 exigenda,
1304 577 1351 624 aut
1362 570 1544 627 mansionesd
1559 573 1601 631 tel
1623 585 1733 645 paratas
1746 591 1772 648 e,

137 665 272 723 nuntiarit
287 664 325 719 ita
336 663 566 731 sebabere,sicut
577 663 634 735 ipse
645 661 928 742 Gauzpcrtusasserc-
977 655 1135 724 iaciendas,
1162 666 1209 713 aut
1228 657 1400 729 fideiussores
1414 659 1563 728 tollendos,
1582 672 1631 720 aut
1648 664 1774 726 homines

135 752 192 811 bat.
210 753 288 810 Unde
301 752 403 823 placuit
420 750 588 809 excellentiae
609 759 708 807 nostrae
718 751 754 806 ob
771 749 928 805 animaene
977 748 1062 821 ipsius
1076 750 1246 817 monasterii,
1264 758 1320 805 mm
1332 751 1463 822 ingenuos
1473 767 1557 825 quant
1572 763 1600 811 et
1612 769 1718 824 servos,
1727 773 1773 815 su·

134 851 201 900 strae
213 843 427 898 emolumentum
439 840 612 912 praescriptas
635 854 691 906 res,
707 853 775 911 quas
798 835 928 909 prelatus
976 854 1027 911 per
1044 848 1146 898 terram
1159 842 1245 913 ipsius
1256 850 1471 911 commanentes,
1493 843 1721 905 irrationabiliter
1732 849 1774 906 di·

134 935 294 1004 isingrimus
307 933 437 1006 praedioto
449 931 561 992 tradidit
582 930 759 996 monasterio,
772 929 927 986 nonsoium
977 932 1160 1004 stringendos,
1173 947 1226 989 neo
1239 932 1308 991 ullas
1319 932 1525 1001 redhibitiones,
1536 943 1582 991 aut
1598 935 1709 995 illicitas
1727 953 1775 995 oc·

136 1025 261 1092 reddere,
276 1040 371 1080 aerum
384 1025 466 1080 etiam
477 1032 506 1080 et
515 1039 565 1094 per
582 1023 653 1078 banc
668 1029 768 1079 nostrae
780 1021 928 1078 auetorita—
977 1022 1101 1079 cationes
1116 1022 1294 1095 requirendas
1316 1025 1418 1083 nostris
1438 1033 1467 1082 et
1488 1023 1589 1084 luturis
1603 1031 1774 1101 temporibus

135 1119 173 1174 tis
200 1115 432 1172 eonlrmatiouem
450 1115 580 1186 praediun
603 1113 663 1170 lieri
690 1113 867 1180 monasterio,
879 1128 928 1184 per
977 1114 1083 1187 ingredi
1094 1115 1215 1183 auderet,
1229 1116 1273 1172 tei
1291 1131 1323 1173 ea
1342 1131 1402 1187 quen
1421 1130 1667 1190 supramemorata
1690 1133 1773 1194 sunt,

135 1221 218 1278 quam
228 1205 364 1261 modernis
377 1203 530 1275 tutorisque
541 1204 708 1274 temporibus
728 1211 849 1259 rectores
859 1217 928 1274 pre·
976 1207 1087 1279 penitus
1108 1208 1218 1279 exigere
1245 1217 1426 1281 prasumann
1447 1210 1496 1267 sed
1517 1211 1598 1269 lineat
1623 1227 1775 1273 memorato

135 1296 269 1354 nominati
282 1296 440 1353 monasterii
455 1305 568 1353 teneant
590 1303 671 1368 atque
684 1296 852 1368 possideant.
878 1297 928 1353 ile
978 1294 1086 1362 abbati,
1111 1296 1221 1367 suisque
1235 1296 1450 1365 successoribus,
1473 1312 1519 1354 res
1537 1298 1659 1370 predicti
1680 1318 1775 1359 mona-

134 1390 275 1447 oernimus
290 1388 371 1460 igitur
387 1397 470 1461 atque
488 1387 634 1459 jubemus,
649 1398 680 1443 ut
708 1387 798 1444 nulius
816 1388 930 1461 quilibet
978 1386 1055 1443 sterii
1073 1401 1136 1443 cum
1156 1387 1283 1443 omnibus
1304 1387 1355 1443 sibi
1371 1387 1516 1458 utiecus,
1542 1399 1570 1447 et
1588 1393 1671 1450 rebus
1685 1402 1713 1451 et
1725 1395 1775 1451 bo·

135 1480 237 1537 nostris
266 1488 294 1536 et
308 1479 408 1537 lutaris
437 1481 604 1551 temporibus
621 1479 766 1552 praedictas
777 1494 840 1546 res,
860 1495 928 1551 quas
978 1477 1098 1534 minibus
1117 1476 1152 1535 ad
1178 1491 1208 1533 sc
1240 1477 1313 1548 iuste
1339 1479 1536 1551 aspicientibus
1558 1482 1603 1539 tel
1626 1485 1775 1552 pertinen-

133 1568 309 1640 praescriptns
327 1568 484 1641 isingrimus
503 1567 578 1639 juste
604 1576 632 1625 et
654 1567 777 1641 legaliter
798 1569 929 1641 praedicto
979 1566 1051 1623 tibus
1072 1566 1123 1623 sub
1146 1566 1268 1623 tuitionis
1281 1575 1364 1639 atque
1391 1569 1573 1630 immunitatis
1598 1581 1700 1632 nostra
1725 1576 1773 1632 de·

134 1660 246 1717 tradidit
260 1660 437 1725 monasterio,
453 1659 592 1715 deendem
607 1658 734 1716 connubio
752 1659 926 1727 abstrahere,
979 1653 1118 1722 lensione,
1147 1664 1252 1714 remota
1280 1659 1365 1715 totius
1386 1657 1539 1729 iudiciariae
1559 1666 1704 1734 potestatis
1731 1666 1774 1721 in-

135 1758 183 1806 ιιι)
192 1750 311 1822 aliquam
333 1749 461 1821 iniustam
469 1750 701 1818 calunniamaut
714 1751 929 1822 inquietudinem
942 1742 966 1803 B
979 1746 1148 1818 quietudine,
1161 1747 1254 1817 quieto
1269 1748 1364 1805 ordine
1388 1749 1539 1821 possidere,
1556 1760 1585 1808 et
1601 1762 1697 1811 nostro
1710 1753 1777 1811 flde-

134 1849 229 1896 oontra
240 1839 330 1910 ipsum
351 1839 518 1905 connubium,
535 1838 649 1911 eiusque
675 1839 825 1896 rectoribus
839 1839 929 1895 lacere
979 1837 1041 1897 liter
1052 1853 1149 1909 parere
1163 1839 1279 1911 imperio
1291 1859 1297 1895 :
1311 1848 1446 1912 qnatenm
1473 1843 1547 1913 ipsos
1561 1847 1712 1903 monachos
1727 1848 1776 1918 qui

135 1939 183 1985 aut
206 1930 331 2002 ingerere
344 1937 492 2001 praesumat
511 1928 582 1985 :sed
600 1928 732 2000 quidquid
745 1930 780 1986 de
797 1930 863 2000 ipsis
885 1930 929 1985 rei
980 1928 1081 1986 ibidem
1094 1929 1150 1986 ileo
1161 1929 1286 1987 lamuiari
1301 1932 1437 2000 videntur,
1449 1934 1541 2004 quiete
1553 1936 1783 2005 consistentibus,
1799 1978 1806 1993 .

135 2021 163 2077 ln
177 2021 243 2091 ipsis
260 2020 366 2090 prelati
377 2021 461 2092 ipsius
471 2020 653 2086 monasterii,
677 2020 712 2075 ob
727 2019 873 2075 utilitatem
901 2028 929 2075 et
979 2034 1029 2092 pro
1046 2019 1125 2076 nobis
1136 2028 1165 2076 et
1178 2019 1304 2094 conjuge,
1319 2022 1450 2096 proleque
1460 2032 1563 2093 neena,
1580 2035 1661 2098 atque
1674 2028 1779 2086 stabili·

134 2112 285 2184 prolectum
300 2110 421 2180 quemn
438 2110 529 2168 lacere
543 2111 691 2176 noluerint,
704 2110 791 2167 libero
800 2111 828 2166 in
842 2111 929 2167 omni·
979 2120 1037 2171 tate
1051 2112 1135 2169 totim
1149 2112 1257 2184 imperii
1270 2129 1286 2168 a
1300 2112 1357 2170 ileo
1371 2114 1450 2171 uobis
1466 2114 1694 2189 colludensque
1718 2118 1777 2176 cie-

134 2203 186 2258 bus
199 2201 375 2273 perlruantur
390 2202 519 2258 arbritrio
528 2200 657 2258 leniendi.
669 2200 704 2256 iit
723 2209 755 2257 ut
764 2202 823 2256 baec
837 2212 930 2258 aucto·
980 2203 1150 2259 meritissima
1163 2203 1341 2259 miseratione
1357 2219 1407 2274 per
1423 2204 1588 2263 immensam
1599 2208 1779 2264 masenandi

134 2291 204 2345 ritas
219 2290 367 2344 firmiorem
380 2289 502 2345 obtineat
525 2290 657 2358 vigorem,
672 2291 706 2345 do
721 2289 822 2345 annulo
836 2298 929 2346 nmtro
976 2289 1078 2361 jugiter
1088 2290 1198 2347 Domini
1208 2291 1426 2349 misericordiam
1436 2307 1552 2351 exorare
1568 2294 1693 2351 delectet.
1701 2295 1779 2353 iisne

135 2380 229 2435 subter
238 2393 299 2434 eam
310 2377 443 2447 jussimus
454 2378 576 2449 sigillari.
978 2382 1072 2452 itaque
1089 2380 1289 2448 anctoritatem,
1301 2389 1332 2438 ut
1343 2382 1491 2455 pleniorem
1504 2383 1533 2441 iu
1548 2384 1597 2440 ilci
1610 2386 1719 2442 nominc
1729 2388 1779 2443 bn-

170 2469 315 2526 ilurandus
328 2470 596 2527 diaconusadtieem
609 2470 769 2527 iielisacbar
783 2470 931 2543 recognovi
979 2474 1224 2543 beatlirmitatem,
1239 2483 1268 2532 et
1281 2491 1297 2531 a
1322 2476 1449 2535 ildciibus
1463 2485 1565 2534 sancta
1582 2478 1731 2548 Ecebdae,
1750 2489 1780 2536 ct

135 2569 164 2616 et
179 2560 340 2632 subscripsi.
979 2566 1083 2623 nostris
1100 2566 1192 2623 verius
1205 2567 1342 2634 credatur,
1354 2575 1382 2622 et
1399 2567 1555 2638 diligentius
1580 2578 1775 2637 conservetur,

170 2655 238 2710 bata
248 2653 374 2710 trilonas
385 2652 481 2709 iunias
491 2666 572 2718 auno,
584 2650 692 2709 Christo
701 2651 931 2723 propitio,quinto
978 2655 1015 2713 de
1029 2654 1130 2712 annulo
1143 2665 1237 2713 nostro
1251 2656 1345 2713 subter
1352 2655 1486 2729 jussimus
1502 2656 1625 2730 sigillari.

135 2746 243 2817 imperii
260 2746 353 2802 domni
378 2744 509 2801 Ludoriei
524 2744 690 2802 serenissimi
707 2743 837 2816 Augusti,
860 2743 931 2800 indi·
1016 2746 1163 2803 iluraudus
1176 2747 1307 2804 diaeonus
1319 2745 1354 2803 ad
1365 2746 1455 2803 vicem
1466 2745 1626 2804 Helisaebar
1634 2749 1787 2821 recognovi.

135 2840 225 2895 ctione
239 2839 269 2893 il
287 2839 312 2892 b.
329 2837 427 2894 Actum
439 2836 602 2909 uqutsgrant
624 2837 724 2909 palatio
741 2838 816 2908 regio
833 2837 861 2893 iu
881 2837 929 2894 ilci
980 2846 1010 2895 et
1019 2838 1179 2910 subscripsi.

136 2930 248 2987 nomine
263 2926 392 2985 feliciter.
406 2932 502 2984 Amen.
1016 2929 1085 2985 Data
1110 2945 1141 2985 ιιι
1159 2930 1250 2988 Nouae
1263 2928 1379 2999 iunias,
1399 2945 1485 2999 anno,
1508 2930 1619 2989 Christo
1642 2931 1784 3003 propitio,

469 3018 586 3074 Liilliii.
981 3023 1077 3094 quinto
1095 3023 1202 3095 imperii
1215 3021 1345 3080 Ludoriei
1360 3024 1476 3094 piissimi
1492 3024 1617 3098 Augusti,
1632 3024 1779 3083 indictione

358 3128 409 3170 rao
427 3126 516 3168 roosrr
534 3126 713 3170 nouusrenro.
943 3084 966 3148 G
982 3109 1012 3169 ll
1029 3109 1054 3164 ¹.
1068 3111 1165 3168 delum
1183 3111 1345 3184 Aquisgrani
1366 3113 1466 3185 palatio
1478 3115 1554 3188 regio
1566 3115 1595 3172 in
1607 3114 1656 3172 ilci
1669 3114 1784 3173 nomino

442 3203 528 3276 (dono
548 3202 622 3274 818.)
646 3253 649 3260 .
979 3202 1106 3261 feliciter.
1120 3203 1221 3263 Amen.

136 3296 230 3370 [llpud
254 3296 396 3368 Neugart.,
416 3295 482 3350 ibid.
511 3311 545 3351 er
564 3293 723 3352 collectione
748 3296 928 3369 diplomatica,
1314 3294 1446 3353 Lliniil.

431 3364 627 3440 intellude]
1157 3397 1209 3442 sno
1228 3397 1396 3443 sonmrstro
1414 3399 1595 3446 reomanensi.

170 3459 200 3515 in
217 3458 327 3515 nomine
343 3456 451 3513 lienum
470 3455 519 3513 liei
534 3463 563 3512 et
578 3455 727 3514 Salvatoris
751 3458 839 3515 nostri
863 3453 928 3515 iesu
1282 3475 1376 3551 (Am
1395 3475 1476 3548 εις.)

135 3553 246 3618 Christi,
258 3551 422 3616 ludovicus,
433 3547 525 3604 divina
537 3549 681 3642 ordinante
690 3549 930 3619 providentiaitn·
981 3563 1075 3638 [Apud
1088 3565 1121 3622 p,
1135 3563 1282 3638 30„un
1296 3565 1450 3688 ιιὝς,
1471 3566 1543 3632 511,
1559 3579 1595 3622 01
1608 3551 1729 3625 peram„
1748 3567 1778 3626 p,

1402 3651 1420 3688 ii

135 3639 394 3708 peratordugustus
1068 3633 1193 3695 instrum.
1220 3649 1271 3704 pru
1288 3633 1360 3690 iiisl.
1423 3635 1530 3707 rgenti„
1545 3650 1606 3709 pag.
1620 3632 1686 3709 tu]

171 3729 239 3784 Cum
251 3726 426 3797 petitionibus
434 3737 576 3780 sertorum
588 3721 636 3781 ilci
646 3721 728 3791 iustis
740 3730 768 3777 et
777 3723 930 3779 rationabi·
1015 3721 1045 3776 ln
1060 3722 1170 3776 nomine
1191 3720 1299 3776 bomini
1320 3720 1368 3776 ilci
1383 3728 1410 3776 et
1425 3720 1577 3779 Salvatoris
1597 3723 1684 3783 nostri
1709 3722 1775 3784 itta

136 3820 206 3875 libus
220 3816 304 3874 divini
318 3816 407 3872 cultus
419 3830 512 3871 arnone
533 3813 665 3880 lavemus,
677 3814 787 3884 superui
809 3813 929 3870 muneris
979 3808 1093 3878 (ibristi,
1103 3809 1267 3878 ludovicus,
1281 3809 1371 3869 divina
1384 3809 1527 3868 ordinante
1539 3812 1719 3885 providentia,
1728 3814 1777 3871 im·

136 3910 237 3966 dunum
251 3908 329 3964 nobis
352 3923 366 3961 a
386 3906 500 3963 Domino
523 3905 656 3978 impertiri
678 3903 872 3978 [confidimusi.
888 3904 930 3961 isi
980 3908 1093 3975 perator
1105 3900 1252 3971 Augustus.

136 4002 211 4058 circo
226 4010 319 4057 notum
333 4016 393 4056 esse
407 3999 532 4056 volumus
551 3997 675 4054 omuibus
692 3996 816 4054 fidelibus
829 4003 930 4053 sanetas
1014 3989 1084 4047 lium
1099 3990 1276 4065 petitionibus
1289 4004 1431 4073 serrorum¹
1443 3991 1492 4048 ilci
1516 3991 1597 4064 iustis
1608 4002 1635 4050 ct
1660 3996 1777 4052 rationa-

137 4093 185 4147 ilei
208 4091 346 4157 Ecclesiae,
358 4099 385 4146 ct
399 4089 510 4157 nostris,
528 4088 706 4161 praesentibus
719 4087 822 4145 scilicet
836 4096 863 4143 et
885 4087 928 4142 lu·
978 4082 1079 4141 bilibus
1093 4083 1177 4139 divini
1192 4083 1281 4139 cuitus
1307 4097 1400 4139 amore
1414 4081 1554 4152 lavemus,
1581 4100 1697 4159 superna
1724 4104 1775 4144 nos

137 4185 217 4248 turis,
233 4184 296 4257 quia
314 4181 509 4241 monasterinm
525 4179 555 4236 S.
581 4180 666 4245 Galli,
693 4180 765 4253 quod
782 4189 825 4237 est
847 4180 929 4236 situm
980 4176 1068 4249 gratia
1082 4176 1183 4232 muniri
1197 4192 1251 4235 non
1267 4175 1439 4248 ambigimus.
1454 4176 1554 4233 Notum
1568 4178 1603 4234 sit
1623 4178 1705 4251 igitur
1715 4195 1776 4235 om-

137 4273 246 4346 inpage
259 4274 423 4347 burguoue,
439 4272 485 4328 ubi
513 4271 675 4329 uenerabilis
690 4272 733 4328 vir
761 4270 931 4329 Gatrzbertus
980 4266 1061 4322 nibus
1075 4263 1200 4321 ildeiibus
1216 4273 1317 4322 sanetae
1332 4265 1380 4321 ilci
1392 4264 1521 4323 iicciesiae
1543 4273 1572 4329 et
1593 4268 1703 4337 nostris,
1717 4276 1773 4323 tam

137 4364 221 4421 abbas
236 4375 344 4435 praeest,
362 4364 434 4434 quod
447 4362 599 4434 subjectum
618 4360 670 4419 luit
681 4364 848 4436 episcopatui
860 4379 927 4421 san·
979 4357 1160 4430 praesentibus
1175 4373 1256 4428 quam
1275 4356 1385 4425 laturis,
1399 4360 1472 4431 quod
1491 4359 1589 4421 detulit
1602 4361 1680 4416 nobis
1692 4376 1775 4418 seue·

136 4466 187 4514 etae
200 4454 321 4511 ecciesiae
335 4454 510 4521 Constantia,
525 4453 571 4510 ubi
586 4454 666 4510 modo
687 4453 855 4514 Woldeozuo
870 4457 929 4527 epi·
940 4425 967 4487 ⁰
980 4451 1073 4507 rabilis
1085 4450 1128 4505 vir
1142 4447 1315 4520 adalgaudus
1329 4449 1414 4505 abbas
1435 4464 1469 4505 cx
1495 4450 1660 4508 monasterio
1684 4454 1773 4509 sancti

136 4561 236 4617 scopus
249 4556 431 4616 preest,cum
457 4544 599 4602 monacbis
611 4543 710 4602 ibidem
729 4542 845 4602 Domino
859 4544 929 4601 mili·
979 4542 1118 4601 Benedicti
1128 4541 1319 4607 floriacensis,
1327 4541 1398 4612 quod
1412 4548 1454 4596 est
1466 4547 1651 4599 constructum
1662 4540 1690 4596 in
1699 4557 1772 4614 pago

136 4637 268 4703 lantibus,
285 4650 346 4691 cum
363 4634 445 4689 rebus
458 4641 487 4689 et
505 4634 661 4690 homiuibus
674 4633 726 4691 sibi
739 4633 885 4704 subiectis,
900 4644 928 4691 et
980 4636 1169 4693 Aurelianensi
1179 4649 1261 4705 super
1269 4633 1380 4689 durium
1400 4632 1514 4704 Ligeris,
1527 4633 1573 4688 ubi
1587 4633 1644 4703 ipse
1662 4641 1774 4690 sauctus

136 4724 258 4796 legaiiter
275 4723 468 4793 aspicientibus
480 4722 522 4778 vei
547 4723 745 4794 pertinentibus
769 4724 820 4780 sub
834 4732 927 4781 nostra
980 4729 1143 4788 &nedictus
1156 4742 1269 4800 corpore
1283 4726 1438 4799 requiescit,
1452 4725 1627 4783 auctoritates
1641 4725 1772 4785 immuni.

135 4813 305 4885 suscepimus
335 4812 507 4880 delensione,
536 4823 565 4868 ct
600 4813 780 4873 immunitatis
801 4815 924 4872 tuitione.
980 4828 1079 4888 tatum,
1092 4819 1137 4875 ari
1155 4818 1281 4875 videlieet
1303 4816 1389 4874 nostri
1411 4814 1517 4888 Pippiui
1540 4817 1675 4889 quondam
1688 4817 1775 4889 regis,

135 4906 328 4975 Praecipientes
341 4920 406 4978 ergo
422 4904 564 4979 jubemus,
588 4913 618 4963 ut
629 4905 718 4963 nuilus
732 4904 816 4976 judex
840 4907 928 4978 publi·
979 4925 1027 4968 seu
1039 4909 1132 4967 domni
1147 4917 1176 4964 et
1194 4908 1325 4980 genitoris
1350 4907 1436 4966 nostri
1447 4907 1537 4964 Caroli
1554 4907 1667 4980 piissimi
1680 4907 1772 4979 Augu·-

136 5013 197 5065 eus,
209 4998 252 5054 rei
259 4998 386 5067 quislibet
400 5013 432 5054 ex
445 4997 588 5068 iudiciaria
600 5005 735 5069 potestate
756 4997 784 5053 in
797 4997 929 5057 eeclesias
979 5001 1024 5067 sti,
1039 4999 1179 5073 inquibus
1197 5005 1256 5054 erat
1267 4997 1413 5065 insertum,
1428 4998 1498 5067 quod
1512 4996 1573 5054 sire
1587 4994 1651 5067 ipsi,
1661 4994 1773 5051 strean-

135 5096 184 5145 nut
197 5088 268 5156 inca,
283 5089 326 5143 vel
339 5104 429 5160 agros,
445 5103 493 5144 seu
505 5089 625 5159 reliquas
651 5088 928 5159 possessionesque
978 5106 1129 5153 secessores
1149 5107 1254 5157 eorum,
1268 5105 1346 5164 reges
1369 5087 1495 5146 videlicet
1508 5088 1688 5154 irancomm,
1701 5101 1772 5158 prn-

137 5181 266 5237 moderno
287 5189 408 5250 ternpore
421 5181 448 5236 in
472 5183 637 5252 quibuslibet
650 5183 742 5255 pagis,
761 5182 804 5239 tel
818 5183 928 5239 territo
978 5183 1064 5241 iatum
1083 5181 1278 5240 monasterium
1299 5195 1361 5236 cum
1378 5179 1460 5234 rebus
1473 5185 1501 5234 et
1523 5175 1724 5235 bominibusad
1740 5191 1771 5231 sc
1875 5254 1881 5265 α

137 5270 185 5327 riis
198 5270 268 5326 inlra
281 5271 412 5327 ditionem
425 5271 532 5341 imperii
553 5274 640 5329 nostri
659 5272 732 5342 juste
753 5282 781 5330 et
806 5273 928 5346 legaliter
977 5274 1177 5347 pertinentibus
1190 5280 1219 5329 et
1230 5271 1434 5343 aspicientibus,
1447 5270 1498 5329 sub
1511 5270 1625 5327 tuitione
1637 5277 1667 5327 et
1675 5268 1769 5327 deicu-

172 5415 187 5445 ι
204 5403 365 5468 iliensium,
380 5401 417 5457 ol.
434 5401 606 5472 iiicbwiuus,
619 5421 709 5464 eomes
722 5407 872 5478 Turgoviae.
979 5402 1146 5474 excipiendi,
1173 5403 1266 5473 eisque
1295 5401 1396 5459 rictum
1424 5401 1606 5459 neeesnuium
1637 5398 1769 5459 submini-

173 5472 188 5513 δ
205 5472 284 5529 duno
296 5475 348 5530 8l8
362 5474 487 5528 currebat
497 5473 609 5532 indictio
627 5475 671 5531 ll.
978 5473 1092 5531 strandi.

175 5552 186 5582 ⁰
205 5542 332 5606 Fredunr,
348 5542 456 5610 ninicta,
470 5543 513 5598 vei
524 5547 606 5600 etiam
623 5547 724 5617 quaevis
738 5543 854 5602 exactio.
1016 5554 1028 5583 0
1047 5541 1171 5608 Paratae,
1200 5555 1325 5612 expensa
1339 5539 1516 5615 inhospitum
1539 5541 1710 5613 susceptione
1723 5537 1765 5596 la-

173 5611 187 5652 i
208 5611 310 5668 lininio
320 5614 372 5669 boe
384 5612 442 5669 locu
454 5628 503 5684 pro
516 5615 606 5671 debito
619 5616 759 5685 accipitur,
774 5615 925 5673 missosseu
977 5613 1089 5670 cieutlae.

138 5681 242 5752 legatos
254 5683 395 5753 prinipis,
411 5683 509 5742 aliasve
534 5685 654 5753 publicas
666 5700 796 5754 personas
807 5687 926 5756 bospitio
1016 5683 1026 5725 ¹
1048 5682 1178 5742 Cotrteuit
1190 5681 1300 5739 indictio
1313 5681 1343 5740 il
1358 5696 1427 5738 anuo
1441 5679 1502 5739 818.
