<?xml version="1.0" encoding="UTF-8"?>
<!DOCTYPE html PUBLIC "-//W3C//DTD XHTML 1.0 Transitional//EN"
    "http://www.w3.org/TR/xhtml1/DTD/xhtml1-transitional.dtd">
<html xmlns="http://www.w3.org/1999/xhtml" xml:lang="en" lang="en">
 <head>
  <title>
</title>
<meta http-equiv="Content-Type" content="text/html;charset=utf-8" />
  <meta name='ocr-system' content='tesseract 3.04.00' />
  <meta name='ocr-capabilities' content='ocr_page ocr_carea ocr_par ocr_line ocrx_word'/>
</head>
<body>
  <div class='ocr_page' id='page_1' title='image "./patrologiaecurs103migngoog/patrologiaecurs103migngoog_0607.png"; bbox 0 0 3832 6120; ppageno 0'>
   <div class='ocr_carea' id='block_1_1' title="bbox 135 275 1780 350">
    <p class='ocr_par' dir='ltr' id='par_1_1' title="bbox 135 275 1780 350">
     <span class='ocr_line' id='line_1_1' title="bbox 135 275 1780 350; baseline -0.013 -1"><span class='ocrx_word' id='word_1_1' title='bbox 135 294 200 350; x_wconf 73' lang='grc'><strong>1115</strong></span> <span class='ocrx_word' id='word_1_2' title='bbox 715 286 876 344; x_wconf 74' lang='lat' dir='ltr'>LUOOVlCl</span> <span class='ocrx_word' id='word_1_3' title='bbox 896 290 906 344; x_wconf 97' lang='lat' dir='ltr'>l</span> <span class='ocrx_word' id='word_1_4' title='bbox 924 286 1160 344; x_wconf 77' lang='lat' dir='ltr'>COGNOMENTO</span> <span class='ocrx_word' id='word_1_5' title='bbox 1178 284 1225 342; x_wconf 84' lang='lat' dir='ltr'>ru</span> <span class='ocrx_word' id='word_1_6' title='bbox 1705 275 1780 330; x_wconf 79' lang='lat' dir='ltr'>tttra</span> 
     </span>
    </p>
   </div>
   <div class='ocr_carea' id='block_1_2' title="bbox 131 390 1782 845">
    <p class='ocr_par' dir='ltr' id='par_1_2' title="bbox 131 390 1782 845">
     <span class='ocr_line' id='line_1_2' title="bbox 132 390 1767 479; baseline -0.015 -13"><span class='ocrx_word' id='word_1_7' title='bbox 132 409 322 466; x_wconf 89' lang='lat' dir='ltr'>monasterium</span> <span class='ocrx_word' id='word_1_8' title='bbox 346 414 456 479; x_wconf 90' lang='lat' dir='ltr'>propter</span> <span class='ocrx_word' id='word_1_9' title='bbox 479 407 653 478; x_wconf 73' lang='lat' dir='ltr'>cupiditatem</span> <span class='ocrx_word' id='word_1_10' title='bbox 677 404 808 459; x_wconf 90' lang='lat' dir='ltr'>ntalormu</span> <span class='ocrx_word' id='word_1_11' title='bbox 833 404 920 459; x_wconf 89' lang='lat' dir='ltr'>boati·</span> <span class='ocrx_word' id='word_1_12' title='bbox 935 407 959 464; x_wconf 76' lang='grc' dir='ltr'>Α</span> <span class='ocrx_word' id='word_1_13' title='bbox 973 402 1125 457; x_wconf 86' lang='lat' dir='ltr'>ctoritatem</span> <span class='ocrx_word' id='word_1_14' title='bbox 1144 400 1200 454; x_wconf 91' lang='lat' dir='ltr'>tieri</span> <span class='ocrx_word' id='word_1_15' title='bbox 1223 399 1399 468; x_wconf 85' lang='lat' dir='ltr'>juberemus:</span> <span class='ocrx_word' id='word_1_16' title='bbox 1427 393 1498 465; x_wconf 79' lang='lat' dir='ltr'>uttod</span> <span class='ocrx_word' id='word_1_17' title='bbox 1521 402 1546 447; x_wconf 91' lang='lat' dir='ltr'>ct</span> <span class='ocrx_word' id='word_1_18' title='bbox 1566 390 1651 446; x_wconf 88' lang='lat' dir='ltr'>nobis</span> <span class='ocrx_word' id='word_1_19' title='bbox 1678 402 1767 443; x_wconf 82' lang='lat' dir='ltr'>secuti</span> 
     </span>
     <span class='ocr_line' id='line_1_3' title="bbox 132 483 1782 567; baseline -0.014 -11"><span class='ocrx_word' id='word_1_20' title='bbox 132 517 196 556; x_wconf 88' lang='lat' dir='ltr'>nam</span> <span class='ocrx_word' id='word_1_21' title='bbox 217 500 252 557; x_wconf 88' lang='lat' dir='ltr'>ab</span> <span class='ocrx_word' id='word_1_22' title='bbox 271 498 365 554; x_wconf 87' lang='lat' dir='ltr'>eadem</span> <span class='ocrx_word' id='word_1_23' title='bbox 387 497 507 554; x_wconf 73' lang='lat' dir='ltr'>Ecclesia</span> <span class='ocrx_word' id='word_1_24' title='bbox 524 498 703 554; x_wconf 87' lang='lat' dir='ltr'>subtractum.</span> <span class='ocrx_word' id='word_1_25' title='bbox 733 496 787 551; x_wconf 88' lang='lat' dir='ltr'>Nos</span> <span class='ocrx_word' id='word_1_26' title='bbox 813 511 921 567; x_wconf 82' lang='lat' dir='ltr'>quoque</span> <span class='ocrx_word' id='word_1_27' title='bbox 972 493 1035 546; x_wconf 93' lang='lat' dir='ltr'>dum</span> <span class='ocrx_word' id='word_1_28' title='bbox 1062 492 1181 562; x_wconf 82' lang='lat' dir='ltr'>ejusdem</span> <span class='ocrx_word' id='word_1_29' title='bbox 1210 489 1366 559; x_wconf 78' lang='lat' dir='ltr'>petitionem</span> <span class='ocrx_word' id='word_1_30' title='bbox 1387 484 1445 539; x_wconf 88' lang='lat' dir='ltr'>lieri</span> <span class='ocrx_word' id='word_1_31' title='bbox 1468 483 1590 554; x_wconf 90' lang='lat' dir='ltr'>placuit:</span> <span class='ocrx_word' id='word_1_32' title='bbox 1618 493 1782 551; x_wconf 84' lang='lat' dir='ltr'>perquam</span> 
     </span>
     <span class='ocr_line' id='line_1_4' title="bbox 132 570 1781 664; baseline -0.014 -17"><span class='ocrx_word' id='word_1_33' title='bbox 132 593 230 664; x_wconf 74' lang='lat' dir='ltr'>iustam</span> <span class='ocrx_word' id='word_1_34' title='bbox 245 593 300 647; x_wconf 91' lang='lat' dir='ltr'>into</span> <span class='ocrx_word' id='word_1_35' title='bbox 322 589 510 646; x_wconf 86' lang='lat' dir='ltr'>rationabilem</span> <span class='ocrx_word' id='word_1_36' title='bbox 531 590 690 660; x_wconf 74' lang='lat' dir='ltr'>petitionem</span> <span class='ocrx_word' id='word_1_37' title='bbox 712 589 784 644; x_wconf 89' lang='lat' dir='ltr'>illius</span> <span class='ocrx_word' id='word_1_38' title='bbox 795 589 921 660; x_wconf 83' lang='lat' dir='ltr'>judicati·</span> <span class='ocrx_word' id='word_1_39' title='bbox 972 581 1143 651; x_wconf 75' lang='lat' dir='ltr'>praecipimus</span> <span class='ocrx_word' id='word_1_40' title='bbox 1154 587 1237 650; x_wconf 87' lang='lat' dir='ltr'>atque</span> <span class='ocrx_word' id='word_1_41' title='bbox 1248 578 1375 649; x_wconf 85' lang='lat' dir='ltr'>jubemus</span> <span class='ocrx_word' id='word_1_42' title='bbox 1388 583 1419 629; x_wconf 88' lang='lat' dir='ltr'>ut</span> <span class='ocrx_word' id='word_1_43' title='bbox 1440 574 1529 630; x_wconf 92' lang='lat' dir='ltr'>uulhts</span> <span class='ocrx_word' id='word_1_44' title='bbox 1547 587 1584 628; x_wconf 81' lang='lat' dir='ltr'>ex</span> <span class='ocrx_word' id='word_1_45' title='bbox 1599 570 1781 626; x_wconf 78' lang='lat' dir='ltr'>successori-</span> 
     </span>
     <span class='ocr_line' id='line_1_5' title="bbox 133 662 1781 753; baseline -0.016 -13"><span class='ocrx_word' id='word_1_46' title='bbox 133 693 184 750; x_wconf 90' lang='lat' dir='ltr'>tes,</span> <span class='ocrx_word' id='word_1_47' title='bbox 198 682 366 738; x_wconf 90' lang='lat' dir='ltr'>restituimus</span> <span class='ocrx_word' id='word_1_48' title='bbox 376 681 462 753; x_wconf 90' lang='lat' dir='ltr'>ipsum</span> <span class='ocrx_word' id='word_1_49' title='bbox 477 679 671 736; x_wconf 88' lang='lat' dir='ltr'>monasterium</span> <span class='ocrx_word' id='word_1_50' title='bbox 685 689 780 736; x_wconf 88' lang='lat' dir='ltr'>sancto</span> <span class='ocrx_word' id='word_1_51' title='bbox 793 678 922 735; x_wconf 79' lang='lat' dir='ltr'>Mauricio</span> <span class='ocrx_word' id='word_1_52' title='bbox 972 672 1022 727; x_wconf 91' lang='lat' dir='ltr'>bus</span> <span class='ocrx_word' id='word_1_53' title='bbox 1036 669 1094 738; x_wconf 83' lang='lat' dir='ltr'>ejus</span> <span class='ocrx_word' id='word_1_54' title='bbox 1107 709 1221 726; x_wconf 89' lang='lat'><strong>......</strong></span> <span class='ocrx_word' id='word_1_55' title='bbox 1248 668 1374 723; x_wconf 81' lang='lat' dir='ltr'>videlicet</span> <span class='ocrx_word' id='word_1_56' title='bbox 1395 665 1515 734; x_wconf 80' lang='lat' dir='ltr'>ahts-lem</span> <span class='ocrx_word' id='word_1_57' title='bbox 1539 662 1710 719; x_wconf 87' lang='lat' dir='ltr'>monasterii</span> <span class='ocrx_word' id='word_1_58' title='bbox 1735 675 1781 730; x_wconf 74' lang='lat' dir='ltr'>pr·</span> 
     </span>
     <span class='ocr_line' id='line_1_6' title="bbox 131 753 1781 845; baseline -0.013 -11"><span class='ocrx_word' id='word_1_59' title='bbox 131 787 159 834; x_wconf 88' lang='lat' dir='ltr'>et</span> <span class='ocrx_word' id='word_1_60' title='bbox 175 777 314 832; x_wconf 79' lang='lat' dir='ltr'>barnardo</span> <span class='ocrx_word' id='word_1_61' title='bbox 330 775 402 831; x_wconf 90' lang='lat' dir='ltr'>illius</span> <span class='ocrx_word' id='word_1_62' title='bbox 416 775 469 831; x_wconf 92' lang='lat' dir='ltr'>loci</span> <span class='ocrx_word' id='word_1_63' title='bbox 485 775 611 845; x_wconf 88' lang='lat' dir='ltr'>episcopo</span> <span class='ocrx_word' id='word_1_64' title='bbox 622 789 673 844; x_wconf 91' lang='lat' dir='ltr'>per</span> <span class='ocrx_word' id='word_1_65' title='bbox 685 781 786 828; x_wconf 81' lang='lat' dir='ltr'>oostrae</span> <span class='ocrx_word' id='word_1_66' title='bbox 805 773 922 828; x_wconf 89' lang='lat' dir='ltr'>auctori-</span> <span class='ocrx_word' id='word_1_67' title='bbox 972 765 1043 819; x_wconf 67' lang='lat' dir='ltr'>iloni</span> <span class='ocrx_word' id='word_1_68' title='bbox 1063 763 1149 818; x_wconf 76' lang='lat' dir='ltr'>nostri</span> <span class='ocrx_word' id='word_1_69' title='bbox 1164 761 1314 818; x_wconf 70' lang='lat' dir='ltr'>beatissimi</span> <span class='ocrx_word' id='word_1_70' title='bbox 1328 759 1416 815; x_wconf 75' lang='lat' dir='ltr'>sancii</span> <span class='ocrx_word' id='word_1_71' title='bbox 1431 755 1539 811; x_wconf 71' lang='lat' dir='ltr'>Martini</span> <span class='ocrx_word' id='word_1_72' title='bbox 1553 753 1683 824; x_wconf 64' lang='lat' dir='ltr'>qualibet</span> <span class='ocrx_word' id='word_1_73' title='bbox 1698 767 1781 807; x_wconf 55' lang='lat' dir='ltr'>oet*</span> 
     </span>
    </p>
   </div>
   <div class='ocr_carea' id='block_1_3' title="bbox 101 841 1794 1758">
    <p class='ocr_par' dir='ltr' id='par_1_3' title="bbox 101 841 1794 1758">
     <span class='ocr_line' id='line_1_7' title="bbox 131 841 1785 946; baseline -0.018 -21"><span class='ocrx_word' id='word_1_74' title='bbox 131 870 196 927; x_wconf 89' lang='lat' dir='ltr'>tatis</span> <span class='ocrx_word' id='word_1_75' title='bbox 208 876 371 939; x_wconf 74' lang='lat' dir='ltr'>pracceptum</span> <span class='ocrx_word' id='word_1_76' title='bbox 386 879 435 937; x_wconf 89' lang='lat' dir='ltr'>pro</span> <span class='ocrx_word' id='word_1_77' title='bbox 450 865 575 921; x_wconf 82' lang='lat' dir='ltr'><strong>mercede</strong></span> <span class='ocrx_word' id='word_1_78' title='bbox 591 874 618 920; x_wconf 88' lang='lat' dir='ltr'>et</span> <span class='ocrx_word' id='word_1_79' title='bbox 629 863 748 919; x_wconf 87' lang='lat' dir='ltr'>remedio</span> <span class='ocrx_word' id='word_1_80' title='bbox 761 863 858 918; x_wconf 75' lang='lat' dir='ltr'>anima</span> <span class='ocrx_word' id='word_1_81' title='bbox 875 878 922 918; x_wconf 84' lang='lat' dir='ltr'>na-</span> <span class='ocrx_word' id='word_1_82' title='bbox 972 859 1048 913; x_wconf 86' lang='lat' dir='ltr'>sioac</span> <span class='ocrx_word' id='word_1_83' title='bbox 1071 854 1177 923; x_wconf 84' lang='lat' dir='ltr'>dejure</span> <span class='ocrx_word' id='word_1_84' title='bbox 1201 852 1344 940; x_wconf 86' lang='lat' dir='ltr'>memorati</span> <span class='ocrx_word' id='word_1_85' title='bbox 1362 848 1519 905; x_wconf 90' lang='lat' dir='ltr'>monasterii</span> <span class='ocrx_word' id='word_1_86' title='bbox 1535 844 1699 902; x_wconf 79' lang='lat' dir='ltr'>cormarici</span> <span class='ocrx_word' id='word_1_87' title='bbox 1724 841 1785 946; x_wconf 78' lang='lat' dir='ltr'>ulle</span> 
     </span>
     <span class='ocr_line' id='line_1_8' title="bbox 131 933 1782 1035; baseline -0.018 -20"><span class='ocrx_word' id='word_1_88' title='bbox 131 968 195 1015; x_wconf 80' lang='lat' dir='ltr'>strae</span> <span class='ocrx_word' id='word_1_89' title='bbox 217 966 299 1029; x_wconf 81' lang='lat' dir='ltr'>atquc</span> <span class='ocrx_word' id='word_1_90' title='bbox 321 957 404 1012; x_wconf 91' lang='lat' dir='ltr'>totius</span> <span class='ocrx_word' id='word_1_91' title='bbox 430 955 535 1026; x_wconf 90' lang='lat' dir='ltr'>imperii</span> <span class='ocrx_word' id='word_1_92' title='bbox 560 953 646 1009; x_wconf 91' lang='lat' dir='ltr'>nostri</span> <span class='ocrx_word' id='word_1_93' title='bbox 668 951 867 1018; x_wconf 79' lang='lat' dir='ltr'>emolumento,</span> <span class='ocrx_word' id='word_1_94' title='bbox 891 961 923 1008; x_wconf 94' lang='lat' dir='ltr'>ut</span> <span class='ocrx_word' id='word_1_95' title='bbox 972 964 1089 1018; x_wconf 86' lang='lat' dir='ltr'>uttquam</span> <span class='ocrx_word' id='word_1_96' title='bbox 1106 956 1225 1017; x_wconf 87' lang='lat' dir='ltr'>tempore</span> <span class='ocrx_word' id='word_1_97' title='bbox 1238 945 1360 1000; x_wconf 88' lang='lat' dir='ltr'>eamdem</span> <span class='ocrx_word' id='word_1_98' title='bbox 1369 941 1460 996; x_wconf 82' lang='lat' dir='ltr'>villam</span> <span class='ocrx_word' id='word_1_99' title='bbox 1472 938 1651 1000; x_wconf 84' lang='lat' dir='ltr'>abstrahere,</span> <span class='ocrx_word' id='word_1_100' title='bbox 1672 933 1718 1035; x_wconf 72' lang='lat' dir='ltr'>rel</span> <span class='ocrx_word' id='word_1_101' title='bbox 1731 933 1782 987; x_wconf 84' lang='lat' dir='ltr'>alt·</span> 
     </span>
     <span class='ocr_line' id='line_1_9' title="bbox 131 1030 1782 1120; baseline -0.015 -14"><span class='ocrx_word' id='word_1_102' title='bbox 131 1061 186 1106; x_wconf 88' lang='lat' dir='ltr'>tam</span> <span class='ocrx_word' id='word_1_103' title='bbox 201 1050 350 1120; x_wconf 89' lang='lat' dir='ltr'>ipsequam</span> <span class='ocrx_word' id='word_1_104' title='bbox 365 1061 536 1103; x_wconf 82' lang='lat' dir='ltr'><strong>successores</strong></span> <span class='ocrx_word' id='word_1_105' title='bbox 551 1048 592 1102; x_wconf 89' lang='lat' dir='ltr'>sui</span> <span class='ocrx_word' id='word_1_106' title='bbox 614 1046 716 1116; x_wconf 71' lang='lat' dir='ltr'>absque</span> <span class='ocrx_word' id='word_1_107' title='bbox 731 1044 840 1115; x_wconf 81' lang='lat' dir='ltr'>cuiusce</span> <span class='ocrx_word' id='word_1_108' title='bbox 858 1061 922 1102; x_wconf 91' lang='lat' dir='ltr'>coa·</span> <span class='ocrx_word' id='word_1_109' title='bbox 972 1046 1036 1116; x_wconf 86' lang='lat' dir='ltr'>quid</span> <span class='ocrx_word' id='word_1_110' title='bbox 1057 1045 1091 1101; x_wconf 91' lang='lat' dir='ltr'>de</span> <span class='ocrx_word' id='word_1_111' title='bbox 1110 1044 1226 1114; x_wconf 82' lang='lat' dir='ltr'>hisquae</span> <span class='ocrx_word' id='word_1_112' title='bbox 1245 1043 1278 1098; x_wconf 89' lang='lat' dir='ltr'>ad</span> <span class='ocrx_word' id='word_1_113' title='bbox 1298 1055 1360 1096; x_wconf 88' lang='lat' dir='ltr'>eam</span> <span class='ocrx_word' id='word_1_114' title='bbox 1375 1038 1448 1110; x_wconf 71' lang='lat' dir='ltr'>iuste</span> <span class='ocrx_word' id='word_1_115' title='bbox 1470 1034 1626 1106; x_wconf 75' lang='lat' dir='ltr'>pertinent,</span> <span class='ocrx_word' id='word_1_116' title='bbox 1654 1030 1782 1085; x_wconf 82' lang='lat' dir='ltr'>minuere</span> 
     </span>
     <span class='ocr_line' id='line_1_10' title="bbox 132 1127 1785 1210; baseline -0.014 -12"><span class='ocrx_word' id='word_1_117' title='bbox 132 1140 294 1198; x_wconf 87' lang='lat' dir='ltr'>tradictioue</span> <span class='ocrx_word' id='word_1_118' title='bbox 309 1140 398 1210; x_wconf 90' lang='lat' dir='ltr'>ipsam</span> <span class='ocrx_word' id='word_1_119' title='bbox 413 1138 607 1195; x_wconf 88' lang='lat' dir='ltr'>monasterium</span> <span class='ocrx_word' id='word_1_120' title='bbox 628 1136 754 1193; x_wconf 83' lang='lat' dir='ltr'>ordinent</span> <span class='ocrx_word' id='word_1_121' title='bbox 768 1145 849 1208; x_wconf 87' lang='lat' dir='ltr'>atque</span> <span class='ocrx_word' id='word_1_122' title='bbox 863 1137 921 1195; x_wconf 86' lang='lat' dir='ltr'>uts-</span> <span class='ocrx_word' id='word_1_123' title='bbox 971 1147 1134 1209; x_wconf 68' lang='lat' dir='ltr'>praesumat:</span> <span class='ocrx_word' id='word_1_124' title='bbox 1154 1136 1200 1191; x_wconf 88' lang='lat' dir='ltr'>sed</span> <span class='ocrx_word' id='word_1_125' title='bbox 1216 1135 1266 1189; x_wconf 90' lang='lat' dir='ltr'>sub</span> <span class='ocrx_word' id='word_1_126' title='bbox 1277 1133 1349 1188; x_wconf 92' lang='lat' dir='ltr'>omni</span> <span class='ocrx_word' id='word_1_127' title='bbox 1362 1127 1529 1202; x_wconf 74' lang='lat' dir='ltr'>integritate,</span> <span class='ocrx_word' id='word_1_128' title='bbox 1551 1127 1628 1181; x_wconf 84' lang='lat' dir='ltr'>sieut</span> <span class='ocrx_word' id='word_1_129' title='bbox 1640 1139 1659 1177; x_wconf 88' lang='lat' dir='ltr'>a</span> <span class='ocrx_word' id='word_1_130' title='bbox 1676 1136 1785 1178; x_wconf 86' lang='lat' dir='ltr'>memo·</span> 
     </span>
     <span class='ocr_line' id='line_1_11' title="bbox 131 1215 1785 1312; baseline -0.014 -24"><span class='ocrx_word' id='word_1_131' title='bbox 131 1241 233 1305; x_wconf 85' lang='lat' dir='ltr'>ponant</span> <span class='ocrx_word' id='word_1_132' title='bbox 250 1231 401 1288; x_wconf 83' lang='lat' dir='ltr'>seeundum</span> <span class='ocrx_word' id='word_1_133' title='bbox 420 1231 586 1285; x_wconf 88' lang='lat' dir='ltr'>roluntatem</span> <span class='ocrx_word' id='word_1_134' title='bbox 601 1230 648 1286; x_wconf 88' lang='lat' dir='ltr'>Dci</span> <span class='ocrx_word' id='word_1_135' title='bbox 664 1237 692 1285; x_wconf 90' lang='lat' dir='ltr'>et</span> <span class='ocrx_word' id='word_1_136' title='bbox 707 1229 779 1285; x_wconf 89' lang='lat' dir='ltr'>beati</span> <span class='ocrx_word' id='word_1_137' title='bbox 799 1228 922 1284; x_wconf 87' lang='lat' dir='ltr'>llauricii</span> <span class='ocrx_word' id='word_1_138' title='bbox 973 1237 1033 1284; x_wconf 89' lang='lat' dir='ltr'>rato</span> <span class='ocrx_word' id='word_1_139' title='bbox 1047 1225 1194 1283; x_wconf 76' lang='lat' dir='ltr'>venerabili</span> <span class='ocrx_word' id='word_1_140' title='bbox 1204 1223 1348 1295; x_wconf 79' lang='lat' dir='ltr'>Fridugisc</span> <span class='ocrx_word' id='word_1_141' title='bbox 1365 1222 1399 1276; x_wconf 87' lang='lat' dir='ltr'>ad</span> <span class='ocrx_word' id='word_1_142' title='bbox 1412 1221 1482 1276; x_wconf 90' lang='lat' dir='ltr'>idem</span> <span class='ocrx_word' id='word_1_143' title='bbox 1497 1215 1711 1272; x_wconf 84' lang='lat' dir='ltr'>monasterium</span> <span class='ocrx_word' id='word_1_144' title='bbox 1725 1220 1785 1312; x_wconf 78' lang='lat' dir='ltr'>tra·</span> 
     </span>
     <span class='ocr_line' id='line_1_12' title="bbox 131 1301 1785 1392; baseline -0.015 -12"><span class='ocrx_word' id='word_1_145' title='bbox 131 1325 166 1379; x_wconf 84' lang='lat' dir='ltr'>ab</span> <span class='ocrx_word' id='word_1_146' title='bbox 180 1322 309 1379; x_wconf 87' lang='lat' dir='ltr'>hodierna</span> <span class='ocrx_word' id='word_1_147' title='bbox 324 1322 367 1378; x_wconf 89' lang='lat' dir='ltr'>dic</span> <span class='ocrx_word' id='word_1_148' title='bbox 379 1329 407 1376; x_wconf 90' lang='lat' dir='ltr'>et</span> <span class='ocrx_word' id='word_1_149' title='bbox 428 1320 570 1392; x_wconf 76' lang='lat' dir='ltr'>deinceps,</span> <span class='ocrx_word' id='word_1_150' title='bbox 590 1328 618 1376; x_wconf 91' lang='lat' dir='ltr'>et</span> <span class='ocrx_word' id='word_1_151' title='bbox 634 1320 668 1375; x_wconf 87' lang='lat' dir='ltr'>sit</span> <span class='ocrx_word' id='word_1_152' title='bbox 683 1321 733 1376; x_wconf 91' lang='lat' dir='ltr'>sub</span> <span class='ocrx_word' id='word_1_153' title='bbox 752 1319 922 1376; x_wconf 85' lang='lat' dir='ltr'>immunitate</span> <span class='ocrx_word' id='word_1_154' title='bbox 972 1318 1028 1373; x_wconf 86' lang='lat' dir='ltr'>dita</span> <span class='ocrx_word' id='word_1_155' title='bbox 1043 1333 1074 1373; x_wconf 91' lang='lat' dir='ltr'>ac</span> <span class='ocrx_word' id='word_1_156' title='bbox 1087 1315 1176 1372; x_wconf 87' lang='lat' dir='ltr'>delata</span> <span class='ocrx_word' id='word_1_157' title='bbox 1192 1313 1253 1378; x_wconf 90' lang='lat' dir='ltr'>luit,</span> <span class='ocrx_word' id='word_1_158' title='bbox 1272 1321 1401 1384; x_wconf 84' lang='lat' dir='ltr'>perpetua</span> <span class='ocrx_word' id='word_1_159' title='bbox 1416 1307 1565 1366; x_wconf 81' lang='lat' dir='ltr'>stabilitate</span> <span class='ocrx_word' id='word_1_160' title='bbox 1588 1307 1620 1360; x_wconf 90' lang='lat' dir='ltr'>in</span> <span class='ocrx_word' id='word_1_161' title='bbox 1645 1301 1712 1372; x_wconf 85' lang='lat' dir='ltr'>ejus</span> <span class='ocrx_word' id='word_1_162' title='bbox 1722 1318 1785 1371; x_wconf 76' lang='lat' dir='ltr'>ture</span> 
     </span>
     <span class='ocr_line' id='line_1_13' title="bbox 132 1397 1788 1482; baseline -0.016 -10"><span class='ocrx_word' id='word_1_163' title='bbox 132 1413 411 1472; x_wconf 76' lang='lat' dir='ltr'>sostrasicutetaliae</span> <span class='ocrx_word' id='word_1_164' title='bbox 424 1427 468 1467; x_wconf 90' lang='lat' dir='ltr'>res</span> <span class='ocrx_word' id='word_1_165' title='bbox 482 1410 568 1468; x_wconf 90' lang='lat' dir='ltr'>sancti</span> <span class='ocrx_word' id='word_1_166' title='bbox 584 1409 716 1466; x_wconf 87' lang='lat' dir='ltr'>llauricii.</span> <span class='ocrx_word' id='word_1_167' title='bbox 731 1409 921 1482; x_wconf 74' lang='lat' dir='ltr'>Pracipicntes</span> <span class='ocrx_word' id='word_1_168' title='bbox 972 1410 1111 1464; x_wconf 78' lang='lat' dir='ltr'>eonsismt.</span> <span class='ocrx_word' id='word_1_169' title='bbox 1135 1407 1169 1461; x_wconf 85' lang='lat' dir='ltr'>Et</span> <span class='ocrx_word' id='word_1_170' title='bbox 1183 1404 1313 1476; x_wconf 79' lang='lat' dir='ltr'>quidquid</span> <span class='ocrx_word' id='word_1_171' title='bbox 1325 1404 1436 1459; x_wconf 86' lang='lat' dir='ltr'>abbates</span> <span class='ocrx_word' id='word_1_172' title='bbox 1445 1408 1473 1455; x_wconf 89' lang='lat' dir='ltr'>ct</span> <span class='ocrx_word' id='word_1_173' title='bbox 1487 1397 1589 1452; x_wconf 84' lang='lat' dir='ltr'>iratres</span> <span class='ocrx_word' id='word_1_174' title='bbox 1610 1410 1649 1450; x_wconf 87' lang='lat' dir='ltr'>ac</span> <span class='ocrx_word' id='word_1_175' title='bbox 1670 1400 1788 1466; x_wconf 80' lang='lat' dir='ltr'>agentes</span> 
     </span>
     <span class='ocr_line' id='line_1_14' title="bbox 101 1482 1792 1578; baseline -0.015 -16"><span class='ocrx_word' id='word_1_176' title='bbox 101 1572 104 1577; x_wconf 26' lang='lat'><strong>¹</strong></span> <span class='ocrx_word' id='word_1_177' title='bbox 131 1521 197 1577; x_wconf 86' lang='lat' dir='ltr'>ergo</span> <span class='ocrx_word' id='word_1_178' title='bbox 208 1505 334 1578; x_wconf 88' lang='lat' dir='ltr'>jubemus</span> <span class='ocrx_word' id='word_1_179' title='bbox 355 1511 384 1558; x_wconf 91' lang='lat' dir='ltr'>ut</span> <span class='ocrx_word' id='word_1_180' title='bbox 405 1503 495 1559; x_wconf 86' lang='lat' dir='ltr'>nullus</span> <span class='ocrx_word' id='word_1_181' title='bbox 509 1502 592 1574; x_wconf 83' lang='lat' dir='ltr'>judex</span> <span class='ocrx_word' id='word_1_182' title='bbox 610 1501 733 1572; x_wconf 91' lang='lat' dir='ltr'>publicus</span> <span class='ocrx_word' id='word_1_183' title='bbox 749 1513 837 1571; x_wconf 86' lang='lat' dir='ltr'>neque</span> <span class='ocrx_word' id='word_1_184' title='bbox 848 1495 921 1570; x_wconf 74' lang='lat' dir='ltr'>iudi·</span> <span class='ocrx_word' id='word_1_185' title='bbox 971 1497 1092 1568; x_wconf 86' lang='lat' dir='ltr'>ejusdem</span> <span class='ocrx_word' id='word_1_186' title='bbox 1114 1495 1272 1551; x_wconf 86' lang='lat' dir='ltr'>monasterii</span> <span class='ocrx_word' id='word_1_187' title='bbox 1289 1494 1322 1549; x_wconf 92' lang='lat' dir='ltr'>de</span> <span class='ocrx_word' id='word_1_188' title='bbox 1344 1492 1446 1546; x_wconf 91' lang='lat' dir='ltr'>eisdem</span> <span class='ocrx_word' id='word_1_189' title='bbox 1460 1487 1503 1542; x_wconf 91' lang='lat' dir='ltr'>rel</span> <span class='ocrx_word' id='word_1_190' title='bbox 1524 1488 1553 1541; x_wconf 93' lang='lat' dir='ltr'>in</span> <span class='ocrx_word' id='word_1_191' title='bbox 1566 1484 1683 1541; x_wconf 85' lang='lat' dir='ltr'>eisdem</span> <span class='ocrx_word' id='word_1_192' title='bbox 1706 1482 1792 1538; x_wconf 82' lang='lat' dir='ltr'>rebus</span> 
     </span>
     <span class='ocr_line' id='line_1_15' title="bbox 132 1575 1789 1667; baseline -0.014 -14"><span class='ocrx_word' id='word_1_193' title='bbox 132 1597 216 1653; x_wconf 88' lang='lat' dir='ltr'>ciaria</span> <span class='ocrx_word' id='word_1_194' title='bbox 229 1604 350 1667; x_wconf 86' lang='lat' dir='ltr'>potestas</span> <span class='ocrx_word' id='word_1_195' title='bbox 365 1596 398 1649; x_wconf 89' lang='lat' dir='ltr'>ad</span> <span class='ocrx_word' id='word_1_196' title='bbox 413 1608 510 1649; x_wconf 91' lang='lat' dir='ltr'>causas</span> <span class='ocrx_word' id='word_1_197' title='bbox 527 1592 694 1653; x_wconf 86' lang='lat' dir='ltr'>audiendas,</span> <span class='ocrx_word' id='word_1_198' title='bbox 712 1591 753 1646; x_wconf 88' lang='lat' dir='ltr'>rel</span> <span class='ocrx_word' id='word_1_199' title='bbox 770 1587 845 1646; x_wconf 80' lang='lat' dir='ltr'>freda</span> <span class='ocrx_word' id='word_1_200' title='bbox 861 1590 920 1645; x_wconf 84' lang='lat' dir='ltr'>cti·</span> <span class='ocrx_word' id='word_1_201' title='bbox 969 1592 1031 1662; x_wconf 72' lang='lat' dir='ltr'>jure</span> <span class='ocrx_word' id='word_1_202' title='bbox 1045 1589 1230 1646; x_wconf 78' lang='lat' dir='ltr'>ecclesiastico</span> <span class='ocrx_word' id='word_1_203' title='bbox 1243 1586 1336 1641; x_wconf 88' lang='lat' dir='ltr'>lacere</span> <span class='ocrx_word' id='word_1_204' title='bbox 1346 1582 1528 1645; x_wconf 79' lang='lat' dir='ltr'>decreverint,</span> <span class='ocrx_word' id='word_1_205' title='bbox 1539 1579 1637 1635; x_wconf 88' lang='lat' dir='ltr'>libero</span> <span class='ocrx_word' id='word_1_206' title='bbox 1651 1578 1684 1632; x_wconf 92' lang='lat' dir='ltr'>in</span> <span class='ocrx_word' id='word_1_207' title='bbox 1697 1575 1789 1631; x_wconf 86' lang='lat' dir='ltr'>omui·</span> 
     </span>
     <span class='ocr_line' id='line_1_16' title="bbox 132 1667 1794 1758; baseline -0.015 -16"><span class='ocrx_word' id='word_1_208' title='bbox 132 1687 229 1758; x_wconf 78' lang='lat' dir='ltr'>ganda,</span> <span class='ocrx_word' id='word_1_209' title='bbox 253 1696 301 1742; x_wconf 90' lang='lat' dir='ltr'>aut</span> <span class='ocrx_word' id='word_1_210' title='bbox 320 1686 474 1741; x_wconf 87' lang='lat' dir='ltr'>mansiones</span> <span class='ocrx_word' id='word_1_211' title='bbox 498 1684 540 1740; x_wconf 89' lang='lat' dir='ltr'>rel</span> <span class='ocrx_word' id='word_1_212' title='bbox 564 1693 675 1756; x_wconf 84' lang='lat' dir='ltr'>paratas</span> <span class='ocrx_word' id='word_1_213' title='bbox 699 1680 856 1747; x_wconf 83' lang='lat' dir='ltr'>iaciendas,</span> <span class='ocrx_word' id='word_1_214' title='bbox 875 1689 921 1735; x_wconf 93' lang='lat' dir='ltr'>aut</span> <span class='ocrx_word' id='word_1_215' title='bbox 971 1678 1023 1733; x_wconf 92' lang='lat' dir='ltr'>bus</span> <span class='ocrx_word' id='word_1_216' title='bbox 1039 1675 1214 1748; x_wconf 78' lang='lat' dir='ltr'>&#39;pertruantur</span> <span class='ocrx_word' id='word_1_217' title='bbox 1228 1673 1341 1729; x_wconf 91' lang='lat' dir='ltr'>arbitrio</span> <span class='ocrx_word' id='word_1_218' title='bbox 1360 1669 1484 1726; x_wconf 88' lang='lat' dir='ltr'>laciendi.</span> <span class='ocrx_word' id='word_1_219' title='bbox 1504 1668 1540 1723; x_wconf 84' lang='lat' dir='ltr'>Et</span> <span class='ocrx_word' id='word_1_220' title='bbox 1563 1675 1596 1722; x_wconf 90' lang='lat' dir='ltr'>ut</span> <span class='ocrx_word' id='word_1_221' title='bbox 1612 1667 1679 1722; x_wconf 82' lang='lat' dir='ltr'>baee</span> <span class='ocrx_word' id='word_1_222' title='bbox 1695 1672 1794 1720; x_wconf 83' lang='lat' dir='ltr'>attero·</span> 
     </span>
    </p>
   </div>
   <div class='ocr_carea' id='block_1_4' title="bbox 36 1756 1793 1847">
    <p class='ocr_par' dir='ltr' id='par_1_4' title="bbox 36 1756 1793 1847">
     <span class='ocr_line' id='line_1_17' title="bbox 36 1756 1793 1847; baseline -0.013 -15"><span class='ocrx_word' id='word_1_223' title='bbox 36 1841 39 1847; x_wconf 45' lang='grc'><em>,</em></span> <span class='ocrx_word' id='word_1_224' title='bbox 132 1773 464 1846; x_wconf 84' lang='lat' dir='ltr'>lidejussorestollentlos‚</span> <span class='ocrx_word' id='word_1_225' title='bbox 480 1783 526 1830; x_wconf 89' lang='lat' dir='ltr'>aut</span> <span class='ocrx_word' id='word_1_226' title='bbox 539 1774 663 1830; x_wconf 89' lang='lat' dir='ltr'>homines</span> <span class='ocrx_word' id='word_1_227' title='bbox 681 1771 801 1845; x_wconf 74' lang='lat' dir='ltr'>ejusdem</span> <span class='ocrx_word' id='word_1_228' title='bbox 824 1787 919 1828; x_wconf 90' lang='lat' dir='ltr'>mona-</span> <span class='ocrx_word' id='word_1_229' title='bbox 932 1764 957 1824; x_wconf 86' lang='lat' dir='ltr'>tt</span> <span class='ocrx_word' id='word_1_230' title='bbox 971 1767 1043 1822; x_wconf 82' lang='lat' dir='ltr'>ritas·</span> <span class='ocrx_word' id='word_1_231' title='bbox 1063 1764 1277 1823; x_wconf 80' lang='lat' dir='ltr'>continuationis</span> <span class='ocrx_word' id='word_1_232' title='bbox 1300 1768 1399 1817; x_wconf 76' lang='lat' dir='ltr'>nostre</span> <span class='ocrx_word' id='word_1_233' title='bbox 1424 1767 1479 1814; x_wconf 87' lang='lat' dir='ltr'>tam</span> <span class='ocrx_word' id='word_1_234' title='bbox 1507 1756 1620 1814; x_wconf 86' lang='lat' dir='ltr'>nostris</span> <span class='ocrx_word' id='word_1_235' title='bbox 1646 1771 1737 1828; x_wconf 83' lang='lat' dir='ltr'>quam</span> <span class='ocrx_word' id='word_1_236' title='bbox 1764 1762 1793 1811; x_wconf 88' lang='lat' dir='ltr'>et</span> 
     </span>
    </p>
   </div>
   <div class='ocr_carea' id='block_1_5' title="bbox 132 1844 1792 1938">
    <p class='ocr_par' dir='ltr' id='par_1_5' title="bbox 132 1844 1792 1938">
     <span class='ocr_line' id='line_1_18' title="bbox 132 1844 1792 1938; baseline -0.014 -15"><span class='ocrx_word' id='word_1_237' title='bbox 132 1865 208 1923; x_wconf 88' lang='lat' dir='ltr'>sterii</span> <span class='ocrx_word' id='word_1_238' title='bbox 223 1848 276 1920; x_wconf 79' lang='lat' dir='ltr'>tam</span> <span class='ocrx_word' id='word_1_239' title='bbox 292 1865 423 1938; x_wconf 88' lang='lat' dir='ltr'>ingenuos</span> <span class='ocrx_word' id='word_1_240' title='bbox 434 1880 568 1937; x_wconf 82' lang='lat' dir='ltr'>quamque</span> <span class='ocrx_word' id='word_1_241' title='bbox 583 1881 686 1931; x_wconf 85' lang='lat' dir='ltr'>serras,</span> <span class='ocrx_word' id='word_1_242' title='bbox 707 1864 753 1936; x_wconf 88' lang='lat' dir='ltr'>qui</span> <span class='ocrx_word' id='word_1_243' title='bbox 769 1878 852 1935; x_wconf 91' lang='lat' dir='ltr'>super</span> <span class='ocrx_word' id='word_1_244' title='bbox 868 1872 923 1919; x_wconf 79' lang='lat' dir='ltr'>ter·</span> <span class='ocrx_word' id='word_1_245' title='bbox 973 1855 1072 1911; x_wconf 91' lang='lat' dir='ltr'>luturis</span> <span class='ocrx_word' id='word_1_246' title='bbox 1085 1849 1449 1924; x_wconf 81' lang='lat' dir='ltr'>ternporibusiuriolahiiem</span> <span class='ocrx_word' id='word_1_247' title='bbox 1460 1856 1488 1903; x_wconf 91' lang='lat' dir='ltr'>et</span> <span class='ocrx_word' id='word_1_248' title='bbox 1498 1845 1706 1902; x_wconf 75' lang='lat' dir='ltr'>inconvulsam</span> <span class='ocrx_word' id='word_1_249' title='bbox 1717 1844 1792 1901; x_wconf 87' lang='lat' dir='ltr'>cbti-</span> 
     </span>
    </p>
   </div>
   <div class='ocr_carea' id='block_1_6' title="bbox 131 1934 1797 2746">
    <p class='ocr_par' dir='ltr' id='par_1_6' title="bbox 131 1934 1795 2656">
     <span class='ocr_line' id='line_1_19' title="bbox 132 1934 1793 2038; baseline -0.013 -29"><span class='ocrx_word' id='word_1_250' title='bbox 132 1971 191 2011; x_wconf 91' lang='lat' dir='ltr'>ram</span> <span class='ocrx_word' id='word_1_251' title='bbox 215 1955 299 2027; x_wconf 86' lang='lat' dir='ltr'>ipsius</span> <span class='ocrx_word' id='word_1_252' title='bbox 320 1954 440 2010; x_wconf 88' lang='lat' dir='ltr'>residere</span> <span class='ocrx_word' id='word_1_253' title='bbox 458 1955 603 2020; x_wconf 84' lang='lat' dir='ltr'>ridentur,</span> <span class='ocrx_word' id='word_1_254' title='bbox 631 1954 849 2025; x_wconf 78' lang='lat' dir='ltr'>distringendos,</span> <span class='ocrx_word' id='word_1_255' title='bbox 872 1970 923 2011; x_wconf 92' lang='lat' dir='ltr'>nec</span> <span class='ocrx_word' id='word_1_256' title='bbox 973 1954 1037 2001; x_wconf 75' lang='lat' dir='ltr'>neti</span> <span class='ocrx_word' id='word_1_257' title='bbox 1052 1945 1217 2009; x_wconf 86' lang='lat' dir='ltr'>drmitatem,</span> <span class='ocrx_word' id='word_1_258' title='bbox 1246 1957 1327 1997; x_wconf 85' lang='lat' dir='ltr'>manu</span> <span class='ocrx_word' id='word_1_259' title='bbox 1349 1939 1457 2012; x_wconf 89' lang='lat' dir='ltr'>propria</span> <span class='ocrx_word' id='word_1_260' title='bbox 1481 1936 1579 1994; x_wconf 85' lang='lat' dir='ltr'>subter</span> <span class='ocrx_word' id='word_1_261' title='bbox 1604 1950 1676 2038; x_wconf 80' lang='lat' dir='ltr'>eam</span> <span class='ocrx_word' id='word_1_262' title='bbox 1694 1934 1793 1989; x_wconf 83' lang='lat' dir='ltr'>drma·</span> 
     </span>
     <span class='ocr_line' id='line_1_20' title="bbox 131 2027 1790 2115; baseline -0.013 -13"><span class='ocrx_word' id='word_1_263' title='bbox 131 2047 202 2102; x_wconf 79' lang='lat' dir='ltr'>talias</span> <span class='ocrx_word' id='word_1_264' title='bbox 214 2045 415 2102; x_wconf 84' lang='lat' dir='ltr'>redhibitiones·</span> <span class='ocrx_word' id='word_1_265' title='bbox 424 2045 787 2115; x_wconf 79' lang='lat' dir='ltr'>requirendasutlcanhuam</span> <span class='ocrx_word' id='word_1_266' title='bbox 803 2052 923 2115; x_wconf 89' lang='lat' dir='ltr'>tempore</span> <span class='ocrx_word' id='word_1_267' title='bbox 973 2039 1071 2104; x_wconf 89' lang='lat' dir='ltr'>rimus,</span> <span class='ocrx_word' id='word_1_268' title='bbox 1084 2045 1112 2092; x_wconf 91' lang='lat' dir='ltr'>et</span> <span class='ocrx_word' id='word_1_269' title='bbox 1123 2035 1215 2091; x_wconf 88' lang='lat' dir='ltr'>annali</span> <span class='ocrx_word' id='word_1_270' title='bbox 1228 2033 1312 2090; x_wconf 85' lang='lat' dir='ltr'>nostri</span> <span class='ocrx_word' id='word_1_271' title='bbox 1324 2031 1502 2102; x_wconf 87' lang='lat' dir='ltr'>impressione</span> <span class='ocrx_word' id='word_1_272' title='bbox 1513 2028 1628 2099; x_wconf 78' lang='lat' dir='ltr'>signari</span> <span class='ocrx_word' id='word_1_273' title='bbox 1638 2027 1790 2097; x_wconf 82' lang='lat' dir='ltr'>Jussimtrs.</span> 
     </span>
     <span class='ocr_line' id='line_1_21' title="bbox 132 2120 1588 2209; baseline -0.014 -17"><span class='ocrx_word' id='word_1_274' title='bbox 132 2137 236 2209; x_wconf 86' lang='lat' dir='ltr'>ingredi</span> <span class='ocrx_word' id='word_1_275' title='bbox 251 2136 348 2192; x_wconf 84' lang='lat' dir='ltr'>audeat</span> <span class='ocrx_word' id='word_1_276' title='bbox 361 2153 369 2202; x_wconf 91' lang='lat'>;</span> <span class='ocrx_word' id='word_1_277' title='bbox 384 2144 412 2191; x_wconf 89' lang='lat' dir='ltr'>ct</span> <span class='ocrx_word' id='word_1_278' title='bbox 422 2136 552 2207; x_wconf 76' lang='lat' dir='ltr'>quidquid</span> <span class='ocrx_word' id='word_1_279' title='bbox 564 2136 628 2192; x_wconf 89' lang='lat' dir='ltr'>iude</span> <span class='ocrx_word' id='word_1_280' title='bbox 640 2135 721 2192; x_wconf 80' lang='lat' dir='ltr'>discus</span> <span class='ocrx_word' id='word_1_281' title='bbox 737 2145 864 2192; x_wconf 82' lang='lat' dir='ltr'>exactare</span> <span class='ocrx_word' id='word_1_282' title='bbox 877 2151 925 2206; x_wconf 93' lang='lat' dir='ltr'>po-</span> <span class='ocrx_word' id='word_1_283' title='bbox 1009 2129 1120 2201; x_wconf 88' lang='lat' dir='ltr'>Siguum</span> <span class='ocrx_word' id='word_1_284' title='bbox 1133 2126 1261 2182; x_wconf 85' lang='lat' dir='ltr'>Ludorici</span> <span class='ocrx_word' id='word_1_285' title='bbox 1275 2122 1443 2180; x_wconf 85' lang='lat' dir='ltr'>serenissimi</span> <span class='ocrx_word' id='word_1_286' title='bbox 1456 2120 1588 2191; x_wconf 77' lang='lat' dir='ltr'>Augusti.</span> 
     </span>
     <span class='ocr_line' id='line_1_22' title="bbox 132 2208 1795 2296; baseline -0.011 -14"><span class='ocrx_word' id='word_1_287' title='bbox 132 2226 207 2291; x_wconf 88' lang='lat' dir='ltr'>terit,</span> <span class='ocrx_word' id='word_1_288' title='bbox 221 2232 306 2281; x_wconf 87' lang='lat' dir='ltr'>tetum</span> <span class='ocrx_word' id='word_1_289' title='bbox 319 2240 370 2296; x_wconf 89' lang='lat' dir='ltr'>pro</span> <span class='ocrx_word' id='word_1_290' title='bbox 380 2233 481 2282; x_wconf 80' lang='lat' dir='ltr'>aeterm</span> <span class='ocrx_word' id='word_1_291' title='bbox 497 2227 717 2282; x_wconf 76' lang='lat' dir='ltr'>remuneratione</span> <span class='ocrx_word' id='word_1_292' title='bbox 729 2227 850 2283; x_wconf 84' lang='lat' dir='ltr'>ecclcsiae</span> <span class='ocrx_word' id='word_1_293' title='bbox 861 2242 924 2282; x_wconf 85' lang='lat' dir='ltr'>san-</span> <span class='ocrx_word' id='word_1_294' title='bbox 1008 2220 1075 2274; x_wconf 88' lang='lat' dir='ltr'>bata</span> <span class='ocrx_word' id='word_1_295' title='bbox 1084 2235 1109 2274; x_wconf 88' lang='lat' dir='ltr'>rt</span> <span class='ocrx_word' id='word_1_296' title='bbox 1120 2218 1182 2273; x_wconf 90' lang='lat' dir='ltr'>hlus</span> <span class='ocrx_word' id='word_1_297' title='bbox 1193 2216 1314 2280; x_wconf 87' lang='lat' dir='ltr'>hlartias,</span> <span class='ocrx_word' id='word_1_298' title='bbox 1326 2210 1527 2280; x_wconf 84' lang='lat' dir='ltr'>anno,Christc</span> <span class='ocrx_word' id='word_1_299' title='bbox 1539 2210 1684 2281; x_wconf 88' lang='lat' dir='ltr'>propitio,</span> <span class='ocrx_word' id='word_1_300' title='bbox 1697 2208 1732 2264; x_wconf 83' lang='lat' dir='ltr'>ts</span> <span class='ocrx_word' id='word_1_301' title='bbox 1742 2210 1795 2264; x_wconf 87' lang='lat' dir='ltr'>itu-</span> 
     </span>
     <span class='ocr_line' id='line_1_23' title="bbox 132 2300 1793 2384; baseline -0.01 -14"><span class='ocrx_word' id='word_1_302' title='bbox 132 2315 169 2370; x_wconf 90' lang='lat' dir='ltr'>cti</span> <span class='ocrx_word' id='word_1_303' title='bbox 191 2312 313 2370; x_wconf 87' lang='lat' dir='ltr'>llauricii</span> <span class='ocrx_word' id='word_1_304' title='bbox 328 2315 514 2371; x_wconf 87' lang='lat' dir='ltr'>concedimus.</span> <span class='ocrx_word' id='word_1_305' title='bbox 537 2315 572 2370; x_wconf 79' lang='lat' dir='ltr'>ta</span> <span class='ocrx_word' id='word_1_306' title='bbox 586 2325 616 2371; x_wconf 91' lang='lat' dir='ltr'>ut</span> <span class='ocrx_word' id='word_1_307' title='bbox 638 2316 695 2373; x_wconf 81' lang='lat' dir='ltr'>hee</span> <span class='ocrx_word' id='word_1_308' title='bbox 710 2317 858 2373; x_wconf 75' lang='lat' dir='ltr'>auctoritas</span> <span class='ocrx_word' id='word_1_309' title='bbox 871 2317 924 2372; x_wconf 88' lang='lat' dir='ltr'>lar·</span> <span class='ocrx_word' id='word_1_310' title='bbox 973 2311 1042 2384; x_wconf 92' lang='lat' dir='ltr'>perii</span> <span class='ocrx_word' id='word_1_311' title='bbox 1054 2309 1153 2364; x_wconf 89' lang='lat' dir='ltr'>domiai</span> <span class='ocrx_word' id='word_1_312' title='bbox 1165 2306 1294 2362; x_wconf 85' lang='lat' dir='ltr'>Ludorici</span> <span class='ocrx_word' id='word_1_313' title='bbox 1312 2303 1425 2375; x_wconf 81' lang='lat' dir='ltr'>piissimi</span> <span class='ocrx_word' id='word_1_314' title='bbox 1439 2302 1567 2372; x_wconf 76' lang='lat' dir='ltr'>Augusti,</span> <span class='ocrx_word' id='word_1_315' title='bbox 1585 2300 1750 2356; x_wconf 83' lang='lat' dir='ltr'>indictione</span> <span class='ocrx_word' id='word_1_316' title='bbox 1764 2300 1793 2354; x_wconf 78' lang='grc'>9.</span> 
     </span>
     <span class='ocr_line' id='line_1_24' title="bbox 132 2388 1795 2477; baseline -0.008 -19"><span class='ocrx_word' id='word_1_317' title='bbox 132 2405 335 2475; x_wconf 80' lang='lat' dir='ltr'>gitatismstrte</span> <span class='ocrx_word' id='word_1_318' title='bbox 357 2403 541 2461; x_wconf 79' lang='lat' dir='ltr'>inviolabilem</span> <span class='ocrx_word' id='word_1_319' title='bbox 556 2405 676 2462; x_wconf 89' lang='lat' dir='ltr'>obtineat</span> <span class='ocrx_word' id='word_1_320' title='bbox 692 2407 824 2477; x_wconf 88' lang='lat' dir='ltr'>vigorem,</span> <span class='ocrx_word' id='word_1_321' title='bbox 843 2424 923 2473; x_wconf 88' lang='lat' dir='ltr'>manu</span> <span class='ocrx_word' id='word_1_322' title='bbox 973 2403 1069 2458; x_wconf 81' lang='lat' dir='ltr'>hetttm</span> <span class='ocrx_word' id='word_1_323' title='bbox 1083 2395 1356 2471; x_wconf 74' lang='lat' dir='ltr'>aquisgranipalatio</span> <span class='ocrx_word' id='word_1_324' title='bbox 1374 2393 1447 2466; x_wconf 89' lang='lat' dir='ltr'>regio</span> <span class='ocrx_word' id='word_1_325' title='bbox 1461 2392 1487 2446; x_wconf 88' lang='lat' dir='ltr'>itt</span> <span class='ocrx_word' id='word_1_326' title='bbox 1503 2388 1795 2447; x_wconf 78' lang='lat' dir='ltr'>beinomiuelelic&#39;t-</span> 
     </span>
     <span class='ocr_line' id='line_1_25' title="bbox 131 2491 1142 2575; baseline -0.006 -26"><span class='ocrx_word' id='word_1_327' title='bbox 131 2495 239 2566; x_wconf 87' lang='lat' dir='ltr'>pmpria</span> <span class='ocrx_word' id='word_1_328' title='bbox 254 2495 347 2550; x_wconf 87' lang='lat' dir='ltr'>subter</span> <span class='ocrx_word' id='word_1_329' title='bbox 369 2494 537 2550; x_wconf 79' lang='lat' dir='ltr'>firmavimus</span> <span class='ocrx_word' id='word_1_330' title='bbox 550 2503 577 2550; x_wconf 91' lang='lat' dir='ltr'>et</span> <span class='ocrx_word' id='word_1_331' title='bbox 589 2494 787 2575; x_wconf 27' lang='lat' dir='ltr'>annuli-nostri</span> <span class='ocrx_word' id='word_1_332' title='bbox 808 2496 923 2567; x_wconf 87' lang='lat' dir='ltr'>impres·</span> <span class='ocrx_word' id='word_1_333' title='bbox 975 2503 1026 2548; x_wconf 87' lang='lat' dir='ltr'>ter.</span> <span class='ocrx_word' id='word_1_334' title='bbox 1045 2491 1142 2547; x_wconf 68' lang='lat' dir='ltr'>macir.</span> 
     </span>
     <span class='ocr_line' id='line_1_26' title="bbox 132 2574 1434 2656; baseline -0.009 -16"><span class='ocrx_word' id='word_1_335' title='bbox 132 2584 209 2640; x_wconf 86' lang='lat' dir='ltr'>sinae</span> <span class='ocrx_word' id='word_1_336' title='bbox 223 2585 323 2656; x_wconf 89' lang='lat' dir='ltr'>sigttarl</span> <span class='ocrx_word' id='word_1_337' title='bbox 335 2584 477 2656; x_wconf 75' lang='lat' dir='ltr'>jussimus.</span> <span class='ocrx_word' id='word_1_338' title='bbox 1345 2574 1434 2631; x_wconf 72' lang='lat' dir='ltr'>CLxl.</span> 
     </span>
    </p>

    <p class='ocr_par' dir='ltr' id='par_1_7' title="bbox 168 2672 1797 2746">
     <span class='ocr_line' id='line_1_27' title="bbox 168 2672 1797 2746; baseline -0.007 -18"><span class='ocrx_word' id='word_1_339' title='bbox 168 2672 280 2744; x_wconf 88' lang='lat' dir='ltr'>Signum</span> <span class='ocrx_word' id='word_1_340' title='bbox 294 2673 424 2729; x_wconf 78' lang='lat' dir='ltr'>Lmlcriai</span> <span class='ocrx_word' id='word_1_341' title='bbox 437 2674 603 2729; x_wconf 81' lang='lat' dir='ltr'>serenissimi</span> <span class='ocrx_word' id='word_1_342' title='bbox 615 2675 798 2746; x_wconf 83' lang='lat' dir='ltr'>imperatoris.</span> <span class='ocrx_word' id='word_1_343' title='bbox 976 2689 1026 2728; x_wconf 81' lang='lat' dir='ltr'>etc</span> <span class='ocrx_word' id='word_1_344' title='bbox 1051 2684 1190 2726; x_wconf 79' lang='lat' dir='ltr'>artratrro</span> <span class='ocrx_word' id='word_1_345' title='bbox 1208 2680 1310 2723; x_wconf 83' lang='lat' dir='ltr'>taetra</span> <span class='ocrx_word' id='word_1_346' title='bbox 1325 2677 1484 2720; x_wconf 79' lang='lat' dir='ltr'>uorasratttt</span> <span class='ocrx_word' id='word_1_347' title='bbox 1501 2678 1656 2718; x_wconf 75' lang='lat' dir='ltr'>rtacssrtt</span> <span class='ocrx_word' id='word_1_348' title='bbox 1676 2679 1710 2717; x_wconf 78' lang='lat' dir='ltr'>ur</span> <span class='ocrx_word' id='word_1_349' title='bbox 1728 2678 1797 2717; x_wconf 80' lang='lat' dir='ltr'>rta-</span> 
     </span>
    </p>
   </div>
   <div class='ocr_carea' id='block_1_7' title="bbox 133 2748 1466 2927">
    <p class='ocr_par' dir='ltr' id='par_1_8' title="bbox 133 2748 1466 2927">
     <span class='ocr_line' id='line_1_28' title="bbox 167 2748 1424 2839; baseline -0.01 -19"><span class='ocrx_word' id='word_1_350' title='bbox 167 2763 236 2820; x_wconf 84' lang='lat' dir='ltr'>bata</span> <span class='ocrx_word' id='word_1_351' title='bbox 252 2781 270 2820; x_wconf 88' lang='lat' dir='ltr'>r</span> <span class='ocrx_word' id='word_1_352' title='bbox 283 2765 375 2822; x_wconf 82' lang='lat' dir='ltr'>Nonas</span> <span class='ocrx_word' id='word_1_353' title='bbox 386 2754 507 2832; x_wconf 79' lang='lat' dir='ltr'>litanias,</span> <span class='ocrx_word' id='word_1_354' title='bbox 526 2781 608 2833; x_wconf 86' lang='lat' dir='ltr'>anno,</span> <span class='ocrx_word' id='word_1_355' title='bbox 621 2766 730 2822; x_wconf 87' lang='lat' dir='ltr'>Christo</span> <span class='ocrx_word' id='word_1_356' title='bbox 744 2768 874 2838; x_wconf 90' lang='lat' dir='ltr'>propitio,</span> <span class='ocrx_word' id='word_1_357' title='bbox 891 2768 925 2823; x_wconf 90' lang='lat' dir='ltr'>l8</span> <span class='ocrx_word' id='word_1_358' title='bbox 1323 2748 1424 2839; x_wconf 50' lang='lat' dir='ltr'>lum:</span> 
     </span>
     <span class='ocr_line' id='line_1_29' title="bbox 133 2821 1466 2927; baseline -0.012 -18"><span class='ocrx_word' id='word_1_359' title='bbox 133 2853 223 2909; x_wconf 80' lang='lat' dir='ltr'>domm</span> <span class='ocrx_word' id='word_1_360' title='bbox 240 2853 368 2910; x_wconf 74' lang='lat' dir='ltr'>Ludorlcl</span> <span class='ocrx_word' id='word_1_361' title='bbox 388 2855 556 2911; x_wconf 85' lang='lat' dir='ltr'>serenissimi</span> <span class='ocrx_word' id='word_1_362' title='bbox 578 2854 713 2927; x_wconf 73' lang='lat' dir='ltr'>Augusti,</span> <span class='ocrx_word' id='word_1_363' title='bbox 735 2856 881 2913; x_wconf 73' lang='lat' dir='ltr'>indictione</span> <span class='ocrx_word' id='word_1_364' title='bbox 892 2857 922 2913; x_wconf 77' lang='grc'>9,</span> <span class='ocrx_word' id='word_1_365' title='bbox 1286 2824 1372 2897; x_wconf 63' lang='lat' dir='ltr'>(Am</span> <span class='ocrx_word' id='word_1_366' title='bbox 1391 2821 1466 2893; x_wconf 58' lang='grc'>811·)</span> 
     </span>
    </p>
   </div>
   <div class='ocr_carea' id='block_1_8' title="bbox 132 2913 1794 3019">
    <p class='ocr_par' dir='ltr' id='par_1_9' title="bbox 132 2913 1794 3019">
     <span class='ocr_line' id='line_1_30' title="bbox 132 2913 1794 3019; baseline -0.007 -21"><span class='ocrx_word' id='word_1_367' title='bbox 132 2945 230 2999; x_wconf 79' lang='lat' dir='ltr'>Actum</span> <span class='ocrx_word' id='word_1_368' title='bbox 245 2944 407 3019; x_wconf 77' lang='lat' dir='ltr'>hacisgranl</span> <span class='ocrx_word' id='word_1_369' title='bbox 426 2945 527 3016; x_wconf 90' lang='lat' dir='ltr'>palatio</span> <span class='ocrx_word' id='word_1_370' title='bbox 539 2947 615 3018; x_wconf 85' lang='lat' dir='ltr'>regio</span> <span class='ocrx_word' id='word_1_371' title='bbox 634 2947 663 3002; x_wconf 91' lang='lat' dir='ltr'>in</span> <span class='ocrx_word' id='word_1_372' title='bbox 683 2947 730 3005; x_wconf 89' lang='lat' dir='ltr'>bei</span> <span class='ocrx_word' id='word_1_373' title='bbox 743 2948 851 3005; x_wconf 92' lang='lat' dir='ltr'>nominc</span> <span class='ocrx_word' id='word_1_374' title='bbox 864 2947 924 3005; x_wconf 84' lang='lat' dir='ltr'>leli-</span> <span class='ocrx_word' id='word_1_375' title='bbox 976 2924 1065 2999; x_wconf 61' lang='lat' dir='ltr'>[Olffld</span> <span class='ocrx_word' id='word_1_376' title='bbox 1077 2920 1232 2985; x_wconf 63' lang='lat' dir='ltr'>Chesslllumv</span> <span class='ocrx_word' id='word_1_377' title='bbox 1250 2917 1347 2989; x_wconf 70' lang='lat' dir='ltr'>serapt.</span> <span class='ocrx_word' id='word_1_378' title='bbox 1365 2916 1424 2971; x_wconf 66' lang='lat'>⁸⁶7·</span> <span class='ocrx_word' id='word_1_379' title='bbox 1441 2914 1545 2970; x_wconf 54' lang='grc' dir='ltr'>ΓΜ·</span> <span class='ocrx_word' id='word_1_380' title='bbox 1563 2924 1587 2970; x_wconf 70' lang='lat'>²·</span> <span class='ocrx_word' id='word_1_381' title='bbox 1605 2915 1655 2982; x_wconf 65' lang='grc' dir='ltr'>ων</span> <span class='ocrx_word' id='word_1_382' title='bbox 1672 2913 1794 2988; x_wconf 56' lang='grc'><strong>11631]</strong></span> 
     </span>
    </p>
   </div>
   <div class='ocr_carea' id='block_1_9' title="bbox 132 3025 1793 5744">
    <p class='ocr_par' dir='ltr' id='par_1_10' title="bbox 132 3025 1793 5744">
     <span class='ocr_line' id='line_1_31' title="bbox 133 3025 1792 3092; baseline -0.004 -3"><span class='ocrx_word' id='word_1_383' title='bbox 133 3034 209 3089; x_wconf 82' lang='lat' dir='ltr'>citer.</span> <span class='ocrx_word' id='word_1_384' title='bbox 1010 3035 1039 3091; x_wconf 95' lang='lat' dir='ltr'>ln</span> <span class='ocrx_word' id='word_1_385' title='bbox 1053 3035 1160 3090; x_wconf 91' lang='lat' dir='ltr'>nontine</span> <span class='ocrx_word' id='word_1_386' title='bbox 1173 3030 1279 3086; x_wconf 86' lang='lat' dir='ltr'>bantini</span> <span class='ocrx_word' id='word_1_387' title='bbox 1300 3028 1347 3083; x_wconf 86' lang='lat' dir='ltr'>bei</span> <span class='ocrx_word' id='word_1_388' title='bbox 1367 3035 1395 3084; x_wconf 89' lang='lat' dir='ltr'>et</span> <span class='ocrx_word' id='word_1_389' title='bbox 1407 3025 1565 3082; x_wconf 81' lang='lat' dir='ltr'>Salratoris</span> <span class='ocrx_word' id='word_1_390' title='bbox 1581 3026 1655 3085; x_wconf 68' lang='lat' dir='ltr'>lesu</span> <span class='ocrx_word' id='word_1_391' title='bbox 1676 3028 1792 3092; x_wconf 84' lang='lat' dir='ltr'>Christi,</span> 
     </span>
     <span class='ocr_line' id='line_1_32' title="bbox 168 3099 1792 3199; baseline -0.004 -19"><span class='ocrx_word' id='word_1_392' title='bbox 168 3125 326 3183; x_wconf 83' lang='lat' dir='ltr'>llclisachar</span> <span class='ocrx_word' id='word_1_393' title='bbox 341 3129 495 3199; x_wconf 76' lang='lat' dir='ltr'>recognovi.</span> <span class='ocrx_word' id='word_1_394' title='bbox 938 3099 960 3160; x_wconf 70' lang='lat' dir='ltr'>C</span> <span class='ocrx_word' id='word_1_395' title='bbox 975 3125 1136 3189; x_wconf 83' lang='lat' dir='ltr'>badericus,</span> <span class='ocrx_word' id='word_1_396' title='bbox 1159 3122 1249 3178; x_wconf 89' lang='lat' dir='ltr'>dirina</span> <span class='ocrx_word' id='word_1_397' title='bbox 1263 3119 1405 3175; x_wconf 88' lang='lat' dir='ltr'>ordinante</span> <span class='ocrx_word' id='word_1_398' title='bbox 1420 3119 1614 3190; x_wconf 83' lang='lat' dir='ltr'>providentia,</span> <span class='ocrx_word' id='word_1_399' title='bbox 1638 3120 1792 3191; x_wconf 84' lang='lat' dir='ltr'>imperator</span> 
     </span>
     <span class='ocr_line' id='line_1_33' title="bbox 488 3214 1122 3286; baseline -0.008 -13"><span class='ocrx_word' id='word_1_400' title='bbox 488 3218 567 3273; x_wconf 75' lang='lat' dir='ltr'><strong>CLX.</strong></span> <span class='ocrx_word' id='word_1_401' title='bbox 975 3214 1122 3286; x_wconf 66' lang='lat' dir='ltr'>sergestus.</span> 
     </span>
     <span class='ocr_line' id='line_1_34' title="bbox 303 3299 1791 3375; baseline -0.001 -17"><span class='ocrx_word' id='word_1_402' title='bbox 303 3320 354 3360; x_wconf 89' lang='lat' dir='ltr'>rto</span> <span class='ocrx_word' id='word_1_403' title='bbox 370 3321 538 3362; x_wconf 79' lang='lat' dir='ltr'>uontsratttc</span> <span class='ocrx_word' id='word_1_404' title='bbox 552 3323 755 3366; x_wconf 75' lang='lat' dir='ltr'>mautatcsrst.</span> <span class='ocrx_word' id='word_1_405' title='bbox 1010 3304 1140 3360; x_wconf 87' lang='lat' dir='ltr'>(httuibus</span> <span class='ocrx_word' id='word_1_406' title='bbox 1154 3303 1298 3375; x_wconf 87' lang='lat' dir='ltr'>episcopis,</span> <span class='ocrx_word' id='word_1_407' title='bbox 1324 3299 1467 3355; x_wconf 88' lang='lat' dir='ltr'>abbatibus</span> <span class='ocrx_word' id='word_1_408' title='bbox 1479 3307 1509 3354; x_wconf 87' lang='lat' dir='ltr'>et</span> <span class='ocrx_word' id='word_1_409' title='bbox 1524 3300 1666 3368; x_wconf 88' lang='lat' dir='ltr'>ducibus,</span> <span class='ocrx_word' id='word_1_410' title='bbox 1683 3301 1791 3358; x_wconf 78' lang='lat' dir='ltr'>comiti·</span> 
     </span>
     <span class='ocr_line' id='line_1_35' title="bbox 437 3390 1788 3467; baseline 0.001 -18"><span class='ocrx_word' id='word_1_411' title='bbox 437 3395 523 3467; x_wconf 75' lang='lat' dir='ltr'>(dano</span> <span class='ocrx_word' id='word_1_412' title='bbox 540 3396 614 3467; x_wconf 75' lang='lat' dir='ltr'>sat).</span> <span class='ocrx_word' id='word_1_413' title='bbox 975 3395 1035 3459; x_wconf 85' lang='lat' dir='ltr'>bus,</span> <span class='ocrx_word' id='word_1_414' title='bbox 1055 3393 1211 3458; x_wconf 86' lang='lat' dir='ltr'>castaldeis,</span> <span class='ocrx_word' id='word_1_415' title='bbox 1225 3391 1398 3456; x_wconf 88' lang='lat' dir='ltr'>actionariis,</span> <span class='ocrx_word' id='word_1_416' title='bbox 1408 3390 1531 3455; x_wconf 76' lang='lat' dir='ltr'>vicariis,</span> <span class='ocrx_word' id='word_1_417' title='bbox 1546 3395 1728 3450; x_wconf 84' lang='lat' dir='ltr'>centenariis</span> <span class='ocrx_word' id='word_1_418' title='bbox 1741 3409 1788 3449; x_wconf 62' lang='lat' dir='ltr'><strong><em>w</em></strong></span> 
     </span>
     <span class='ocr_line' id='line_1_36' title="bbox 134 3481 1793 3559; baseline -0.003 -17"><span class='ocrx_word' id='word_1_419' title='bbox 134 3485 185 3559; x_wconf 74' lang='lat' dir='ltr'>[er</span> <span class='ocrx_word' id='word_1_420' title='bbox 205 3483 372 3542; x_wconf 83' lang='lat' dir='ltr'>chartulario</span> <span class='ocrx_word' id='word_1_421' title='bbox 393 3484 423 3540; x_wconf 82' lang='lat' dir='ltr'>S.</span> <span class='ocrx_word' id='word_1_422' title='bbox 446 3484 552 3542; x_wconf 91' lang='lat' dir='ltr'>llartini</span> <span class='ocrx_word' id='word_1_423' title='bbox 567 3486 682 3553; x_wconf 81' lang='lat' dir='ltr'>Toron,</span> <span class='ocrx_word' id='word_1_424' title='bbox 707 3489 779 3559; x_wconf 89' lang='lat' dir='ltr'>apud</span> <span class='ocrx_word' id='word_1_425' title='bbox 802 3490 834 3545; x_wconf 87' lang='grc'><strong>1).</strong></span> <span class='ocrx_word' id='word_1_426' title='bbox 857 3490 925 3547; x_wconf 73' lang='lat' dir='ltr'>Bou</span> <span class='ocrx_word' id='word_1_427' title='bbox 976 3485 1095 3556; x_wconf 86' lang='lat' dir='ltr'>terisque</span> <span class='ocrx_word' id='word_1_428' title='bbox 1107 3481 1230 3538; x_wconf 83' lang='lat' dir='ltr'>fidelibus</span> <span class='ocrx_word' id='word_1_429' title='bbox 1250 3482 1361 3546; x_wconf 91' lang='lat' dir='ltr'>nostris,</span> <span class='ocrx_word' id='word_1_430' title='bbox 1378 3481 1565 3553; x_wconf 75' lang='lat' dir='ltr'>praesentibus</span> <span class='ocrx_word' id='word_1_431' title='bbox 1579 3482 1693 3539; x_wconf 87' lang='lat' dir='ltr'>scilicet</span> <span class='ocrx_word' id='word_1_432' title='bbox 1706 3492 1737 3540; x_wconf 87' lang='lat' dir='ltr'>et</span> <span class='ocrx_word' id='word_1_433' title='bbox 1749 3484 1793 3538; x_wconf 88' lang='lat' dir='ltr'>iu·</span> 
     </span>
     <span class='ocr_line' id='line_1_37' title="bbox 347 3572 1793 3650; baseline 0.002 -19"><span class='ocrx_word' id='word_1_434' title='bbox 347 3584 434 3646; x_wconf 77' lang='lat' dir='ltr'>quet,</span> <span class='ocrx_word' id='word_1_435' title='bbox 451 3584 516 3632; x_wconf 90' lang='lat' dir='ltr'>tout.</span> <span class='ocrx_word' id='word_1_436' title='bbox 531 3577 576 3642; x_wconf 81' lang='lat' dir='ltr'>tt,</span> <span class='ocrx_word' id='word_1_437' title='bbox 590 3592 618 3647; x_wconf 88' lang='lat' dir='ltr'>p.</span> <span class='ocrx_word' id='word_1_438' title='bbox 632 3576 707 3650; x_wconf 63' lang='grc'><strong>1171]</strong></span> <span class='ocrx_word' id='word_1_439' title='bbox 977 3578 1057 3643; x_wconf 86' lang='lat' dir='ltr'>tttris,</span> <span class='ocrx_word' id='word_1_440' title='bbox 1080 3585 1173 3631; x_wconf 92' lang='lat' dir='ltr'>notum</span> <span class='ocrx_word' id='word_1_441' title='bbox 1187 3575 1224 3630; x_wconf 88' lang='lat' dir='ltr'>sit</span> <span class='ocrx_word' id='word_1_442' title='bbox 1244 3573 1308 3645; x_wconf 86' lang='lat' dir='ltr'>quia</span> <span class='ocrx_word' id='word_1_443' title='bbox 1322 3572 1486 3629; x_wconf 74' lang='lat' dir='ltr'>venerabilis</span> <span class='ocrx_word' id='word_1_444' title='bbox 1499 3573 1681 3646; x_wconf 83' lang='lat' dir='ltr'>Epiphanius</span> <span class='ocrx_word' id='word_1_445' title='bbox 1707 3577 1793 3634; x_wconf 83' lang='lat' dir='ltr'>abbas</span> 
     </span>
     <span class='ocr_line' id='line_1_38' title="bbox 168 3663 1791 3736; baseline 0.001 -16"><span class='ocrx_word' id='word_1_446' title='bbox 168 3663 198 3720; x_wconf 88' lang='lat' dir='ltr'>ln</span> <span class='ocrx_word' id='word_1_447' title='bbox 215 3663 326 3721; x_wconf 82' lang='lat' dir='ltr'>nomiae</span> <span class='ocrx_word' id='word_1_448' title='bbox 347 3664 454 3721; x_wconf 82' lang='lat' dir='ltr'>bmnlni</span> <span class='ocrx_word' id='word_1_449' title='bbox 479 3665 568 3720; x_wconf 83' lang='lat' dir='ltr'>belet</span> <span class='ocrx_word' id='word_1_450' title='bbox 589 3664 739 3723; x_wconf 80' lang='lat' dir='ltr'>Salvatoris</span> <span class='ocrx_word' id='word_1_451' title='bbox 760 3670 846 3724; x_wconf 86' lang='lat' dir='ltr'>nostri</span> <span class='ocrx_word' id='word_1_452' title='bbox 862 3668 926 3727; x_wconf 87' lang='lat' dir='ltr'>lesu</span> <span class='ocrx_word' id='word_1_453' title='bbox 976 3667 1133 3724; x_wconf 90' lang='lat' dir='ltr'>monasterii</span> <span class='ocrx_word' id='word_1_454' title='bbox 1145 3664 1173 3721; x_wconf 86' lang='lat' dir='ltr'>S.</span> <span class='ocrx_word' id='word_1_455' title='bbox 1190 3664 1325 3721; x_wconf 65' lang='lat' dir='ltr'>vincentii</span> <span class='ocrx_word' id='word_1_456' title='bbox 1342 3664 1490 3735; x_wconf 77' lang='lat' dir='ltr'>martyris,</span> <span class='ocrx_word' id='word_1_457' title='bbox 1507 3664 1588 3736; x_wconf 88' lang='lat' dir='ltr'>quod</span> <span class='ocrx_word' id='word_1_458' title='bbox 1601 3667 1689 3721; x_wconf 88' lang='lat' dir='ltr'>situtn</span> <span class='ocrx_word' id='word_1_459' title='bbox 1706 3676 1752 3722; x_wconf 90' lang='lat' dir='ltr'>est</span> <span class='ocrx_word' id='word_1_460' title='bbox 1765 3669 1791 3722; x_wconf 87' lang='lat' dir='ltr'>iu</span> 
     </span>
     <span class='ocr_line' id='line_1_39' title="bbox 132 3753 1791 3830; baseline 0.001 -17"><span class='ocrx_word' id='word_1_461' title='bbox 132 3755 252 3822; x_wconf 81' lang='lat' dir='ltr'>Christi,</span> <span class='ocrx_word' id='word_1_462' title='bbox 276 3754 440 3823; x_wconf 84' lang='lat' dir='ltr'>Ludoricus,</span> <span class='ocrx_word' id='word_1_463' title='bbox 467 3756 557 3812; x_wconf 84' lang='lat' dir='ltr'>diviua</span> <span class='ocrx_word' id='word_1_464' title='bbox 583 3757 727 3814; x_wconf 90' lang='lat' dir='ltr'>ordinante</span> <span class='ocrx_word' id='word_1_465' title='bbox 744 3759 925 3828; x_wconf 81' lang='lat' dir='ltr'>providentia,</span> <span class='ocrx_word' id='word_1_466' title='bbox 977 3759 1114 3815; x_wconf 90' lang='lat' dir='ltr'>territorio</span> <span class='ocrx_word' id='word_1_467' title='bbox 1128 3753 1530 3826; x_wconf 84' lang='lat' dir='ltr'>Benet·entanosuperllurium</span> <span class='ocrx_word' id='word_1_468' title='bbox 1544 3755 1791 3830; x_wconf 74' lang='lat' dir='ltr'>Vulturnumpcr</span> 
     </span>
     <span class='ocr_line' id='line_1_40' title="bbox 134 3846 1791 3925; baseline 0.004 -25"><span class='ocrx_word' id='word_1_469' title='bbox 134 3846 285 3916; x_wconf 77' lang='lat' dir='ltr'>imperator</span> <span class='ocrx_word' id='word_1_470' title='bbox 295 3846 443 3917; x_wconf 73' lang='lat' dir='ltr'>Augustus.</span> <span class='ocrx_word' id='word_1_471' title='bbox 976 3853 1078 3925; x_wconf 84' lang='lat' dir='ltr'>legatos</span> <span class='ocrx_word' id='word_1_472' title='bbox 1092 3868 1156 3909; x_wconf 87' lang='lat' dir='ltr'>sues</span> <span class='ocrx_word' id='word_1_473' title='bbox 1178 3851 1277 3907; x_wconf 77' lang='lat' dir='ltr'>direxit</span> <span class='ocrx_word' id='word_1_474' title='bbox 1291 3849 1325 3904; x_wconf 90' lang='lat' dir='ltr'>ad</span> <span class='ocrx_word' id='word_1_475' title='bbox 1349 3865 1397 3905; x_wconf 92' lang='lat' dir='ltr'>uos</span> <span class='ocrx_word' id='word_1_476' title='bbox 1420 3851 1576 3921; x_wconf 86' lang='lat' dir='ltr'>quamdam</span> <span class='ocrx_word' id='word_1_477' title='bbox 1600 3852 1791 3910; x_wconf 70' lang='lat' dir='ltr'>continuatis</span> 
     </span>
     <span class='ocr_line' id='line_1_41' title="bbox 168 3934 1791 4018; baseline 0.009 -27"><span class='ocrx_word' id='word_1_478' title='bbox 168 3934 267 3992; x_wconf 78' lang='lat' dir='ltr'>lictum</span> <span class='ocrx_word' id='word_1_479' title='bbox 288 3949 350 3992; x_wconf 85' lang='lat' dir='ltr'>esse</span> <span class='ocrx_word' id='word_1_480' title='bbox 372 3936 497 3993; x_wconf 76' lang='lat' dir='ltr'>volumus</span> <span class='ocrx_word' id='word_1_481' title='bbox 516 3938 643 3994; x_wconf 84' lang='lat' dir='ltr'>omnibus</span> <span class='ocrx_word' id='word_1_482' title='bbox 667 3938 792 3996; x_wconf 85' lang='lat' dir='ltr'>lldelibus</span> <span class='ocrx_word' id='word_1_483' title='bbox 814 3942 925 4008; x_wconf 84' lang='lat' dir='ltr'>nostris,</span> <span class='ocrx_word' id='word_1_484' title='bbox 976 3962 1038 4003; x_wconf 85' lang='lat' dir='ltr'>nem</span> <span class='ocrx_word' id='word_1_485' title='bbox 1053 3962 1134 4018; x_wconf 85' lang='lat' dir='ltr'>quant</span> <span class='ocrx_word' id='word_1_486' title='bbox 1153 3945 1245 4016; x_wconf 79' lang='lat' dir='ltr'>topos</span> <span class='ocrx_word' id='word_1_487' title='bbox 1266 3948 1404 4018; x_wconf 85' lang='lat' dir='ltr'>quondam</span> <span class='ocrx_word' id='word_1_488' title='bbox 1418 3944 1471 4000; x_wconf 78' lang='lat' dir='ltr'>dux</span> <span class='ocrx_word' id='word_1_489' title='bbox 1490 3950 1671 4004; x_wconf 84' lang='lat' dir='ltr'>monasterio</span> <span class='ocrx_word' id='word_1_490' title='bbox 1688 3965 1791 4005; x_wconf 85' lang='lat' dir='ltr'>tarato-</span> 
     </span>
     <span class='ocr_line' id='line_1_42' title="bbox 132 4030 1789 4108; baseline 0.006 -23"><span class='ocrx_word' id='word_1_491' title='bbox 132 4030 314 4103; x_wconf 77' lang='lat' dir='ltr'>pressntibus</span> <span class='ocrx_word' id='word_1_492' title='bbox 334 4031 440 4088; x_wconf 87' lang='lat' dir='ltr'>seilicet</span> <span class='ocrx_word' id='word_1_493' title='bbox 463 4040 492 4088; x_wconf 86' lang='lat' dir='ltr'>et</span> <span class='ocrx_word' id='word_1_494' title='bbox 514 4031 629 4100; x_wconf 88' lang='lat' dir='ltr'>lutatis,</span> <span class='ocrx_word' id='word_1_495' title='bbox 653 4034 717 4103; x_wconf 83' lang='lat' dir='ltr'>quia</span> <span class='ocrx_word' id='word_1_496' title='bbox 734 4033 821 4090; x_wconf 82' lang='lat' dir='ltr'>tidelis</span> <span class='ocrx_word' id='word_1_497' title='bbox 834 4044 928 4092; x_wconf 87' lang='lat' dir='ltr'>noster</span> <span class='ocrx_word' id='word_1_498' title='bbox 977 4038 1028 4092; x_wconf 88' lang='lat' dir='ltr'>rati</span> <span class='ocrx_word' id='word_1_499' title='bbox 1051 4035 1080 4092; x_wconf 86' lang='lat' dir='ltr'>S.</span> <span class='ocrx_word' id='word_1_500' title='bbox 1107 4034 1240 4092; x_wconf 73' lang='lat' dir='ltr'>vincentii</span> <span class='ocrx_word' id='word_1_501' title='bbox 1255 4036 1396 4108; x_wconf 74' lang='lat' dir='ltr'>martyris,</span> <span class='ocrx_word' id='word_1_502' title='bbox 1424 4034 1458 4089; x_wconf 92' lang='lat' dir='ltr'>de</span> <span class='ocrx_word' id='word_1_503' title='bbox 1480 4034 1657 4105; x_wconf 79' lang='lat' dir='ltr'>quibusdam</span> <span class='ocrx_word' id='word_1_504' title='bbox 1672 4040 1747 4095; x_wconf 85' lang='lat' dir='ltr'>casis</span> <span class='ocrx_word' id='word_1_505' title='bbox 1763 4041 1789 4094; x_wconf 90' lang='lat' dir='ltr'>ia</span> 
     </span>
     <span class='ocr_line' id='line_1_43' title="bbox 133 4121 1792 4200; baseline 0.004 -22"><span class='ocrx_word' id='word_1_506' title='bbox 133 4123 302 4180; x_wconf 69' lang='lat' dir='ltr'>venerabilis</span> <span class='ocrx_word' id='word_1_507' title='bbox 318 4121 477 4193; x_wconf 82' lang='lat' dir='ltr'>l&#39;ritbtgisus</span> <span class='ocrx_word' id='word_1_508' title='bbox 496 4124 581 4179; x_wconf 86' lang='lat' dir='ltr'>abbas</span> <span class='ocrx_word' id='word_1_509' title='bbox 595 4126 754 4181; x_wconf 89' lang='lat' dir='ltr'>monasterii</span> <span class='ocrx_word' id='word_1_510' title='bbox 771 4125 800 4181; x_wconf 87' lang='lat' dir='ltr'>S.</span> <span class='ocrx_word' id='word_1_511' title='bbox 818 4126 926 4182; x_wconf 84' lang='lat' dir='ltr'>llartini</span> <span class='ocrx_word' id='word_1_512' title='bbox 976 4127 1117 4183; x_wconf 73' lang='lat' dir='ltr'>Amiterno</span> <span class='ocrx_word' id='word_1_513' title='bbox 1132 4135 1161 4182; x_wconf 91' lang='lat' dir='ltr'>et</span> <span class='ocrx_word' id='word_1_514' title='bbox 1173 4126 1273 4183; x_wconf 84' lang='lat' dir='ltr'>Sarino</span> <span class='ocrx_word' id='word_1_515' title='bbox 1287 4126 1400 4191; x_wconf 87' lang='lat' dir='ltr'>lecerat,</span> <span class='ocrx_word' id='word_1_516' title='bbox 1425 4137 1532 4179; x_wconf 90' lang='lat' dir='ltr'>necnon</span> <span class='ocrx_word' id='word_1_517' title='bbox 1557 4135 1586 4182; x_wconf 92' lang='lat' dir='ltr'>et</span> <span class='ocrx_word' id='word_1_518' title='bbox 1606 4139 1734 4198; x_wconf 81' lang='lat' dir='ltr'>quatitur</span> <span class='ocrx_word' id='word_1_519' title='bbox 1747 4129 1792 4200; x_wconf 77' lang='lat' dir='ltr'>iu·</span> 
     </span>
     <span class='ocr_line' id='line_1_44' title="bbox 134 4213 1790 4289; baseline 0.003 -17"><span class='ocrx_word' id='word_1_520' title='bbox 134 4217 252 4273; x_wconf 87' lang='lat' dir='ltr'>innotuit</span> <span class='ocrx_word' id='word_1_521' title='bbox 264 4214 464 4270; x_wconf 71' lang='lat' dir='ltr'>maasehtdini</span> <span class='ocrx_word' id='word_1_522' title='bbox 477 4222 578 4270; x_wconf 76' lang='lat' dir='ltr'>nostrae</span> <span class='ocrx_word' id='word_1_523' title='bbox 596 4217 668 4286; x_wconf 85' lang='lat' dir='ltr'>quod</span> <span class='ocrx_word' id='word_1_524' title='bbox 680 4224 836 4273; x_wconf 85' lang='lat' dir='ltr'>antecessor</span> <span class='ocrx_word' id='word_1_525' title='bbox 850 4233 925 4283; x_wconf 89' lang='lat' dir='ltr'>suus,</span> <span class='ocrx_word' id='word_1_526' title='bbox 977 4223 1064 4278; x_wconf 88' lang='lat' dir='ltr'>dicata</span> <span class='ocrx_word' id='word_1_527' title='bbox 1077 4219 1110 4275; x_wconf 90' lang='lat' dir='ltr'>de</span> <span class='ocrx_word' id='word_1_528' title='bbox 1123 4219 1283 4289; x_wconf 86' lang='lat' dir='ltr'>quibusdam</span> <span class='ocrx_word' id='word_1_529' title='bbox 1299 4218 1385 4273; x_wconf 88' lang='lat' dir='ltr'>serris</span> <span class='ocrx_word' id='word_1_530' title='bbox 1403 4223 1433 4270; x_wconf 91' lang='lat' dir='ltr'>ct</span> <span class='ocrx_word' id='word_1_531' title='bbox 1444 4213 1554 4271; x_wconf 87' lang='lat' dir='ltr'>ancillis</span> <span class='ocrx_word' id='word_1_532' title='bbox 1567 4231 1605 4273; x_wconf 84' lang='lat' dir='ltr'>ex</span> <span class='ocrx_word' id='word_1_533' title='bbox 1619 4219 1689 4276; x_wconf 81' lang='lat' dir='ltr'>tilla</span> <span class='ocrx_word' id='word_1_534' title='bbox 1702 4221 1790 4289; x_wconf 80' lang='lat' dir='ltr'>Trita,</span> 
     </span>
     <span class='ocr_line' id='line_1_45' title="bbox 134 4304 1789 4382; baseline 0.002 -19"><span class='ocrx_word' id='word_1_535' title='bbox 134 4309 243 4363; x_wconf 90' lang='lat' dir='ltr'>nomine</span> <span class='ocrx_word' id='word_1_536' title='bbox 257 4305 363 4372; x_wconf 85' lang='lat' dir='ltr'>iterius,</span> <span class='ocrx_word' id='word_1_537' title='bbox 377 4305 646 4377; x_wconf 79' lang='lat' dir='ltr'>qttcadameittsdem</span> <span class='ocrx_word' id='word_1_538' title='bbox 661 4307 926 4374; x_wconf 84' lang='lat' dir='ltr'>monasteriiabbat,</span> <span class='ocrx_word' id='word_1_539' title='bbox 976 4311 1022 4381; x_wconf 88' lang='lat' dir='ltr'>qui</span> <span class='ocrx_word' id='word_1_540' title='bbox 1047 4324 1077 4364; x_wconf 90' lang='lat' dir='ltr'>sc</span> <span class='ocrx_word' id='word_1_541' title='bbox 1093 4309 1254 4364; x_wconf 87' lang='lat' dir='ltr'>subtrahere</span> <span class='ocrx_word' id='word_1_542' title='bbox 1278 4306 1398 4363; x_wconf 91' lang='lat' dir='ltr'>adebito</span> <span class='ocrx_word' id='word_1_543' title='bbox 1413 4304 1527 4360; x_wconf 77' lang='lat' dir='ltr'>servitio</span> <span class='ocrx_word' id='word_1_544' title='bbox 1541 4310 1627 4376; x_wconf 85' lang='lat' dir='ltr'>quasi</span> <span class='ocrx_word' id='word_1_545' title='bbox 1652 4325 1706 4381; x_wconf 89' lang='lat' dir='ltr'>per</span> <span class='ocrx_word' id='word_1_546' title='bbox 1723 4327 1789 4382; x_wconf 72' lang='lat' dir='ltr'>prs·-</span> 
     </span>
     <span class='ocr_line' id='line_1_46' title="bbox 133 4393 1790 4472; baseline 0.001 -19"><span class='ocrx_word' id='word_1_547' title='bbox 133 4399 272 4471; x_wconf 84' lang='lat' dir='ltr'>quoddam</span> <span class='ocrx_word' id='word_1_548' title='bbox 285 4398 499 4464; x_wconf 80' lang='lat' dir='ltr'>monasterium,</span> <span class='ocrx_word' id='word_1_549' title='bbox 521 4398 598 4470; x_wconf 71' lang='lat' dir='ltr'>eidus</span> <span class='ocrx_word' id='word_1_550' title='bbox 613 4400 772 4456; x_wconf 85' lang='lat' dir='ltr'>vocabulum</span> <span class='ocrx_word' id='word_1_551' title='bbox 796 4410 840 4456; x_wconf 86' lang='lat' dir='ltr'>est</span> <span class='ocrx_word' id='word_1_552' title='bbox 859 4401 925 4457; x_wconf 88' lang='lat' dir='ltr'>Cor-</span> <span class='ocrx_word' id='word_1_553' title='bbox 976 4407 1053 4469; x_wconf 89' lang='lat' dir='ltr'>cepta</span> <span class='ocrx_word' id='word_1_554' title='bbox 1068 4399 1166 4454; x_wconf 92' lang='lat' dir='ltr'>ducunt</span> <span class='ocrx_word' id='word_1_555' title='bbox 1180 4398 1345 4452; x_wconf 89' lang='lat' dir='ltr'>nitebantur.</span> <span class='ocrx_word' id='word_1_556' title='bbox 1369 4394 1433 4463; x_wconf 80' lang='lat' dir='ltr'>Quae</span> <span class='ocrx_word' id='word_1_557' title='bbox 1448 4393 1475 4448; x_wconf 93' lang='lat' dir='ltr'>in</span> <span class='ocrx_word' id='word_1_558' title='bbox 1490 4399 1649 4464; x_wconf 83' lang='lat' dir='ltr'>praesentia</span> <span class='ocrx_word' id='word_1_559' title='bbox 1667 4399 1790 4472; x_wconf 83' lang='lat' dir='ltr'>Suppcni</span> 
     </span>
     <span class='ocr_line' id='line_1_47' title="bbox 133 4488 1787 4563; baseline 0.002 -15"><span class='ocrx_word' id='word_1_560' title='bbox 133 4488 266 4558; x_wconf 73' lang='lat' dir='ltr'>rusticus,</span> <span class='ocrx_word' id='word_1_561' title='bbox 281 4505 362 4562; x_wconf 84' lang='lat' dir='ltr'>super</span> <span class='ocrx_word' id='word_1_562' title='bbox 375 4489 509 4560; x_wconf 81' lang='lat' dir='ltr'>hugerem</span> <span class='ocrx_word' id='word_1_563' title='bbox 523 4488 632 4545; x_wconf 87' lang='lat' dir='ltr'>durium</span> <span class='ocrx_word' id='word_1_564' title='bbox 650 4506 667 4545; x_wconf 81' lang='lat' dir='ltr'>a</span> <span class='ocrx_word' id='word_1_565' title='bbox 684 4504 754 4548; x_wconf 85' lang='lat' dir='ltr'>noro</span> <span class='ocrx_word' id='word_1_566' title='bbox 766 4505 848 4563; x_wconf 84' lang='lat' dir='ltr'>opere</span> <span class='ocrx_word' id='word_1_567' title='bbox 862 4506 926 4548; x_wconf 87' lang='lat' dir='ltr'>eou-</span> <span class='ocrx_word' id='word_1_568' title='bbox 977 4492 1095 4556; x_wconf 88' lang='lat' dir='ltr'>comitis,</span> <span class='ocrx_word' id='word_1_569' title='bbox 1111 4507 1144 4546; x_wconf 90' lang='lat' dir='ltr'>ac</span> <span class='ocrx_word' id='word_1_570' title='bbox 1153 4490 1306 4554; x_wconf 86' lang='lat' dir='ltr'>Benedicti,</span> <span class='ocrx_word' id='word_1_571' title='bbox 1315 4488 1442 4558; x_wconf 88' lang='lat' dir='ltr'>llilpiani,</span> <span class='ocrx_word' id='word_1_572' title='bbox 1463 4495 1493 4543; x_wconf 90' lang='lat' dir='ltr'>et</span> <span class='ocrx_word' id='word_1_573' title='bbox 1506 4488 1639 4549; x_wconf 78' lang='lat' dir='ltr'>hnslridi</span> <span class='ocrx_word' id='word_1_574' title='bbox 1653 4496 1787 4552; x_wconf 49' lang='lat' dir='ltr'>castel&amp;</span> 
     </span>
     <span class='ocr_line' id='line_1_48' title="bbox 134 4581 1786 4654; baseline -0.001 -16"><span class='ocrx_word' id='word_1_575' title='bbox 134 4583 281 4649; x_wconf 82' lang='lat' dir='ltr'>struxerit,</span> <span class='ocrx_word' id='word_1_576' title='bbox 304 4591 386 4652; x_wconf 76' lang='lat' dir='ltr'>atque</span> <span class='ocrx_word' id='word_1_577' title='bbox 405 4582 443 4637; x_wconf 91' lang='lat' dir='ltr'>lbi</span> <span class='ocrx_word' id='word_1_578' title='bbox 466 4583 619 4639; x_wconf 86' lang='lat' dir='ltr'>monachos.</span> <span class='ocrx_word' id='word_1_579' title='bbox 634 4585 781 4640; x_wconf 84' lang='lat' dir='ltr'>secundam</span> <span class='ocrx_word' id='word_1_580' title='bbox 804 4599 927 4641; x_wconf 88' lang='lat' dir='ltr'>normam</span> <span class='ocrx_word' id='word_1_581' title='bbox 977 4601 1037 4641; x_wconf 87' lang='lat' dir='ltr'>nrm</span> <span class='ocrx_word' id='word_1_582' title='bbox 1062 4592 1276 4652; x_wconf 78' lang='lat' dir='ltr'>ceterorumque</span> <span class='ocrx_word' id='word_1_583' title='bbox 1303 4582 1495 4646; x_wconf 81' lang='lat' dir='ltr'>scabinorum,</span> <span class='ocrx_word' id='word_1_584' title='bbox 1519 4581 1558 4637; x_wconf 84' lang='lat' dir='ltr'>de</span> <span class='ocrx_word' id='word_1_585' title='bbox 1588 4587 1786 4654; x_wconf 63' lang='lat' dir='ltr'>praedictorum</span> 
     </span>
     <span class='ocr_line' id='line_1_49' title="bbox 134 4671 1786 4745; baseline 0.004 -15"><span class='ocrx_word' id='word_1_586' title='bbox 134 4674 221 4731; x_wconf 86' lang='lat' dir='ltr'>sattcti</span> <span class='ocrx_word' id='word_1_587' title='bbox 232 4673 370 4730; x_wconf 82' lang='lat' dir='ltr'>Benedicti</span> <span class='ocrx_word' id='word_1_588' title='bbox 381 4673 472 4728; x_wconf 85' lang='lat' dir='ltr'>virere</span> <span class='ocrx_word' id='word_1_589' title='bbox 485 4673 643 4740; x_wconf 85' lang='lat' dir='ltr'>instituerit,</span> <span class='ocrx_word' id='word_1_590' title='bbox 658 4675 703 4729; x_wconf 92' lang='lat' dir='ltr'>ubl</span> <span class='ocrx_word' id='word_1_591' title='bbox 719 4676 845 4745; x_wconf 74' lang='lat' dir='ltr'>presenti</span> <span class='ocrx_word' id='word_1_592' title='bbox 859 4683 928 4730; x_wconf 90' lang='lat' dir='ltr'>tem-</span> <span class='ocrx_word' id='word_1_593' title='bbox 976 4677 1116 4732; x_wconf 88' lang='lat' dir='ltr'>hominum</span> <span class='ocrx_word' id='word_1_594' title='bbox 1137 4682 1210 4728; x_wconf 89' lang='lat' dir='ltr'>statu</span> <span class='ocrx_word' id='word_1_595' title='bbox 1231 4683 1291 4728; x_wconf 90' lang='lat' dir='ltr'>acta</span> <span class='ocrx_word' id='word_1_596' title='bbox 1307 4673 1423 4728; x_wconf 87' lang='lat' dir='ltr'>itteraat.</span> <span class='ocrx_word' id='word_1_597' title='bbox 1452 4671 1485 4726; x_wconf 85' lang='lat' dir='ltr'>Et</span> <span class='ocrx_word' id='word_1_598' title='bbox 1499 4675 1586 4742; x_wconf 89' lang='lat' dir='ltr'>petiit</span> <span class='ocrx_word' id='word_1_599' title='bbox 1597 4686 1628 4730; x_wconf 94' lang='lat' dir='ltr'>ut</span> <span class='ocrx_word' id='word_1_600' title='bbox 1648 4677 1786 4736; x_wconf 74' lang='lat' dir='ltr'>firmitatis</span> 
     </span>
     <span class='ocr_line' id='line_1_50' title="bbox 133 4762 1784 4839; baseline 0.003 -18"><span class='ocrx_word' id='word_1_601' title='bbox 133 4779 200 4835; x_wconf 90' lang='lat' dir='ltr'>pore</span> <span class='ocrx_word' id='word_1_602' title='bbox 214 4762 297 4821; x_wconf 88' lang='lat' dir='ltr'>laceb</span> <span class='ocrx_word' id='word_1_603' title='bbox 310 4764 394 4820; x_wconf 85' lang='lat' dir='ltr'>abbas</span> <span class='ocrx_word' id='word_1_604' title='bbox 407 4777 468 4820; x_wconf 84' lang='lat' dir='ltr'>esse</span> <span class='ocrx_word' id='word_1_605' title='bbox 481 4763 659 4834; x_wconf 77' lang='lat' dir='ltr'>dignoscitur.</span> <span class='ocrx_word' id='word_1_606' title='bbox 676 4762 730 4820; x_wconf 87' lang='lat' dir='ltr'>Sed</span> <span class='ocrx_word' id='word_1_607' title='bbox 743 4766 806 4836; x_wconf 85' lang='lat' dir='ltr'>quia</span> <span class='ocrx_word' id='word_1_608' title='bbox 822 4766 928 4820; x_wconf 89' lang='lat' dir='ltr'>habita-</span> <span class='ocrx_word' id='word_1_609' title='bbox 977 4768 1063 4837; x_wconf 90' lang='lat' dir='ltr'>gratia</span> <span class='ocrx_word' id='word_1_610' title='bbox 1078 4775 1178 4820; x_wconf 86' lang='lat' dir='ltr'>nostrae</span> <span class='ocrx_word' id='word_1_611' title='bbox 1200 4763 1413 4820; x_wconf 81' lang='lat' dir='ltr'>consumationis</span> <span class='ocrx_word' id='word_1_612' title='bbox 1427 4763 1626 4821; x_wconf 86' lang='lat' dir='ltr'>auctoritatem</span> <span class='ocrx_word' id='word_1_613' title='bbox 1651 4784 1740 4839; x_wconf 84' lang='lat' dir='ltr'>super</span> <span class='ocrx_word' id='word_1_614' title='bbox 1756 4786 1784 4826; x_wconf 82' lang='lat' dir='ltr'>et</span> 
     </span>
     <span class='ocr_line' id='line_1_51' title="bbox 134 4852 1785 4932; baseline 0.002 -22"><span class='ocrx_word' id='word_1_615' title='bbox 134 4855 195 4911; x_wconf 86' lang='lat' dir='ltr'>cola</span> <span class='ocrx_word' id='word_1_616' title='bbox 209 4852 322 4909; x_wconf 76' lang='lat' dir='ltr'>fratrum</span> <span class='ocrx_word' id='word_1_617' title='bbox 337 4853 403 4909; x_wconf 89' lang='lat' dir='ltr'>inibi</span> <span class='ocrx_word' id='word_1_618' title='bbox 420 4853 575 4924; x_wconf 90' lang='lat' dir='ltr'>degentium</span> <span class='ocrx_word' id='word_1_619' title='bbox 588 4870 642 4910; x_wconf 90' lang='lat' dir='ltr'>aon</span> <span class='ocrx_word' id='word_1_620' title='bbox 658 4856 805 4912; x_wconf 87' lang='lat' dir='ltr'>secundum</span> <span class='ocrx_word' id='word_1_621' title='bbox 818 4857 844 4910; x_wconf 95' lang='lat' dir='ltr'>id</span> <span class='ocrx_word' id='word_1_622' title='bbox 855 4857 926 4927; x_wconf 82' lang='lat' dir='ltr'>quod</span> <span class='ocrx_word' id='word_1_623' title='bbox 979 4858 1036 4913; x_wconf 87' lang='lat' dir='ltr'>deri</span> <span class='ocrx_word' id='word_1_624' title='bbox 1047 4858 1212 4928; x_wconf 85' lang='lat' dir='ltr'>juberemus.</span> <span class='ocrx_word' id='word_1_625' title='bbox 1226 4854 1309 4925; x_wconf 82' lang='lat' dir='ltr'>Cujus</span> <span class='ocrx_word' id='word_1_626' title='bbox 1323 4855 1478 4924; x_wconf 90' lang='lat' dir='ltr'>petitionem</span> <span class='ocrx_word' id='word_1_627' title='bbox 1491 4856 1695 4925; x_wconf 82' lang='lat' dir='ltr'>exaudientes,</span> <span class='ocrx_word' id='word_1_628' title='bbox 1708 4877 1785 4932; x_wconf 82' lang='lat' dir='ltr'>snper</span> 
     </span>
     <span class='ocr_line' id='line_1_52' title="bbox 134 4942 1784 5017; baseline 0.004 -16"><span class='ocrx_word' id='word_1_629' title='bbox 134 4944 228 5017; x_wconf 86' lang='lat' dir='ltr'>regula</span> <span class='ocrx_word' id='word_1_630' title='bbox 239 4944 326 5000; x_wconf 77' lang='lat' dir='ltr'>macti</span> <span class='ocrx_word' id='word_1_631' title='bbox 340 4942 478 4999; x_wconf 82' lang='lat' dir='ltr'>Benedicti</span> <span class='ocrx_word' id='word_1_632' title='bbox 491 4946 662 5014; x_wconf 75' lang='lat' dir='ltr'>exposcebat,</span> <span class='ocrx_word' id='word_1_633' title='bbox 677 4953 832 5003; x_wconf 86' lang='lat' dir='ltr'>coastrttcta</span> <span class='ocrx_word' id='word_1_634' title='bbox 844 4944 928 5001; x_wconf 86' lang='lat' dir='ltr'>habe-</span> <span class='ocrx_word' id='word_1_635' title='bbox 980 4949 1145 5003; x_wconf 88' lang='lat' dir='ltr'>nominatam</span> <span class='ocrx_word' id='word_1_636' title='bbox 1156 4945 1389 5000; x_wconf 79' lang='lat' dir='ltr'>condennationem</span> <span class='ocrx_word' id='word_1_637' title='bbox 1404 4958 1436 4999; x_wconf 87' lang='lat' dir='ltr'>ac</span> <span class='ocrx_word' id='word_1_638' title='bbox 1455 4942 1583 5013; x_wconf 84' lang='lat' dir='ltr'>judicata</span> <span class='ocrx_word' id='word_1_639' title='bbox 1608 4947 1667 5005; x_wconf 88' lang='lat' dir='ltr'>hoc</span> <span class='ocrx_word' id='word_1_640' title='bbox 1689 4960 1784 5007; x_wconf 82' lang='lat' dir='ltr'>nosue</span> 
     </span>
     <span class='ocr_line' id='line_1_53' title="bbox 134 5031 1786 5113; baseline 0.003 -21"><span class='ocrx_word' id='word_1_641' title='bbox 134 5035 249 5102; x_wconf 82' lang='lat' dir='ltr'>bantur,</span> <span class='ocrx_word' id='word_1_642' title='bbox 262 5033 358 5089; x_wconf 86' lang='lat' dir='ltr'>eadem</span> <span class='ocrx_word' id='word_1_643' title='bbox 375 5031 528 5087; x_wconf 86' lang='lat' dir='ltr'>habitacula</span> <span class='ocrx_word' id='word_1_644' title='bbox 542 5033 614 5089; x_wconf 89' lang='lat' dir='ltr'>idem</span> <span class='ocrx_word' id='word_1_645' title='bbox 626 5035 683 5103; x_wconf 89' lang='lat' dir='ltr'>ipsc</span> <span class='ocrx_word' id='word_1_646' title='bbox 695 5033 857 5106; x_wconf 82' lang='lat' dir='ltr'>Fridugisus</span> <span class='ocrx_word' id='word_1_647' title='bbox 869 5049 927 5090; x_wconf 91' lang='lat' dir='ltr'>mc·</span> <span class='ocrx_word' id='word_1_648' title='bbox 980 5034 1192 5093; x_wconf 75' lang='lat' dir='ltr'>confirmationis</span> <span class='ocrx_word' id='word_1_649' title='bbox 1221 5043 1386 5104; x_wconf 82' lang='lat' dir='ltr'>praeceptum</span> <span class='ocrx_word' id='word_1_650' title='bbox 1419 5033 1477 5088; x_wconf 87' lang='lat' dir='ltr'>deri</span> <span class='ocrx_word' id='word_1_651' title='bbox 1505 5034 1713 5100; x_wconf 82' lang='lat' dir='ltr'>decrerimas,</span> <span class='ocrx_word' id='word_1_652' title='bbox 1738 5057 1786 5113; x_wconf 84' lang='lat' dir='ltr'>prr</span> 
     </span>
     <span class='ocr_line' id='line_1_54' title="bbox 133 5120 1784 5196; baseline 0.001 -14"><span class='ocrx_word' id='word_1_653' title='bbox 133 5127 187 5184; x_wconf 92' lang='lat' dir='ltr'>lius</span> <span class='ocrx_word' id='word_1_654' title='bbox 198 5133 227 5182; x_wconf 92' lang='lat' dir='ltr'>et</span> <span class='ocrx_word' id='word_1_655' title='bbox 243 5122 385 5181; x_wconf 85' lang='lat' dir='ltr'>honestius</span> <span class='ocrx_word' id='word_1_656' title='bbox 397 5120 571 5188; x_wconf 76' lang='lat' dir='ltr'>reformarit,</span> <span class='ocrx_word' id='word_1_657' title='bbox 594 5130 622 5178; x_wconf 90' lang='lat' dir='ltr'>et</span> <span class='ocrx_word' id='word_1_658' title='bbox 638 5123 672 5178; x_wconf 88' lang='lat' dir='ltr'>ad</span> <span class='ocrx_word' id='word_1_659' title='bbox 685 5124 809 5180; x_wconf 89' lang='lat' dir='ltr'>decorem</span> <span class='ocrx_word' id='word_1_660' title='bbox 832 5131 860 5179; x_wconf 89' lang='lat' dir='ltr'>et</span> <span class='ocrx_word' id='word_1_661' title='bbox 879 5125 927 5180; x_wconf 78' lang='lat' dir='ltr'>bo</span> <span class='ocrx_word' id='word_1_662' title='bbox 980 5127 1052 5196; x_wconf 89' lang='lat' dir='ltr'>quod</span> <span class='ocrx_word' id='word_1_663' title='bbox 1065 5126 1235 5180; x_wconf 87' lang='lat' dir='ltr'>decernimus</span> <span class='ocrx_word' id='word_1_664' title='bbox 1250 5134 1330 5193; x_wconf 86' lang='lat' dir='ltr'>atque</span> <span class='ocrx_word' id='word_1_665' title='bbox 1350 5123 1476 5194; x_wconf 82' lang='lat' dir='ltr'>jubemus</span> <span class='ocrx_word' id='word_1_666' title='bbox 1489 5131 1519 5177; x_wconf 93' lang='lat' dir='ltr'>ut</span> <span class='ocrx_word' id='word_1_667' title='bbox 1533 5126 1631 5183; x_wconf 89' lang='lat' dir='ltr'>nullus</span> <span class='ocrx_word' id='word_1_668' title='bbox 1648 5141 1784 5194; x_wconf 85' lang='lat' dir='ltr'>restrum,</span> 
     </span>
     <span class='ocr_line' id='line_1_55' title="bbox 134 5213 1784 5289; baseline 0 -13"><span class='ocrx_word' id='word_1_669' title='bbox 134 5223 267 5276; x_wconf 87' lang='lat' dir='ltr'>ncstatem</span> <span class='ocrx_word' id='word_1_670' title='bbox 281 5213 401 5286; x_wconf 84' lang='lat' dir='ltr'>ejusdem</span> <span class='ocrx_word' id='word_1_671' title='bbox 414 5215 572 5271; x_wconf 87' lang='lat' dir='ltr'>monasterii</span> <span class='ocrx_word' id='word_1_672' title='bbox 584 5214 727 5271; x_wconf 87' lang='lat' dir='ltr'>ecclesiam</span> <span class='ocrx_word' id='word_1_673' title='bbox 741 5230 837 5271; x_wconf 86' lang='lat' dir='ltr'>anoro</span> <span class='ocrx_word' id='word_1_674' title='bbox 846 5231 929 5289; x_wconf 89' lang='lat' dir='ltr'>opere</span> <span class='ocrx_word' id='word_1_675' title='bbox 981 5226 1028 5270; x_wconf 89' lang='lat' dir='ltr'>aut</span> <span class='ocrx_word' id='word_1_676' title='bbox 1044 5228 1231 5270; x_wconf 85' lang='lat' dir='ltr'>successorum</span> <span class='ocrx_word' id='word_1_677' title='bbox 1245 5223 1396 5269; x_wconf 77' lang='lat' dir='ltr'>aestrorum</span> <span class='ocrx_word' id='word_1_678' title='bbox 1418 5213 1452 5268; x_wconf 91' lang='lat' dir='ltr'>de</span> <span class='ocrx_word' id='word_1_679' title='bbox 1471 5217 1638 5273; x_wconf 83' lang='lat' dir='ltr'>memoratis</span> <span class='ocrx_word' id='word_1_680' title='bbox 1655 5219 1745 5286; x_wconf 83' lang='lat' dir='ltr'>loris,</span> <span class='ocrx_word' id='word_1_681' title='bbox 1758 5224 1784 5276; x_wconf 90' lang='lat' dir='ltr'>ia</span> 
     </span>
     <span class='ocr_line' id='line_1_56' title="bbox 133 5304 1786 5380; baseline -0.001 -15"><span class='ocrx_word' id='word_1_682' title='bbox 133 5308 201 5365; x_wconf 92' lang='lat' dir='ltr'>iuibi</span> <span class='ocrx_word' id='word_1_683' title='bbox 215 5306 337 5364; x_wconf 89' lang='lat' dir='ltr'>construi</span> <span class='ocrx_word' id='word_1_684' title='bbox 349 5304 434 5373; x_wconf 88' lang='lat' dir='ltr'>lecit,</span> <span class='ocrx_word' id='word_1_685' title='bbox 452 5313 480 5363; x_wconf 90' lang='lat' dir='ltr'>et</span> <span class='ocrx_word' id='word_1_686' title='bbox 492 5305 525 5362; x_wconf 91' lang='lat' dir='ltr'>de</span> <span class='ocrx_word' id='word_1_687' title='bbox 539 5306 620 5362; x_wconf 89' lang='lat' dir='ltr'>rebus</span> <span class='ocrx_word' id='word_1_688' title='bbox 637 5306 724 5361; x_wconf 89' lang='lat' dir='ltr'>sancti</span> <span class='ocrx_word' id='word_1_689' title='bbox 741 5305 847 5361; x_wconf 86' lang='lat' dir='ltr'>hiartiui</span> <span class='ocrx_word' id='word_1_690' title='bbox 867 5323 927 5378; x_wconf 78' lang='lat' dir='ltr'>qttte</span> <span class='ocrx_word' id='word_1_691' title='bbox 979 5308 1077 5380; x_wconf 80' lang='lat' dir='ltr'>utribus</span> <span class='ocrx_word' id='word_1_692' title='bbox 1089 5307 1236 5364; x_wconf 75' lang='lat' dir='ltr'>meandum</span> <span class='ocrx_word' id='word_1_693' title='bbox 1258 5312 1470 5361; x_wconf 84' lang='lat' dir='ltr'>memoratorum</span> <span class='ocrx_word' id='word_1_694' title='bbox 1484 5305 1645 5375; x_wconf 81' lang='lat' dir='ltr'>legatorum</span> <span class='ocrx_word' id='word_1_695' title='bbox 1658 5312 1786 5366; x_wconf 70' lang='lat' dir='ltr'>assertio</span> 
     </span>
     <span class='ocr_line' id='line_1_57' title="bbox 134 5395 1788 5469; baseline 0.003 -16"><span class='ocrx_word' id='word_1_696' title='bbox 134 5407 199 5454; x_wconf 85' lang='lat' dir='ltr'>sunt</span> <span class='ocrx_word' id='word_1_697' title='bbox 213 5398 241 5453; x_wconf 91' lang='lat' dir='ltr'>iu</span> <span class='ocrx_word' id='word_1_698' title='bbox 254 5395 391 5454; x_wconf 84' lang='lat' dir='ltr'>Turonico</span> <span class='ocrx_word' id='word_1_699' title='bbox 408 5411 488 5468; x_wconf 92' lang='lat' dir='ltr'>pago,</span> <span class='ocrx_word' id='word_1_700' title='bbox 510 5396 537 5452; x_wconf 93' lang='lat' dir='ltr'>id</span> <span class='ocrx_word' id='word_1_701' title='bbox 551 5406 601 5461; x_wconf 88' lang='lat' dir='ltr'>est,</span> <span class='ocrx_word' id='word_1_702' title='bbox 617 5396 650 5451; x_wconf 90' lang='lat' dir='ltr'>de</span> <span class='ocrx_word' id='word_1_703' title='bbox 664 5395 727 5452; x_wconf 89' lang='lat' dir='ltr'>tilla</span> <span class='ocrx_word' id='word_1_704' title='bbox 741 5411 801 5466; x_wconf 77' lang='lat' dir='ltr'>quac</span> <span class='ocrx_word' id='word_1_705' title='bbox 815 5408 928 5454; x_wconf 86' lang='lat' dir='ltr'>vocatur</span> <span class='ocrx_word' id='word_1_706' title='bbox 979 5413 1124 5456; x_wconf 76' lang='lat' dir='ltr'>nemcasee</span> <span class='ocrx_word' id='word_1_707' title='bbox 1141 5397 1236 5469; x_wconf 80' lang='lat' dir='ltr'>viginti</span> <span class='ocrx_word' id='word_1_708' title='bbox 1258 5406 1384 5468; x_wconf 83' lang='lat' dir='ltr'>quatuor,</span> <span class='ocrx_word' id='word_1_709' title='bbox 1407 5411 1469 5452; x_wconf 89' lang='lat' dir='ltr'>cunt</span> <span class='ocrx_word' id='word_1_710' title='bbox 1482 5396 1599 5454; x_wconf 86' lang='lat' dir='ltr'>totidem</span> <span class='ocrx_word' id='word_1_711' title='bbox 1624 5400 1788 5458; x_wconf 80' lang='lat' dir='ltr'>bominibus</span> 
     </span>
     <span class='ocr_line' id='line_1_58' title="bbox 136 5485 1783 5562; baseline 0.004 -21"><span class='ocrx_word' id='word_1_712' title='bbox 136 5489 257 5544; x_wconf 83' lang='lat' dir='ltr'>hlardoni</span> <span class='ocrx_word' id='word_1_713' title='bbox 270 5486 361 5560; x_wconf 71' lang='lat' dir='ltr'>(Nune</span> <span class='ocrx_word' id='word_1_714' title='bbox 371 5489 569 5559; x_wconf 87' lang='lat' dir='ltr'>Brunotoium),</span> <span class='ocrx_word' id='word_1_715' title='bbox 583 5488 706 5543; x_wconf 87' lang='lat' dir='ltr'>eamdem</span> <span class='ocrx_word' id='word_1_716' title='bbox 720 5489 863 5544; x_wconf 90' lang='lat' dir='ltr'>ecclesiam</span> <span class='ocrx_word' id='word_1_717' title='bbox 879 5490 928 5545; x_wconf 89' lang='lat' dir='ltr'>do·</span> <span class='ocrx_word' id='word_1_718' title='bbox 980 5493 1006 5546; x_wconf 91' lang='lat' dir='ltr'>in</span> <span class='ocrx_word' id='word_1_719' title='bbox 1022 5493 1063 5548; x_wconf 90' lang='lat' dir='ltr'>eis</span> <span class='ocrx_word' id='word_1_720' title='bbox 1075 5489 1304 5553; x_wconf 84' lang='lat' dir='ltr'>consistentibus,</span> <span class='ocrx_word' id='word_1_721' title='bbox 1319 5485 1381 5544; x_wconf 71' lang='lat' dir='ltr'>sitae</span> <span class='ocrx_word' id='word_1_722' title='bbox 1392 5501 1454 5543; x_wconf 90' lang='lat' dir='ltr'>esse</span> <span class='ocrx_word' id='word_1_723' title='bbox 1466 5499 1649 5557; x_wconf 88' lang='lat' dir='ltr'>noscuntur,</span> <span class='ocrx_word' id='word_1_724' title='bbox 1665 5505 1783 5562; x_wconf 79' lang='lat' dir='ltr'>quotum</span> 
     </span>
     <span class='ocr_line' id='line_1_59' title="bbox 137 5578 1781 5652; baseline 0.005 -20"><span class='ocrx_word' id='word_1_725' title='bbox 137 5579 245 5634; x_wconf 85' lang='lat' dir='ltr'>tarerit.</span> <span class='ocrx_word' id='word_1_726' title='bbox 259 5579 374 5648; x_wconf 79' lang='lat' dir='ltr'>l‘ropter</span> <span class='ocrx_word' id='word_1_727' title='bbox 386 5578 438 5634; x_wconf 87' lang='lat' dir='ltr'>buc</span> <span class='ocrx_word' id='word_1_728' title='bbox 450 5579 529 5649; x_wconf 87' lang='lat' dir='ltr'>petiit</span> <span class='ocrx_word' id='word_1_729' title='bbox 546 5593 579 5634; x_wconf 92' lang='lat' dir='ltr'>ac</span> <span class='ocrx_word' id='word_1_730' title='bbox 592 5579 753 5648; x_wconf 88' lang='lat' dir='ltr'>deprecatus</span> <span class='ocrx_word' id='word_1_731' title='bbox 765 5587 807 5635; x_wconf 88' lang='lat' dir='ltr'>est</span> <span class='ocrx_word' id='word_1_732' title='bbox 822 5595 881 5646; x_wconf 87' lang='lat' dir='ltr'>aas,</span> <span class='ocrx_word' id='word_1_733' title='bbox 896 5590 927 5634; x_wconf 90' lang='lat' dir='ltr'>ut</span> <span class='ocrx_word' id='word_1_734' title='bbox 979 5585 1089 5641; x_wconf 88' lang='lat' dir='ltr'>nomina</span> <span class='ocrx_word' id='word_1_735' title='bbox 1103 5584 1161 5638; x_wconf 81' lang='lat' dir='ltr'>haec</span> <span class='ocrx_word' id='word_1_736' title='bbox 1182 5590 1245 5636; x_wconf 92' lang='lat' dir='ltr'>sunt</span> <span class='ocrx_word' id='word_1_737' title='bbox 1256 5581 1391 5648; x_wconf 86' lang='lat' dir='ltr'>loannes,</span> <span class='ocrx_word' id='word_1_738' title='bbox 1409 5580 1538 5652; x_wconf 83' lang='lat' dir='ltr'>Theopo,</span> <span class='ocrx_word' id='word_1_739' title='bbox 1562 5581 1633 5637; x_wconf 86' lang='lat' dir='ltr'>item</span> <span class='ocrx_word' id='word_1_740' title='bbox 1650 5582 1781 5641; x_wconf 81' lang='lat' dir='ltr'>loannes.</span> 
     </span>
     <span class='ocr_line' id='line_1_60' title="bbox 138 5668 1781 5744; baseline 0.004 -18"><span class='ocrx_word' id='word_1_741' title='bbox 138 5684 219 5742; x_wconf 82' lang='lat' dir='ltr'>super</span> <span class='ocrx_word' id='word_1_742' title='bbox 230 5669 361 5738; x_wconf 83' lang='lat' dir='ltr'>eiusmodi</span> <span class='ocrx_word' id='word_1_743' title='bbox 379 5671 452 5727; x_wconf 88' lang='lat' dir='ltr'>lacto</span> <span class='ocrx_word' id='word_1_744' title='bbox 471 5671 540 5727; x_wconf 89' lang='lat' dir='ltr'>hanc</span> <span class='ocrx_word' id='word_1_745' title='bbox 560 5668 660 5727; x_wconf 73' lang='lat' dir='ltr'>austrea</span> <span class='ocrx_word' id='word_1_746' title='bbox 677 5673 864 5744; x_wconf 67' lang='lat' dir='ltr'>praeceptionis</span> <span class='ocrx_word' id='word_1_747' title='bbox 880 5687 927 5727; x_wconf 89' lang='lat' dir='ltr'>au-</span> <span class='ocrx_word' id='word_1_748' title='bbox 980 5673 1115 5741; x_wconf 77' lang='lat' dir='ltr'>cortulus,</span> <span class='ocrx_word' id='word_1_749' title='bbox 1137 5672 1242 5738; x_wconf 80' lang='lat' dir='ltr'>Petrus,</span> <span class='ocrx_word' id='word_1_750' title='bbox 1269 5673 1484 5738; x_wconf 84' lang='lat' dir='ltr'>Theodobertus,</span> <span class='ocrx_word' id='word_1_751' title='bbox 1507 5672 1586 5741; x_wconf 88' lang='lat' dir='ltr'>llisc,</span> <span class='ocrx_word' id='word_1_752' title='bbox 1609 5673 1698 5743; x_wconf 82' lang='lat' dir='ltr'>llaio,</span> <span class='ocrx_word' id='word_1_753' title='bbox 1715 5677 1781 5732; x_wconf 78' lang='lat' dir='ltr'>der—</span> 
     </span>
    </p>
   </div>
   <div class='ocr_carea' id='block_1_10' title="bbox 0 0 1920 6117">
    <p class='ocr_par' dir='ltr' id='par_1_11' title="bbox 0 0 1920 6117">
     <span class='ocr_line' id='line_1_61' title="bbox 0 0 1920 6117; baseline 0 0"><span class='ocrx_word' id='word_1_754' title='bbox 0 0 1920 6117; x_wconf 95' lang='lat' dir='ltr'> </span> 
     </span>
    </p>
   </div>
  </div>
 </body>
</html>
