3832 6120
136 281 187 341 etl
911 271 1001 329 titt.
1628 274 1636 285 '
1719 272 1776 330 titt

136 412 196 454 sam
207 391 266 462 ejus
279 391 410 445 arircutas
422 391 565 460 praesensit
582 409 588 442 ε
612 398 641 445 et
655 389 824 445 velocissime
843 389 927 443 misso
941 396 967 450 Α
979 389 1063 444 citato
1085 397 1201 458 paterno
1213 395 1385 451 testamento,
1412 386 1480 443 uilril
1493 388 1617 445 relictum
1626 400 1669 447 est
1681 401 1774 462 pater·

135 487 272 560 perlamrc
297 484 455 554 imperatori
478 484 648 538 innotescere
664 482 782 549 studuit,
798 482 850 538 lroe
870 491 928 537 tau·
978 479 1227 544 uorurubonorum‚
1241 479 1306 548 qoiu
1317 477 1535 549 seeundumcjus
1548 482 1697 539 sectionem
1712 500 1775 556 par-

135 574 275 633 tummodo
295 573 319 628 ei
335 573 533 644 suggerendum
550 572 666 642 jubens,
686 583 777 629 utrum
790 572 928 677 prestoia-
978 571 1086 627 tiretur.
1120 571 1194 626 ititrit
1218 571 1292 626 euim
1306 571 1342 627 ab
1359 586 1392 626 eo
1407 572 1566 629 intestatum
1583 583 1626 630 est
1639 576 1772 632 relictum.

134 677 211 727 retur
223 667 375 722 venientem
393 667 421 720 iu
442 667 557 732 arbcnr,
576 683 609 721 an
626 667 724 722 itinere
737 667 828 737 aliquo
844 667 869 720 ri
882 680 927 721 oc-
979 659 1033 716 Sed
1048 661 1120 731 rpuod
1134 661 1259 717 eeclesiis
1272 662 1545 732 uretropoiitanomm
1558 663 1773 723 distribuendum

131 769 259 819 curreret
273 766 387 812 renurro
399 757 433 811 ari
448 758 553 811 orbern.
577 756 664 824 Quam
678 772 790 812 causam
805 756 849 810 iiic
864 770 928 825 pao·
977 751 1245 817 censuit,subdir·isit
1257 752 1488 822 superscriptione
1500 754 1774 826 nominumquomm

133 848 208 907 tinus
230 855 428 902 commentatus
446 847 572 916 agnovit,
590 855 618 899 et
639 847 727 915 ipsum
742 845 835 901 venire
849 845 883 899 ad
897 859 927 899 sc
976 849 1069 912 partes
1085 841 1263 914 tuererigiuti
1276 851 1303 897 et
1314 857 1377 897 une.
1401 842 1479 910 Quod
1491 853 1582 899 autem
1599 846 1706 901 ornatui
1732 862 1774 903 rc-

131 938 224 1010 jussit.
244 935 405 992 indeaiiuru
423 944 505 1005 atque
529 935 611 990 alium
635 933 748 1003 hujusce
771 933 811 989 rei
834 933 927 990 tristes
975 933 1021 1005 gio
1040 933 1229 997 conducebat,
1252 934 1397 1003 posteriori
1421 932 1532 1004 reliquit
1543 937 1629 991 etati.
1672 935 1774 992 Statuit

133 1032 285 1103 suscipiens
305 1031 433 1095 nuutios,
459 1037 522 1100 post
546 1030 673 1099 quintum
688 1029 760 1084 diem
782 1029 926 1084 abeodem
976 1026 1059 1081 etiam
1076 1027 1150 1095 quid,
1174 1026 1322 1082 seeundum
1337 1040 1440 1081 morem
1460 1024 1690 1095 Christianorum,
1710 1028 1773 1085 liliis

132 1121 193 1181 iaco
208 1122 304 1193 pedem
320 1121 422 1185 morit,
447 1128 475 1174 et
497 1136 560 1175 cum
573 1128 665 1183 tauto,
692 1128 822 1189 quautam
846 1134 926 1189 passa
978 1117 1149 1188 diiorumque
1164 1118 1226 1172 diiis
1240 1126 1268 1172 et
1280 1116 1398 1182 diiabus,
1410 1131 1460 1172 uec
1475 1132 1529 1172 nou
1545 1126 1574 1173 et
1587 1119 1675 1174 serris
1686 1119 1772 1175 ancil-

133 1220 177 1271 cst
196 1211 322 1281 augustia
337 1212 485 1280 torporis,
501 1210 600 1281 populo
615 1211 667 1265 iter
681 1211 808 1281 arripuit.
836 1211 927 1265 Time·
977 1208 1064 1279 iisque
1076 1210 1222 1280 regalibus,
1234 1210 1281 1264 scd
1293 1218 1321 1263 ct
1339 1210 1366 1262 iu
1380 1223 1525 1265 cormmme
1536 1210 1661 1266 omuibus
1670 1224 1774 1281 paupe-

132 1302 397 1371 iramrentmqoam
411 1301 530 1357 maxime
558 1300 653 1366 ii'aia,
670 1302 770 1356 suauui
792 1301 862 1379 apud
875 1301 926 1356 Cu-
976 1299 1282 1355 ribusdistribrrerrtur.
1317 1299 1496 1366 eraccuncta
1515 1301 1641 1357 dominus
1658 1303 1775 1374 impera-

133 1395 222 1452 mium
238 1394 431 1463 imperatorem
446 1393 555 1448 irairitus
580 1392 650 1456 ioci,
680 1407 714 1447 ue
736 1390 806 1446 ior-te
823 1390 926 1461 aliquid
977 1400 1019 1445 tor
1034 1390 1197 1455 Luriorirus,
1212 1391 1353 1461 utscripta
1366 1393 1471 1463 relegit,
1497 1395 1774 1466 exsecutioacopcris

133 1485 240 1542 sinistri
254 1492 349 1538 eontra
363 1482 558 1551 imperatorem
584 1482 734 1537 moliretur.
759 1481 810 1548 bat
835 1490 925 1534 tamen
976 1481 1129 1550 corupictit.
1155 1481 1203 1534 iiis
1217 1483 1346 1552 peractis,
1373 1483 1522 1552 imperator
1540 1499 1648 1542 otuucm
1673 1496 1773 1542 coetunr

132 1576 264 1633 citissime
279 1573 315 1628 ad
331 1589 393 1627 eunr
408 1574 498 1638 renit,
513 1580 541 1627 et
551 1572 700 1627 bumiiiirna
715 1571 882 1640 subjectione
895 1585 925 1625 se
977 1570 1135 1637 senriorem,
1150 1571 1196 1642 qui
1211 1573 1396 1641 permaximus
1415 1581 1485 1640 erat,
1499 1575 1599 1645 palatio
1618 1576 1722 1632 excludi
1729 1576 1775 1645 ju·

131 1665 192 1738 ejus
207 1664 299 1728 nutui,
317 1664 464 1718 secundnm
492 1663 714 1720 consuetudinem
739 1662 922 1727 Francorum,
977 1661 1089 1727 dicarit,
1115 1664 1418 1733 praetcrpaucissimae
1444 1680 1512 1736 quas
1529 1665 1670 1721 famulatui
1689 1667 1775 1737 regali

132 1753 326 1811 commendans
346 1751 475 1807 subdidit.
500 1751 566 1807 Post
588 1750 665 1820 cujus
686 1752 720 1806 ad
732 1752 925 1822 imperatorem
939 1734 964 1793 Β
977 1756 1296 1825 congruascristimarit.
1312 1754 1774 1827 Sororumatttemqoaequeinsua,

133 1846 278 1902 adrentum
292 1886 299 1911 ,
319 1845 438 1900 aemulati
456 1862 517 1900 oum
540 1861 636 1902 omues
649 1846 815 1902 Francorum
830 1862 926 1916 proce·
976 1858 1062 1913 quaea
1077 1853 1153 1913 patre
1169 1853 1321 1913 acceperat,
1334 1847 1480 1901 coacessit.
1515 1846 1582 1914 Quas
1603 1854 1695 1902 auteur
1723 1862 1775 1903 uec

134 1952 194 2003 res,
214 1937 341 1991 certatim
355 1936 541 2007 gregatimque
551 1937 577 1992 el
592 1938 702 1992 ebriam
719 1938 759 1994 ire
770 1939 923 1994 certabant.
976 1933 1038 1989 dura
1057 1933 1110 1987 talc
1132 1933 1197 2003 quid
1210 1942 1464 2002 consummarunt,
1486 1936 1521 1992 ab
1540 1937 1705 2008 imperatore
1717 1954 1774 1993 tue-

133 2027 308 2096 Tandemque
322 2029 356 2081 ad
372 2026 556 2082 ilaristaiiiuar
572 2043 702 2099 prospero
715 2030 815 2085 itincre
830 2045 926 2111 perre—
976 2035 1100 2093 merant,
1111 2035 1140 2081 et
1154 2027 1187 2081 ad
1198 2027 1331 2097 imperata
1346 2043 1407 2084 sese
1421 2036 1571 2084 verterunt.
1590 2029 1774 2086 Posthaccirn·

132 2119 191 2182 nit,
211 2126 239 2172 et
250 2117 294 2172 die
309 2117 447 2172 tricesimo
465 2126 608 2187 postquam
630 2120 665 2174 air
690 2119 837 2189 Aquitania
862 2136 927 2189 pro-
976 2128 1087 2189 perator
1095 2118 1244 2189 legationes
1258 2119 1291 2174 ad
1305 2129 1410 2190 patrem
1424 2121 1628 2188 destinatas,ad
1641 2136 1671 2178 sc
1683 2130 1773 2177 auteur

132 2210 233 2271 morit,
254 2207 533 2278 palatiodquisgrarri
559 2209 655 2278 pedem
681 2209 798 2266 feliciter
825 2212 924 2265 intulit.
976 2209 1117 2266 venientes
1140 2219 1168 2266 et
1183 2221 1323 2282 susceptas
1334 2213 1478 2284 diiigenter
1503 2215 1618 2281 audivit,
1637 2213 1776 2286 dapsiliter

133 2300 254 2357 licuerat
265 2305 355 2353 auteur
369 2296 428 2365 ejus
441 2298 562 2351 animum
572 2296 751 2365 jamdudum,
770 2314 926 2369 quanquam
978 2300 1095 2361 curarit,
1120 2311 1279 2370 sumptuose
1295 2311 1453 2359 muneratas
1476 2304 1590 2359 remisit.
1619 2304 1694 2361 inter
1707 2320 1774 2375 quas

132 2402 231 2446 natura
247 2389 431 2452 mitissimum,
448 2388 513 2442 iliud
528 2388 601 2457 quod
621 2390 789 2444 asororibus
812 2390 885 2445 iliius
900 2393 927 2446 in
978 2389 1162 2460 reipraeeipua
1174 2390 1775 2467 luitimpcratoris(laustantiuopoiitauimo-

134 2481 313 2538 coutubernio
326 2481 505 2535 exercebatur
520 2488 633 2549 paterno
651 2498 657 2534 ε
682 2496 736 2550 quo
758 2481 816 2535 salo
830 2482 928 2537 domus
978 2478 1051 2533 minc
1062 2477 1210 2545 lliciraciis,
1222 2480 1266 2536 cui
1280 2483 1406 2538 dominus
1423 2483 1539 2543 Carolus
1550 2486 1648 2542 missos
1662 2489 1776 2545 misemt

135 2579 247 2641 paterna
268 2569 428 2624 inurebatur
453 2584 538 2624 rracro.
560 2569 610 2625 Cui
634 2572 805 2627 incommodo
825 2573 927 2627 mederi
977 2567 1145 2625 amalarium
1169 2572 1349 2628 i'rercrorum
1366 2575 1533 2648 episcopum,
1557 2586 1585 2634 ct
1604 2580 1776 2637 Petmrulio·

134 2660 244 2725 roicns‚
264 2658 344 2715 simui
358 2666 508 2724 electeus,
532 2675 567 2715 ue
581 2659 652 2728 quod
666 2673 715 2729 per·
734 2660 877 2715 Odiiouem
899 2671 929 2716 et
978 2657 1099 2715 turtula
1125 2661 1260 2726 abbatem,
1285 2664 1360 2734 pacis
1385 2667 1578 2726 confirmandae
1592 2670 1690 2741 gratia.
1723 2672 1775 2741 Qui

135 2753 287 2809 iiiltrudem
300 2753 365 2809 oiim
385 2753 541 2819 acciderat,
562 2755 737 2810 revivisceret
758 2757 926 2824 scandalum,
979 2760 1148 2808 revertentes
1162 2754 1260 2810 missos
1280 2770 1365 2826 supra·
1380 2757 1446 2814 dicti
1470 2759 1609 2817 Michaelis
1625 2765 1775 2819 securand-

134 2844 209 2899 misit
228 2843 334 2898 Walam
349 2852 378 2899 et
402 2843 588 2909 warnarium,
606 2859 726 2900 necnon
748 2854 776 2901 et
794 2846 929 2902 Lantircr-
979 2841 1115 2898 duxerunt
1128 2842 1355 2916 Cirristoplrorum
1366 2850 1775 2925 dimitithttlumreffiftdtt·

134 2944 211 3000 trun,
231 2934 278 2990 scd
288 2943 316 2990 et
325 2933 498 3006 ingobertum
514 2953 520 2987 :
540 2935 587 3005 qui
601 2935 772 3007 aquasgrani
788 2939 929 2994 uenientes
980 2930 1453 3007 riumdiaeonenr‚adinperatorern
1461 2939 1776 3009 Carolumdircctos,su-

135 3026 250 3088 talibus,
267 3038 302 3080 uc
325 3025 450 3081 accidere
463 3034 592 3095 possent,
607 3027 713 3083 cautela
730 3030 928 3099 prospicerent,
982 3037 1030 3091 titt
1040 3023 1167 3079 omnibus
1180 3039 1240 3094 ⁴1¹1ae
1251 3025 1354 3097 scripte
1365 3026 1473 3083 tuerent
1481 3031 1687 3100 respondentes.
1702 3030 1775 3099 Quas

134 3125 164 3173 er
181 3116 312 3187 quosdam
341 3117 427 3186 stupri
453 3118 623 3174 inmantare
646 3127 676 3175 er
695 3122 830 3190 superma
854 3121 928 3177 trau
981 3129 1042 3170 curn
1058 3115 1380 3187 surpemrorremmerer,
1394 3122 1552 3179 simulcra
1572 3124 1776 3183 etsmisttuie

135 3222 197 3264 reos
209 3208 359 3277 majestatis
373 3215 453 3263 cauto
469 3208 504 3262 ad
518 3209 664 3264 adrentum
690 3225 776 3280 usque
789 3227 869 3268 suurn
884 3228 929 3268 as-
980 3220 1026 3261 sos
1036 3206 1190 3262 soosLeont
1204 3209 1351 3266 substituto
1361 3211 1528 3281 imperatori,
1541 3212 1716 3270 Nortbcrtom
1723 3216 1775 3271 ile·

136 3308 287 3357 seruarent.
299 3298 367 3354 Nam
380 3299 463 3370 aliqui
475 3314 570 3355 eorum
593 3316 654 3357 cunr
672 3302 807 3372 supplices
820 3305 928 3359 reniam
979 3296 1101 3367 pierrsem
1113 3298 1281 3369 episcopum,
1302 3308 1330 3355 et
1344 3300 1509 3357 Ricbolnom
1539 3301 1681 3360 Pietarum
1693 3307 1776 3362 corui-

135 3389 209 3446 inter
223 3391 274 3444 iter
286 3388 420 3460 agendum
430 3390 627 3459 poposcissent,
637 3403 823 3447 emeruemrrt.
843 3393 930 3449 Simul
981 3396 1035 3443 tem
1052 3406 1058 3442 :
1075 3396 1171 3460 petens
1189 3391 1374 3446 anricitiamm
1396 3393 1556 3450 societatem
1569 3404 1598 3451 et
1622 3399 1776 3453 renovatio-

134 3486 336 3557 etpraecipieus
351 3493 381 3541 ut
397 3486 513 3556 populus
538 3486 639 3541 ibidem
653 3487 807 3542 consistens
827 3488 931 3556 absque
979 3494 1043 3535 nem
1067 3481 1252 3550 antiquarum,
1286 3481 1409 3537 simulet
1432 3484 1506 3553 pacti
1529 3486 1774 3543 eondrmationcm.

136 3586 211 3634 metu
235 3584 322 3632 semet
344 3577 443 3632 ibidem
461 3576 632 3645 opperiretur
647 3585 802 3631 tenturum.
818 3576 853 3630 itt
865 3591 930 3632 rero
980 3572 1081 3628 Eodmu
1096 3589 1168 3629 auaro
1192 3574 1347 3644 generalem
1372 3584 1535 3632 conventum
1548 3576 1710 3648 ilquisgraul
1728 3580 1776 3634 ba-

136 3668 298 3723 Warnarios
310 3682 417 3732 carnee,
438 3664 614 3721 inscioWaia
631 3674 658 3719 et
673 3664 828 3736 ingoberto,
840 3666 930 3720 accito
980 3663 1050 3728 buit,
1065 3675 1094 3718 et
1111 3678 1161 3732 per
1185 3666 1329 3719 universes
1351 3667 1427 3736 regni
1446 3668 1488 3722 sui
1513 3675 1606 3737 partes
1630 3669 1722 3724 lideles
1744 3686 1776 3724 ae

137 3769 236 3828 nepote
256 3759 416 3823 Lantberto‚
438 3757 589 3811 liodoiuum
607 3756 663 3826 jam
687 3756 760 3810 dieto
782 3755 931 3810 obnoxium
980 3754 1143 3811 creditarios
1161 3771 1177 3809 a
1195 3756 1280 3810 latere
1295 3770 1345 3811 suo
1358 3756 1433 3810 misit
1448 3774 1455 3809 ε
1471 3756 1517 3827 qui
1532 3760 1602 3828 arqui
1618 3757 1688 3827 juris
1703 3769 1776 3814 trua-

137 3850 267 3915 crimine,
288 3849 321 3904 ad
345 3862 375 3903 se
399 3847 492 3902 rcrrire
511 3845 739 3915 ruarrdaritquasi
753 3830 932 3914 comprehen-
981 3858 1028 3900 ees
1060 3845 1209 3901 existentes
1234 3859 1363 3915 peruersa
1393 3847 1573 3918 corriperent,
1595 3848 1775 3922 omnibusque

137 3942 276 4005 cientium,
310 3949 338 3997 et
358 3941 440 4011 regie
465 3939 590 3995 vindictae
620 3936 822 4006 objectandum.
849 3934 932 4004 Cujus
978 3935 1184 4006 juscougruuru
1205 3950 1284 4005 :equo
1303 3934 1446 3992 libramine
1473 3939 1630 4008 pemierent.
1654 3939 1774 3996 Bernar-

138 4030 183 4087 iiie
199 4032 330 4099 insidias,
351 4041 381 4087 ut
401 4040 463 4102 pote
475 4030 651 4086 admordente
671 4029 771 4084 acriter
788 4029 931 4085 couscien·
985 4027 1145 4083 demetiam
1170 4034 1296 4098 nepotem
1318 4039 1397 4081 suum
1414 4026 1574 4098 jamdudum
1590 4042 1681 4103 regem
1693 4030 1776 4088 italia

138 4123 194 4186 tia,
210 4123 473 4194 urouituspraeridit,
485 4130 513 4177 et
525 4121 589 4191 quia
607 4120 744 4176 declinare
758 4119 931 4184 detrectarit,
983 4116 1017 4175 ad
1043 4135 1073 4176 sc
1094 4130 1247 4185 evocatum,
1273 4127 1302 4175 et
1328 4119 1486 4177 obedienter
1505 4130 1660 4192 parentem,
1680 4126 1777 4196 amplis

137 4211 236 4281 etipse
250 4211 370 4280 experiri
387 4211 507 4275 nreruit,
531 4220 559 4266 et
573 4209 624 4280 ipsi
650 4208 932 4266 warnariouitinram
984 4210 1142 4265 muneribus
1158 4209 1299 4274 dorratum,
1313 4208 1348 4265 ad
1357 4211 1498 4281 proprium
1520 4228 1637 4285 Quom
1656 4216 1772 4272 remisit.

139 4301 246 4358 cladem
260 4302 425 4372 importavit.
449 4300 517 4356 itam
534 4302 568 4356 ad
580 4316 660 4366 eum,
675 4301 746 4356 sieut
760 4302 805 4357 iiie
818 4301 933 4359 manda·
983 4300 1235 4356 Beuereruanomm
1248 4299 1341 4356 itidem
1353 4300 1501 4373 principem
1514 4301 1700 4361 Grirnoaidum
1720 4320 1773 4363 non

138 4404 227 4461 verat,
251 4395 373 4461 venicus,
394 4403 422 4450 et
435 4395 522 4464 ipsum
549 4392 723 4449 Warrrariuru
744 4393 882 4456 coniecit,
904 4403 933 4451 et
946 4436 972 4495 D
983 4391 1091 4461 quidem
1105 4390 1269 4455 venientem.
1292 4391 1339 4446 sed
1353 4391 1453 4447 missos
1466 4408 1533 4449 suos
1551 4395 1714 4464 mittentem,
1730 4412 1777 4468 pa·

139 4486 316 4543 Laudrerturu
330 4486 418 4541 cruris
426 4485 534 4540 lesione
546 4499 598 4538 uon
616 4499 698 4553 parre
724 4491 845 4554 tempore
855 4485 930 4541 debi-

139 4578 194 4634 lem
211 4576 342 4642 reditum
365 4584 393 4631 et
411 4577 444 4630 ad
470 4574 592 4629 ultimum
607 4574 664 4642 ipse
678 4573 928 4645 orarios-eosgloria,

139 4668 256 4725 interiit.
289 4669 425 4736 Quacum
438 4665 724 4734 nrrutiatairuperatori
738 4666 862 4733 tuissent,
873 4667 932 4721 ani·

140 4775 217 4817 mum
233 4759 347 4816 iliiusad
362 4757 575 4815 miscricordiam
589 4755 699 4811 exitium
712 4754 788 4810 uexu
801 4772 816 4811 a
829 4757 892 4823 rziei,
904 4758 931 4811 in

140 4858 249 4907 tanturn
261 4861 292 4907 ut
306 4850 411 4906 Tullius
426 4847 523 4922 [iilius]
548 4846 657 4918 quidam
682 4846 785 4912 talium,
806 4848 851 4917 qui
865 4864 934 4918 pene

138 4943 198 5015 jara
224 4945 395 5014 imperatoris
405 4942 550 5000 clenrentia
574 4941 653 4996 reaia
670 4939 932 5011 dignusvirlcbatur,

140 5035 275 5095 luminum
289 5039 435 5095 amissione
446 5039 632 5095 mulctaretur.
669 5036 751 5091 Venit
766 5050 832 5106 ergo
851 5035 934 5105 impe·

143 5140 221 5188 ratior
243 5132 413 5204 aquasgrani
437 5132 576 5202 palatium,
602 5140 661 5186 eta
682 5130 840 5200 propinquis
852 5138 933 5199 atque

142 5227 240 5285 multis
250 5228 416 5285 Francorum
430 5227 619 5283 millibuscum
630 5225 715 5279 multo
733 5224 825 5280 iarore
836 5231 878 5278 est
892 5237 934 5277 re·

143 5329 239 5390 ceptus
267 5322 468 5391 imperatorque
497 5317 618 5375 mundo
635 5317 797 5372 declaratus.
832 5316 936 5383 Quibus

144 5413 272 5482 expietis,
299 5413 428 5468 studiosis
450 5410 593 5480 sepulturae
611 5414 731 5478 pateruae
741 5406 844 5479 gratias
868 5406 934 5474 egit,

983 4492 1028 4539 rio
1047 4494 1075 4538 et
1091 4483 1269 4538 sacramentis
1296 4482 1468 4546 constrinxit,
1496 4490 1527 4537 ut
1553 4484 1669 4555 siugulis
1696 4487 1777 4542 annis
1809 4526 1815 4535 .

983 4582 1086 4643 septem
1099 4573 1182 4627 miliia
1204 4572 1352 4627 solidorum
1371 4573 1429 4627 auri
1444 4588 1515 4628 arcte
1524 4572 1639 4644 publice
1652 4574 1776 4633 interret.

984 4665 1084 4721 Eadem
1097 4665 1178 4720 etiam
1194 4680 1265 4720 anuo
1277 4665 1392 4720 duorum
1406 4679 1516 4721 suorum
1534 4664 1662 4732 iliorum,
1678 4666 1777 4724 batha-

985 4757 1055 4812 rium
1069 4755 1097 4810 ln
1117 4754 1280 4827 bajoariam,
1296 4754 1435 4825 Pippinum
1460 4755 1489 4810 iu
1504 4755 1678 4825 Aquitaniam
1691 4759 1775 4823 misit,

986 4847 1096 4903 tertium
1106 4862 1169 4904 vcro
1182 4845 1347 4903 ludovicum
1366 4848 1454 4904 adbuc
1465 4847 1616 4918 pruritibus
1626 4847 1777 4905 consisten-

985 4946 1040 4993 tem
1064 4937 1185 4992 inanuis
1207 4953 1299 5007 mcum
1316 4939 1412 4993 tenuit.
1429 4937 1531 4994 Eodem
1554 4938 1638 4994 etiam
1654 4946 1776 5010 temporo

985 5027 1140 5095 ilerioidus,
1163 5029 1196 5083 ad
1217 5045 1297 5100 quem
1311 5046 1418 5088 summa
1441 5031 1517 5102 regni
1532 5030 1671 5086 banorum
1696 5032 1778 5103 pcrti-

986 5135 1052 5177 nere
1068 5119 1221 5186 ridebatur,
1234 5128 1263 5176 et
1276 5121 1324 5190 qui
1347 5122 1452 5192 pridem
1478 5136 1493 5175 a
1507 5120 1571 5176 llilie
1582 5119 1722 5176 Godairidi
1736 5134 1777 5176 re-

985 5206 1039 5285 gub
1049 5211 1142 5283 pulsus
1155 5209 1255 5277 luerat,
1271 5215 1305 5268 ad
1317 5214 1509 5285 imperatorem
1528 5213 1694 5273 ludovicum
1715 5230 1777 5271 con·

986 5306 1089 5377 inpium
1103 5306 1218 5372 irritet
1239 5305 1434 5376 instaurarem
1460 5306 1628 5364 Francorum
1651 5309 1776 5365 manibus

987 5399 1060 5455 iilius
1085 5415 1116 5455 se
1137 5399 1257 5455 tradidit.
1279 5399 1365 5466 Quem
1380 5414 1442 5465 ,rex
1467 5410 1623 5472 srrsccptuur
1641 5401 1669 5457 iu
1688 5400 1776 5458 Saro-

143 5518 177 5560 ee
188 5506 349 5575 propinquis
366 5505 453 5559 luctus
466 5501 614 5557 areriritate
626 5497 938 5562 coniectiscousolatio-
987 5491 1059 5545 uiarn
1080 5491 1119 5545 ire
1137 5489 1228 5557 iussit,
1256 5498 1285 5545 et
1299 5499 1403 5561 tempus
1423 5508 1477 5562 quo
1501 5493 1525 5547 ei
1553 5493 1683 5548 auritium
1704 5490 1776 5550 terre
1827 5548 1832 5558 ,

143 5595 325 5660 ntsarnaua
344 5593 458 5648 contulit
478 5591 608 5645 ierameu.
649 5589 702 5642 Sed
718 5587 938 5657 ctqrroddeorat
987 5589 1079 5651 posset
1099 5581 1132 5635 ad
1157 5581 1391 5649 recuperationem
1413 5583 1453 5636 sui
1482 5583 1658 5653 principatus,
1675 5584 1774 5639 ibidcar

144 5683 250 5740 taleriis
266 5684 407 5755 genitoris,
422 5680 622 5754 promptissime
636 5679 779 5750 supplerit.
804 5677 872 5732 Nam
895 5696 938 5735 rc·
988 5671 1099 5743 obtriti·
1125 5670 1184 5738 an
1210 5671 1292 5727 etiam
1307 5682 1429 5745 tempore
1456 5672 1611 5729 Sttdtttbttt
1624 5673 1776 5744 atquci'ri·
