3832 6120
139 279 202 336 itti

705 271 903 333 atrabatum
921 268 1198 328 ecmestbsrtcs.
1233 330 1241 339 ¹

1701 270 1772 327 {ddi

135 411 245 454 sotorum
259 408 352 465 regum
367 391 545 458 Francorum,
569 407 675 449 necnon
698 390 841 448 arinostri
866 389 927 461 Pip-
939 388 1070 460 Aptione
1091 388 1193 446 domini
1215 398 1241 445 et
1265 389 1396 457 genitoris
1418 390 1504 445 nostri
1528 391 1690 458 continetur,
1716 407 1770 450 nou

135 487 192 559 pini
207 485 342 558 quondam
357 484 438 557 regis,
455 498 503 540 sen
517 482 601 539 etiam
612 483 663 554 piae
674 482 870 540 reeordationis
882 483 928 539 do

135 578 203 634 mini
222 585 250 633 et
262 576 394 647 genitoris
413 575 499 631 nostri
523 573 611 631 Caroli
631 575 798 633 serenissimi
812 575 927 646 impera-

135 672 214 738 toris,
227 671 327 740 quibus
351 670 424 726 idem
439 669 635 726 monasterium
650 669 740 738 quiete
754 668 782 724 in
805 667 854 724 bei
870 681 928 724 ser-

135 761 201 817 vitio
215 761 315 834 degere
328 767 488 826 sanxerunt,
502 766 638 815 etamnes
652 774 697 815 res
709 758 814 829 praelati
834 774 927 814 mona·

977 477 1065 535 solum
1080 479 1109 534 in
1123 478 1252 536 obenmn
1266 489 1388 536 nostram
1407 479 1555 553 lapsurum,
1577 496 1671 538 reram
1686 485 1769 540 etiam
1846 545 1850 552 ,

978 578 1169 626 sexcentorum
1191 569 1340 627 solidorum
1363 572 1422 627 auri
1439 572 1473 628 ad
1495 588 1593 643 purum
1615 577 1720 632 excocti
1740 592 1770 634 se

978 661 1084 716 noterit
1105 676 1187 731 perna
1208 661 1394 718 mulctandum
1407 680 1415 730 ;
1430 678 1464 717 ex
1478 678 1532 733 qua
1544 664 1612 721 duas
1628 673 1719 736 partes
1732 682 1772 724 ro·

978 760 1068 809 ctores
1090 753 1232 808 memorati
1246 753 1414 819 monasterii,
1436 754 1544 810 tertiam
1555 755 1601 826 jos
1623 756 1683 814 fisci
1702 760 1770 816 reci-

134 845 254 912 sterii‘in
268 854 396 910 uniuerso
409 852 518 910 Cbristo
528 852 659 923 largiente
673 867 757 923 regno
780 859 883 919 nostro,
898 853 927 907 in
975 843 1043 915 piti-
1068 842 1184 914 Dignum
1207 858 1325 914 dantque
1346 851 1373 899 el
1393 843 1497 923 justum
1509 854 1551 902 est
1568 855 1597 902 ut
1612 846 1770 927 totpiorom

134 949 246 1004 Austris
275 949 389 1013 scilicet,
417 946 555 1009 Niustria,
580 945 746 1017 Burgundio,
772 944 925 1014 Aquitania,

135 1038 289 1104 Provincia,
300 1037 387 1103 ltalia,
405 1037 474 1093 etin
488 1036 594 1092 ceteris
608 1035 682 1105 regui
702 1033 788 1090 nostri
804 1033 926 1103 partibus

134 1128 325 1193 consistentes,
338 1140 398 1196 quse
412 1140 466 1181 non
476 1124 562 1180 solum
575 1125 609 1180 ab
622 1122 781 1180 orthodoxis
800 1123 928 1193 principi·

134 1216 399 1288 marmoreorum
412 1215 545 1270 acaeteris
559 1213 684 1271 bdeliboa
693 1213 809 1280 oubatae,
825 1213 867 1269 rel
877 1228 927 1283 per

135 1309 271 1381 quoslibet
281 1314 436 1363 contractus
450 1314 478 1361 et
489 1305 638 1360 munimina
649 1303 817 1372 martorum,
833 1305 927 1361 usibus

134 1402 256 1473 ejusdem
276 1399 400 1471 legaiiter
412 1397 518 1454 traditae
540 1406 604 1454 sunt
619 1397 789 1465 monasterii,
809 1396 859 1453 sub
873 1397 926 1451 im·

135 1491 276 1547 munitatis
291 1505 347 1546 suae
360 1488 517 1545 defensione
530 1489 680 1545 consistere
698 1497 727 1544 et
743 1488 778 1543 ab
792 1487 866 1542 omni
881 1501 928 1556 pu-

134 1580 205 1637 blica
218 1578 356 1635 iunctione
369 1577 546 1647 etjudiciarin
557 1578 699 1635 exactione
719 1577 852 1632 immunes
866 1576 928 1632 red·

977 947 1072 1002 regum
1098 933 1272 990 decessorum
1296 942 1452 990 nostrorum
1478 937 1618 1007 nostrique
1644 941 1771 1010 praecepti
1873 1004 1876 1009 g

977 1024 1093 1082 violator
1106 1026 1293 1098 hujuscemodi
1308 1027 1406 1085 babeat
1424 1041 1544 1099 poenam,
1558 1037 1589 1084 nt
1600 1038 1628 1085 et
1647 1045 1677 1089 se
1689 1038 1771 1089 motae

978 1119 1141 1175 temeritatis
1152 1121 1251 1178 merito
1262 1122 1339 1193 argui
1353 1131 1509 1195 cognoscat,
1523 1132 1552 1179 et
1570 1123 1684 1188 caeteris,
1700 1140 1733 1181 ne
1744 1126 1771 1181 id

977 1224 1058 1280 agere
1068 1211 1187 1281 quolibet
1201 1228 1268 1268 ausu
1283 1221 1447 1283 pertentent,
1471 1214 1596 1270 timorem
1614 1216 1728 1286 injiciat,
1742 1226 1772 1272 ut

977 1304 1068 1360 nullus
1081 1305 1187 1361 scilieet
1197 1305 1329 1362 benelicia
1344 1307 1446 1377 regalia
1459 1306 1526 1363 locis
1541 1308 1603 1367 beo
1615 1309 1713 1367 dicatis
1727 1327 1772 1368 re·

977 1406 1104 1452 neranter
1116 1395 1238 1452 exhibita
1253 1404 1387 1453 temerare
1400 1407 1522 1454 conetur.
1538 1397 1668 1457 Volumus
1678 1402 1771 1472 itaque

977 1495 1059 1558 atquo
1071 1502 1223 1554 censemus,
1240 1496 1344 1544 remota
1364 1489 1447 1546 totius
1457 1488 1608 1557 judiciariae
1628 1493 1772 1562 potestatis

977 1576 1174 1649 inquietudine,
1187 1579 1280 1649 quieto
1292 1578 1389 1637 urdine
1401 1589 1568 1638 memoratus
1579 1584 1662 1638 abbas
1675 1585 1771 1654 suique

135 1671 276 1729 didisseut.
300 1669 377 1738 Quod
400 1686 499 1727 munus
522 1671 611 1755 omem
627 1671 803 1735 monasterio,
822 1683 927 1726 necnon
978 1681 1150 1725 successores
1172 1669 1294 1740 praedicti
1317 1673 1488 1737 monasterii,
1502 1688 1564 1729 com
1581 1674 1707 1730 omnibus
1720 1676 1771 1730 sibi

135 1773 164 1821 et
180 1763 377 1821 Cormarieensi
401 1763 526 1820 coenobio
548 1763 583 1817 ab
604 1763 686 1818 rubus
708 1762 796 1818 sancti
819 1760 926 1816 llartini
942 1755 1109 1831 Bsubjectis
1124 1758 1166 1814 rei
1189 1759 1223 1815 ad
1247 1775 1276 1816 se
1289 1762 1484 1830 aspicientibus
1504 1777 1551 1818 seu
1574 1764 1772 1834 pertinentibus

135 1862 302 1920 constructo,
317 1853 480 1918 exhibitum,
498 1853 553 1908 beo
567 1860 715 1917 annuente,
736 1850 928 1906 inviolabiliter
982 1850 1152 1916 bominibus,
1174 1849 1224 1906 sub
1245 1850 1425 1907 immunitatis
1437 1859 1517 1921 atque
1529 1853 1707 1922 protectionis
1722 1869 1772 1909 no·

136 1941 266 1999 bactenus
288 1949 393 1998 constat
410 1956 471 1998 esse
491 1952 692 1997 conservatum.
717 1940 770 1996 Pro
790 1938 928 1995 firmitatis
978 1949 1042 1998 strae
1063 1939 1220 1998 defensione
1243 1942 1403 2010 consistant,
1420 1950 1567 2014 nostroque
1591 1942 1706 2000 fideliter
1725 1961 1773 2016 pa-

136 2048 252 2103 nemque
272 2033 362 2089 studio
383 2031 568 2102 hujuscemodi
589 2031 751 2087 beneficium
775 2046 839 2104 erga
859 2045 929 2102 pror·
978 2042 1070 2091 rentes
1086 2034 1211 2105 imperio,
1231 2048 1281 2105 pro
1303 2033 1488 2089 incolumitate
1509 2042 1601 2090 nostra
1619 2043 1773 2105 nostraeque

137 2123 222 2180 istum
247 2123 402 2183 venerabile
426 2125 621 2180 monasterium
647 2132 741 2180 nostra
767 2123 928 2180 auctoritate
977 2121 1101 2196 conjugis
1121 2131 1149 2179 et
1168 2123 1263 2194 prolis,
1285 2139 1334 2181 seu
1351 2123 1433 2179 etiam
1455 2123 1538 2185 totius
1559 2123 1695 2196 imperiia
1717 2122 1773 2179 Deo

135 2216 276 2273 bumiliter
286 2216 413 2286 precibus
426 2214 525 2285 quibos
537 2215 621 2269 roltrit
631 2215 690 2269 lieri
704 2215 859 2286 postularit.
874 2214 928 2271 Cu·
977 2215 1056 2272 nobis
1065 2215 1156 2271 oollati
1166 2215 1279 2287 ejusque
1288 2215 1442 2288 gratissima
1456 2214 1631 2272 miseratione
1642 2223 1773 2287 perpetuo

136 2305 179 2375 ins
199 2306 323 2376 petitioni
336 2307 372 2365 ob
385 2319 505 2361 amorem
527 2304 575 2360 Dei
593 2311 621 2359 et
642 2305 844 2359 venerationem
856 2304 928 2361 beati
978 2307 1168 2375 conservandi,
1181 2322 1235 2363 una
1254 2322 1318 2363 cnm
1329 2307 1403 2363 clero
1414 2307 1467 2363 sibi
1478 2308 1637 2375 commisso,
1657 2308 1774 2363 immen-

137 2395 247 2452 ilartini
272 2395 391 2451 libenter
422 2409 563 2450 assensum
588 2394 710 2465 praebere
737 2408 929 2464 usquequaque
978 2413 1037 2455 sam
1059 2399 1230 2456 clementiam
1246 2398 1349 2471 jugiter
1364 2408 1488 2454 exurent.
1514 2398 1543 2456 Si
1568 2399 1634 2470 quid
1652 2414 1720 2456 reru
1739 2402 1774 2459 du

138 2524 244 2543 .........
259 2485 347 2543 libuit.
373 2485 542 2558 Quapropter
562 2485 686 2541 volomus
704 2493 784 2556 atque
806 2484 930 2540 decerni·
978 2485 1084 2559 prelati
1105 2489 1263 2545 monasterii
1285 2489 1367 2544 rebus
1389 2503 1440 2558 per
1453 2489 1622 2558 tepiditatem
1643 2498 1673 2545 et
1689 2492 1774 2562 negli-

138 2593 199 2634 nrus
213 2586 244 2633 ut
255 2593 350 2635 onmes
370 2593 414 2635 res
433 2576 553 2648 ejusdem
567 2575 735 2641 monasterii,
757 2590 819 2630 cum
841 2575 930 2631 bumi·
979 2578 1098 2651 gentiam
1113 2581 1242 2637 abbatum
1255 2588 1302 2637 aut
1314 2581 1520 2654 preceptionem
1532 2583 1651 2655 judicum
1668 2586 1773 2651 abstra-

137 2669 217 2725 nibus
240 2668 291 2725 sibi
312 2667 453 2741 subjectis,
476 2667 526 2722 snb
548 2673 649 2722 nostrae
664 2663 829 2721 defensionis
841 2664 930 2720 muni·
979 2676 1053 2725 etum
1067 2676 1119 2736 est,
1134 2669 1161 2726 id
1178 2685 1228 2740 per
1247 2681 1368 2727 nostram
1388 2673 1578 2730 auctoritatem
1599 2690 1711 2746 prorsus
1731 2691 1774 2732 re-

138 2760 211 2816 mine
233 2759 322 2817 modis
344 2759 471 2816 omnibus
485 2758 644 2815 consistant.
662 2755 838 2827 Praecipimus
853 2770 928 2830 ergo,
979 2761 1155 2818 stauraudum
1166 2763 1348 2833 praecipimus.
1367 2762 1441 2819 mn
1454 2765 1512 2820 baec
1527 2765 1675 2823 auctoritas
1688 2766 1774 2822 invio-

136 2853 260 2923 jubemns
274 2860 355 2923 atque
372 2851 544 2931 praecipimus
563 2858 594 2904 ut
608 2848 696 2904 nullus
709 2847 791 2917 ludex
806 2846 930 2919 publicus
979 2854 1087 2912 labilem
1110 2856 1232 2913 obtineat
1253 2855 1379 2914 ellectum
1391 2865 1419 2915 et
1432 2873 1448 2913 a
1462 2856 1586 2915 ssdelibus
1604 2867 1704 2916 sarrctae
1725 2859 1772 2915 Dei

137 2952 185 2998 arrt
199 2944 328 3015 quislibet
340 2942 488 3014 superioris
509 2950 557 2997 aut
569 2939 709 2997 interioris
721 2939 824 2996 ordinis
839 2939 929 3010 reipu·
978 2946 1107 3004 Ecclesia
1120 2957 1148 3003 et
1161 2947 1263 3004 nostris
1287 2948 1378 3005 verius
1401 2947 1537 3015 credatur,
1560 2964 1641 3005 manu
1664 2950 1774 3020 propria

136 3035 214 3090 blicse
226 3024 387 3106 procurator
401 3033 436 3089 ad
448 3048 545 3089 causas
565 3031 710 3104 iudiciario
724 3043 801 3086 more
820 3029 930 3086 audien·
979 3038 1074 3094 subter
1085 3037 1253 3094 brnrarimus
1277 3045 1304 3093 ut
1323 3038 1415 3095 annuli
1438 3039 1525 3095 nostri
1548 3039 1725 3111 impressione
1738 3040 1774 3095 si-

136 3128 185 3184 des
201 3128 228 3183 in
239 3126 370 3183 ecclesias
386 3133 432 3181 aut
452 3125 529 3181 villas
544 3140 591 3181 seu
606 3123 725 3193 reliquas
743 3121 928 3192 possessiones
941 3112 964 3176 C
979 3127 1057 3199 gnari
1064 3127 1204 3199 jussimus.

137 3217 347 3289 quasmoderno
360 3224 479 3287 tempore
492 3216 519 3272 in
534 3216 696 3286 quibusdam
715 3213 862 3286 provinciis
882 3222 929 3270 aut
1016 3218 1130 3295 Signum
1153 3220 1281 3277 ludovici
1306 3221 1473 3278 serenissimi
1497 3221 1669 3294 imperatoris
1671 3261 1726 3278 .....
1738 3223 1772 3278 ad

138 3308 284 3364 territoriis
304 3307 411 3378 imperii
430 3305 516 3361 nostri
526 3303 600 3374 juste
621 3314 648 3380 et
660 3303 783 3375 legaliter
796 3303 926 3374 possidet,
979 3310 1066 3367 vinnm
1081 3310 1239 3367 lleiisachar
1253 3312 1397 3383 recognovi
1411 3320 1439 3368 et
1452 3312 1611 3385 subscripsi,

137 3399 181 3456 rel
202 3415 264 3470 quar
286 3400 413 3472 deinceps
436 3399 464 3454 in
481 3396 543 3467 jure
563 3398 649 3471 ipsius
662 3396 821 3453 monasterii
835 3395 928 3452 diuina
1015 3400 1084 3455 Data
1099 3417 1129 3455 ιιι
1153 3399 1266 3456 llaleod.
1284 3399 1462 3473 Septembris,
1481 3417 1563 3470 anno,
1583 3401 1693 3461 Cbristo
1715 3419 1775 3474 pro-

137 3491 226 3563 pietas
239 3491 354 3547 soluerit
372 3489 475 3561 augeri,
490 3488 594 3561 ingredi
608 3496 765 3561 presumat,
788 3485 928 3544 neclreda
979 3491 1085 3561 pitio,3
1108 3492 1214 3562 imperii
1238 3493 1330 3549 domni
1352 3493 1483 3551 ludovici
1508 3494 1622 3564 piissimi
1648 3493 1772 3564 Augusti,

131 3589 186 3640 aut
207 3581 312 3635 telonea
333 3588 379 3635 aut
401 3579 555 3635 mansiones
574 3588 622 3633 aut
641 3586 735 3647 pastus
756 3585 804 3642 aut
816 3575 927 3641 tributa,
980 3581 1127 3637 indictione
1143 3582 1186 3636 lb.
1197 3580 1296 3637 Actum
1308 3581 1470 3653 Aquisgrani
1483 3581 1584 3651 palatio
1599 3581 1673 3653 regio
1686 3582 1713 3637 in
1726 3582 1774 3638 boi

84 4110 91 4119 ·
139 4054 186 4095 cas
198 4037 349 4092 fonctiones
362 4046 408 4090 aut
420 4035 614 4091 redhibitiones
626 4033 670 4088 rel
685 4032 792 4088 illicitas
805 4031 926 4086 occasio-

138 3669 209 3724 sicut
229 3676 363 3738 praecepto
385 3667 486 3722 domini
509 3674 536 3722 et
551 3667 681 3737 genitoris
695 3667 782 3722 nostri
804 3665 929 3720 eontine-
980 3671 1089 3726 nomine
1103 3669 1228 3726 feliciter.
1248 3671 1345 3726 Amen.

141 3773 194 3831 tur,
218 3765 335 3834 erigere,
354 3770 400 3816 aut
422 3761 595 3833 fidejussores
612 3759 715 3826 tollere,
738 3769 785 3814 aut
804 3758 930 3814 homines
1016 3759 1107 3831 (Brulla
1120 3770 1157 3816 est
1172 3761 1277 3831 aureo.)

140 3866 196 3913 tarn
210 3858 340 3927 ingenuos
354 3870 435 3926 quam
450 3868 542 3909 servos
559 3862 751 3923 superterram
771 3851 856 3922 ipsius
872 3865 929 3905 mo-

139 3946 251 4001 nasterii
266 3953 467 4000 commanentes
490 3942 662 4014 distringere,
687 3957 738 3998 nec
758 3941 826 3996 ullas
839 3939 927 4011 publi-

1329 3851 1419 3907 llLlll.

1114 3956 1127 3984 ι
1146 3959 1196 3999 eno
1212 3958 1381 3999 nonasrnnro
1398 3960 1492 4000 emori
1512 3962 1637 4001 ιιειιιιιι.

1285 4031 1373 4105 (aitrau
1396 4033 1470 4107 816.)

140 4144 189 4185 nes
210 4128 360 4197 requirere,
389 4127 487 4197 quibus
510 4126 581 4180 idem
607 4124 802 4181 monasterium
825 4122 930 4192 sibique
982 4122 1069 4195 [Apud
1089 4123 1120 4177 b.
1141 4123 1272 4194 Bouqoet.
1293 4121 1387 4247 Scrift.
1409 4123 1472 4180 lier.
1496 4123 1608 4191 Fruere,
1635 4134 1701 4182 tum.
1730 4125 1773 4196 Vl,

138 4221 252 4293 sulrjecti
264 4221 372 4291 aliquod
386 4218 485 4290 injuste
501 4219 640 4288 patiantur
655 4213 866 4279 incommodum,
882 4227 930 4268 no·
1015 4210 1078 4266 pag.
1098 4193 1162 4260 ⁴89·
1178 4195 1206 4249 1¹¹
1219 4195 1326 4267 limbi‘·
1355 4193 1414 4250 Μ·
1434 4193 1570 4262 Blimina
1586 4212 1647 4269 lid·
1662 4196 1720 4271 ²⁰]

139 4314 203 4368 stris
224 4311 375 4383 futurisque
403 4312 569 4380 temporibus
595 4310 739 4380 qnisquam
766 4306 929 4363 temerarius
1015 4306 1169 4363 innomine
1188 4305 1295 4363 Domini
1318 4306 1365 4362 Dei
1392 4316 1420 4363 et
1444 4305 1593 4364 Salvatoris
1608 4310 1694 4365 nostri
1709 4307 1773 4366 lesu

138 4400 448 4474 oristatqnodlaciendi
461 4401 583 4457 illicitam
597 4401 649 4457 sibi
668 4406 830 4472 potestatem
850 4397 928 4452 attri-
981 4393 1093 4462 Christi,
1119 4397 1281 4462 Ludosicus,
1308 4396 1397 4452 divina
1423 4398 1566 4452 ordinante
1593 4399 1772 4469 providentia,

139 4495 223 4550 buere
243 4495 350 4550 audeat.
366 4493 501 4562 Quidquid
522 4494 604 4564 igitur
617 4492 649 4548 de
670 4491 791 4563 prelatis
805 4487 926 4559 eiusdem
979 4490 1127 4561 imperator
1142 4488 1288 4560 Augustus.

139 4586 393 4642 monasterii-robus
409 4582 471 4651 jure
486 4584 544 4640 tisci
557 4585 706 4642 cedendum
729 4584 790 4650 luit,
813 4590 869 4638 eta
884 4582 930 4638 de·
1016 4579 1084 4635 Cum
1096 4578 1273 4651 petitionibus
1288 4593 1427 4633 serrorum
1448 4577 1495 4634 Dei
1505 4577 1588 4648 justis
1608 4589 1636 4636 et
1650 4582 1772 4638 rationa-

138 4675 296 4733 oessoribus
319 4675 418 4731 nostris
440 4674 622 4744 comperimus
642 4674 781 4740 collatum,
801 4682 829 4729 et
850 4671 931 4743 largi·
978 4669 1079 4727 bilibus
1095 4668 1192 4724 divino
1215 4668 1330 4724 interius
1351 4683 1444 4725 amore
1468 4670 1481 4710 ¹³
1508 4670 1641 4740 lavemus,
1663 4675 1771 4744 superni

139 4768 223 4826 tionis
247 4777 348 4824 nostrae
373 4782 485 4823 munere
508 4766 623 4823 libenter
648 4766 773 4823 volumus
798 4779 859 4821 esse
881 4778 931 4835 per
979 4760 1357 4818 ratmerisdonumallomino
1368 4762 1501 4832 impartiri
1512 4762 1657 4818 credimus.
1669 4762 1772 4819 idcireo

138 4860 294 4917 universum
317 4857 406 4915 eidem
427 4858 591 4914 monasterio
611 4872 781 4923 conoessum,
801 4865 832 4912 ut
845 4855 872 4913 id
884 4868 929 4908 rc·
981 4859 1075 4907 notum
1088 4849 1258 4906 sitomnibus
1270 4849 1393 4907 fidelibus
1404 4851 1512 4915 nostris,
1529 4860 1582 4906 tam
1593 4853 1773 4922 praesentibus

140 4957 214 5005 moto
232 4949 290 5006 osci
313 4949 461 5017 dominatu,
486 4949 520 5004 ad
545 4947 688 5004 luminaria
715 4947 835 5003 basilicae
858 4943 931 5002 beati
979 4957 1061 5012 quam
1075 4940 1183 5007 luteris,
1199 4943 1270 5011 quod
1292 4942 1402 5013 quidam
1426 4942 1468 4996 rir
1489 4942 1604 5015 llelogar
1618 4943 1772 4999 Aletbensis

141 5037 248 5095 llartini
260 5039 446 5095 concinnanda
459 5047 487 5094 et
498 5039 531 5094 ad
540 5039 765 5094 sustentationem
778 5052 926 5108 pauperum
982 5031 1125 5103 episcopus
1141 5031 1239 5087 detulit
1250 5031 1388 5090 obtutibus
1406 5033 1506 5088 nostris
1519 5034 1662 5103 quamdam
1675 5043 1770 5091 aueto-

140 5145 188 5185 seu
203 5132 362 5186 clericorum
387 5133 413 5183 iu
433 5129 527 5185 eodem
542 5129 602 5184 locu
627 5129 740 5184 llomiuu
753 5128 927 5185 servientium
981 5126 1101 5190 ritatem,
1121 5138 1203 5193 quam
1224 5123 1350 5181 dominus
1372 5132 1400 5180 et
1423 5125 1529 5197 genitor
1546 5134 1638 5182 noster
1657 5124 1771 5184 Carolus

140 5221 355 5292 supplementum
359 5255 449 5274 ........
472 5219 574 5292 Siquis
599 5230 689 5277 autem
705 5221 731 5276 in
747 5228 850 5277 tantam
863 5238 928 5292 pro·
981 5217 1059 5273 bonae
1071 5214 1209 5271 memoria
1219 5215 1554 5286 serenissinnsnugnstus
1568 5216 1769 5286 adpetitionem

140 5325 266 5382 rumpere
280 5325 363 5366 ausus
384 5309 467 5364 luerit
487 5310 639 5386 audaciam,
654 5319 684 5365 ut
706 5311 786 5381 hujus
801 5314 927 5384 precepti
982 5309 1066 5381 ipsius
1078 5306 1209 5370 eeclesiae,
1228 5306 1271 5360 cui
1294 5307 1350 5377 ipsc
1372 5306 1427 5362 Deo
1450 5313 1560 5364 auctore
1583 5319 1691 5380 praeest,
1710 5311 1769 5368 beri

140 5402 226 5456 nostri
238 5402 353 5458 violator
376 5399 522 5465 exstiterit,
537 5401 762 5469 quemadmodum
779 5403 806 5457 in
829 5419 928 5474 praece-
978 5399 1068 5474 jussit,
1083 5401 1110 5456 in
1130 5413 1183 5471 qua
1199 5398 1389 5454 corrtinebatur
1405 5398 1536 5453 insertum
1559 5402 1631 5473 quod
1649 5411 1770 5475 tempure

176 5547 190 5575 ¹
202 5533 432 5614 llocpraeceptum
446 5542 476 5611 ις
489 5527 588 5612 vidisse
604 5537 717 5585 testatur
726 5533 861 5613 liebertus
872 5533 927 5589 lla-
981 5535 1050 5590 lanae
1061 5541 1123 5588 ante
1132 5532 1232 5586 lostam
1241 5527 1440 5586 Parmenionis
1446 5530 1532 5588 beate
1544 5531 1633 5593 llariae
1640 5538 1768 5613 Virginis,

140 5604 285 5662 cluniensis
296 5615 437 5672 episcopus
450 5599 493 5654 lus
503 5600 610 5655 rerbts:
625 5617 634 5650 ι
648 5600 746 5658 Datum
758 5603 838 5671 barus
848 5604 927 5659 risio
981 5619 1052 5660 anno
1063 5617 1187 5659 uocxctr.
1205 5620 1214 5654 ι

141 5677 184 5735 uis
195 5676 273 5733 l'actae
291 5687 307 5729 a
327 5671 404 5729 uobis
423 5669 541 5727 liuberto
555 5668 727 5748 llacluriensi
739 5672 866 5747 episeopo
883 5674 926 5731 die
1015 5671 1272 5746 bFurtelegendom
1284 5669 1365 5726 diuini
1377 5667 1462 5727 cultus
1477 5688 1576 5732 rmore.
