3832 6120
129 296 182 355 191
666 284 804 348 colobii
821 274 1056 343 thohtohltsts'
1073 272 1226 338 brisceto
1713 269 1763 327 biii

130 416 214 476 perat,
225 405 355 471 retribuit,
369 405 432 475 qaia
441 404 586 459 amisorum
599 413 637 458 est
648 418 694 456 sor
705 402 775 472 ejus,
786 410 810 455 et
825 399 924 469 iactam
938 398 963 456 h
975 393 1041 448 briei
1052 392 1146 447 solunt
1157 391 1308 456 Danielem,
1317 389 1460 456 horulam,
1475 384 1645 450 lllsahelem,
1657 393 1687 440 et
1696 383 1766 440 hta·

131 502 270 552 artesano
289 505 348 550 aaut
372 497 425 561 rra,
446 495 721 561 saturietatem
744 491 923 549 Hierusalem.
977 484 1055 548 riam,
1070 485 1116 555 qur
1130 483 1241 540 ineram
1263 484 1297 540 re
1311 484 1387 555 regio
1400 483 1513 546 maniae,
1528 480 1616 537 laetos
1637 494 1702 535 esse
1722 492 1767 535 αι-

132 581 304 655 ltursumque
322 584 462 655 Scriptura
486 596 580 641 sarscta
595 587 740 642 elationem
752 586 842 641 cordis
865 583 925 652 ejas
975 576 1089 639 nuciws,
1105 591 1173 645 quos
1197 577 1224 630 in
1242 575 1394 631 ministerio
1422 573 1674 629 Nabuchodonosor
1685 569 1769 626 sititet
1791 596 1796 611 ·

132 667 198 730 dicit
211 675 371 744 poersitentia
394 675 557 748 mitigatam,
573 674 691 732 inserens
706 693 712 728 :
727 686 752 730 et
769 673 924 729 humiliatas
976 681 1029 720 non
1044 667 1157 722 dubium
1170 667 1357 739 est.(1tarr.r,
1378 665 1405 733 6,
1421 667 1448 721 1.
1465 664 1698 719 hermerium
1715 659 1768 715 lle·

131 774 169 819 est
183 774 284 835 postea,
298 767 408 836 eoquod
422 765 566 820 exaltatum
582 777 619 821 est
642 783 687 820 cor
700 771 768 837 ejus,
787 775 841 819 taos
859 765 922 836 ipse,
976 755 1069 809 iatius·
1095 754 1207 827 Reliqua
1233 755 1308 811 ‘ittet
1335 752 1488 825 cimbrus.)
1510 752 1659 808 1111ῦῦ0110*
1684 750 1766 814 0⁰5¹.

131 866 211 926 psam
223 855 383 910 habitatores
395 855 563 911 Hierusalem
570 874 580 923 ,·
593 857 727 913 etidcirco
739 873 790 912 stoa
805 857 870 912 ueait
884 857 925 910 ira
976 844 1003 899 id
1012 853 1054 902 eti
1063 847 1210 913 abscissos,
1222 862 1277 902 non
1289 861 1418 918 negatam
1432 845 1538 915 aliquot
1547 843 1634 898 inisse
1643 841 1681 897 (ie
1691 843 1769 897 semi·

134 943 239 998 llomiai
253 955 333 1016 saper
346 961 390 999 eos
405 946 433 999 ist
443 946 534 1001 diebus
549 946 682 1002 Ezechiae.
950 975 955 986 ·
976 952 1010 992 ¹¹0
1032 940 1153 1010 10810111
1176 940 1278 1011 mittio
1291 939 1365 1011 tebit
1380 936 1536 1010 Babylonis,
1551 936 1631 1006 justa
1652 935 1770 1006 emhilt*

172 1055 181 1088 s
203 1037 229 1110 (1
236 1035 257 1088 i'
269 1036 334 1108 Reg.
347 1055 393 1104 xx,
407 1039 451 1104 lb,
467 1038 532 1111 ete.)
546 1038 579 1094 lrs
601 1040 692 1094 dietas
715 1039 768 1094 silis
794 1038 925 1093 Euersam
977 1030 1042 1085 tiam
1056 1033 1129 1087 beati
1143 1032 1230 1099 isaiae,
1245 1032 1293 1089 sed
1318 1032 1352 1088 de
1367 1030 1460 1087 Daniel
1478 1039 1506 1087 et
1524 1030 1608 1086 sociis
1630 1027 1692 1097 eiras
1712 1043 1769 1083 cre·

133 1125 238 1182 toetatus
252 1136 289 1181 est
300 1127 328 1181 irs
342 1126 455 1182 adveatu
468 1128 612 1199 legatorum
625 1129 767 1184 berodach
780 1128 925 1185 Baladoo:
977 1124 1093 1180 (lendum
1119 1125 1192 1181 nullo
1217 1126 1298 1181 ruodo
1315 1134 1359 1182 est
1385 1143 1392 1179 :
1408 1125 1473 1195 quia
1498 1124 1520 1179 si
1535 1128 1638 1186 essent,
1659 1121 1696 1176 de
1712 1120 1769 1191 pal·

132 1231 214 1286 quem
236 1226 342 1286 patrem
362 1216 447 1273 inisse
460 1218 709 1276 Nabuchodonosor
725 1218 832 1277 liebrael
848 1227 927 1274 autu·
977 1215 1131 1272 chriturline
1147 1228 1270 1286 corporis
1292 1224 1321 1272 ct
1345 1224 1456 1287 aspecta
1474 1214 1581 1269 illorum
1596 1228 1652 1267 nors
1663 1212 1768 1266 timeret

133 1315 218 1371 mant,
234 1293 622 1375 esinablasionemanerum,
650 1321 678 1366 et
692 1310 927 1383 congratulatione
977 1306 1031 1361 dats
1058 1305 1112 1372 ille,
1137 1306 1219 1377 (ibid.
1248 1306 1323 1361 Vera.
1351 1305 1395 1378 lo)
1417 1305 1464 1374 qui
1488 1318 1536 1359 eas
1554 1302 1647 1358 adhue
1673 1314 1770 1372 prreros

132 1397 257 1452 sanitatis
266 1413 331 1453 suae.
346 1396 517 1470 Ostenditque
528 1401 566 1456 eis
581 1401 690 1456 domasa
701 1410 851 1456 aromatum
865 1416 927 1456 suu·
977 1395 1128 1462 erudiebat,
1141 1397 1204 1466 quia
1219 1396 1324 1467 species
1334 1395 1413 1451 faciei
1424 1391 1493 1450 solet
1503 1393 1627 1464 deperire
1640 1390 1670 1447 ln
1682 1392 1769 1463 pueris

133 1504 202 1555 rsus,
216 1501 239 1545 et
252 1491 390 1547 thesatsros
401 1488 550 1563 ararathes
563 1486 634 1560 uari,
647 1503 672 1548 et
685 1492 926 1558 odoramentorum,
977 1485 1114 1544 alsacissls.
1141 1488 1203 1543 Fuit
1232 1496 1323 1543 autem
1356 1485 1524 1543 consuetudo
1548 1483 1620 1554 apud
1646 1485 1770 1553 animnos

133 1588 157 1632 et
169 1582 294 1648 unguenti
304 1581 406 1651 optimi,
422 1590 447 1636 et
461 1595 550 1638 omnes
566 1583 702 1638 thesauros
724 1595 847 1638 uasorum
862 1598 926 1638 suo·
977 1581 1109 1634 eunuchos
1119 1592 1217 1635 uocare
1229 1578 1410 1635 cultieularios
1426 1586 1454 1633 el
1467 1577 1596 1633 custodes
1608 1575 1719 1647 palatii,
1729 1575 1769 1644 qai

134 1675 214 1723 rami
230 1687 280 1724 noa
295 1670 346 1741 tait
368 1689 426 1745 res,
436 1690 515 1746 quam
527 1690 580 1729 noo
593 1676 734 1730 ostenderit
747 1677 785 1730 eis
807 1677 835 1732 io
848 1677 926 1732 domo
961 1737 964 1743 ¹
979 1679 1079 1726 uxores
1095 1670 1241 1736 habebant,
1256 1678 1284 1725 et
1293 1668 1406 1725 abscissi
1420 1682 1536 1740 corpore
1547 1682 1603 1722 non
1615 1665 1739 1721 luerunt

133 1775 182 1812 sua
207 1769 231 1814 et
252 1761 366 1816 iuomtsi
382 1773 510 1833 potestate
534 1778 583 1820 tua
599 1780 609 1818 .·
627 1764 703 1822 Unde
727 1767 795 1821 iram
809 1766 857 1822 Dei
865 1745 965 1835 jus-B
1014 1760 1104 1833 (Vere.
1130 1761 1185 1834 19.)
1204 1762 1331 1833 Dixitque
1349 1761 1480 1816 Ezechias
1504 1779 1510 1815 :
1537 1759 1646 1815 Bonam
1670 1758 1772 1814 min

134 1850 239 1906 tissime
258 1853 424 1920 merebatur,
440 1854 513 1924 qnod
528 1870 581 1910 non
595 1857 681 1911 solum
698 1857 840 1913 thesauros
850 1872 925 1922 suos,
976 1850 1094 1918 ”volitis
1117 1853 1188 1923 gaad
1202 1852 1305 1907 locabit
1325 1861 1361 1907 ²⁸!
1376 1853 1446 1922 :tter
1460 1861 1564 1906 ramam
1577 1867 1634 1921 tow
1644 1852 1677 1904 3²²
1687 1849 1771 1906 ⁴54¹·

134 1951 216 2011 atque
239 1943 344 2012 palatii,
357 1943 403 1998 sed
426 1953 454 2000 et
467 1945 559 2016 templi
575 1946 741 2014 ostenderet,
762 1948 834 2017 qarod
853 1955 927 2005 certe
976 1942 1051 1996 rods.
1076 1954 1089 1982 α
1114 1943 1213 2012 inquo
1227 1945 1260 1998 ab
1275 1940 1397 1999 llcbrasis
1420 1939 1643 2012 reprehenditur,
1662 1952 1771 1996 eurota

135 2031 186 2086 luit
206 2035 350 2103 potestatis
369 2035 439 2106 ejus.
456 2036 490 2092 de
506 2031 679 2108 cuiusralris
701 2053 798 2095 aureas
812 2037 927 2094 laminas
977 2035 1014 2090 sit
1033 2035 1155 2090 imitatus
1171 2035 1320 2090 bonitatem
1344 2033 1454 2105 Moysis,
1477 2033 1524 2103 qui
1548 2031 1663 2086 locutus
1682 2038 1724 2086 est
1741 2030 1774 2085 sd

136 2132 199 2178 anie
209 2122 266 2192 iam
282 2125 391 2181 illiciat·
977 2109 1064 2183 deum
1084 2144 1090 2181 :
1106 2128 1158 2182 hat
1178 2128 1280 2183 dimitte
1300 2129 1338 2183 eis
1353 2128 1421 2182 hanc
1437 2143 1544 2193 oasam,
1560 2134 1607 2180 sat
1622 2126 1649 2180 si
1671 2141 1723 2180 stoa
1736 2124 1773 2195 {s-

174 2231 184 2263 s
201 2212 290 2285 (Vera.
303 2214 357 2287 11.)
371 2216 482 2272 intrauit
494 2227 583 2274 autem
593 2218 681 2275 isaias
693 2218 824 2292 Propheta
836 2219 928 2276 odile-
977 2218 1040 2284 cies,
1056 2217 1113 2273 dele
1139 2218 1222 2272 mede
1240 2218 1306 2273 libra
1320 2234 1397 2289 quem
1416 2216 1552 2288 scripsisti.
1572 2233 1583 2266 s
1599 2215 1614 2256 b
1632 2214 1706 2283 Quid
1725 2213 1773 2270 bot

134 2317 192 2371 gem
205 2302 360 2361 Ezechiam.
374 2305 547 2378 llursumque
560 2317 622 2379 post
636 2310 758 2380 corporis
771 2309 927 2376 sanitatem,
978 2306 1037 2363 loco
1063 2308 1205 2378 Promeae
1228 2310 1363 2365 sententia
1382 2318 1478 2364 contra
1493 2307 1644 2364 Ezechiam
1673 2320 1772 2377 ηοω,

134 2401 163 2448 et
178 2394 247 2462 signi
269 2396 495 2466 magnitudinem,
509 2398 600 2455 odessi
614 2399 737 2457 videmus
757 2400 838 2456 aliam
850 2416 929 2457 oeca-
978 2399 1032 2454 nisi
1043 2401 1227 2471 arrogantiam
1251 2399 1454 2470 hypocritarum
1471 2396 1656 2469 cogitatianes
1673 2409 1737 2450 suas
1748 2394 1774 2448 la

137 2483 242 2539 sionem
270 2486 413 2555 snperbia,
432 2503 513 2558 quam
534 2497 563 2543 ut
589 2489 930 2560 praeascendentem
980 2489 1147 2559 exquirenda
1177 2490 1316 2544 hominum
1345 2487 1524 2544 admiratione
1546 2485 1704 2558 signiticatl
1726 2484 1775 2540 Per

135 2574 223 2631 vitare
246 2575 386 2638 debuerat,
412 2593 462 2634 nec
478 2589 630 2635 rsronstrare
650 2581 808 2652 alienigenis
822 2583 930 2638 divitias
980 2596 1060 2637 mnne
1088 2581 1160 2637 enim
1187 2583 1259 2652 qnod
1273 2582 1422 2654 hypocritae
1436 2579 1552 2646 iaciunt,
1571 2578 1637 2651 quis
1666 2577 1775 2634 oecaltls

137 2682 210 2733 suas,
233 2683 302 2738 quas
317 2668 373 2724 beo
389 2669 526 2726 tribuente
544 2673 709 2742 possederat,
729 2688 763 2729 ex
778 2688 831 2744 qrro
851 2674 930 2744 iusta
981 2671 1191 2742 cogitationibus
1205 2670 1299 2728 laudes
1320 2673 1458 2727 bominum
1473 2671 1630 2741 requirunt,
1645 2670 1724 2739 quasi
1735 2684 1776 2723 rs·

136 2757 208 2830 leges
235 2774 342 2828 ‹puoque
365 2759 520 2833 tropologia
543 2763 683 2830 discimus,
711 2781 763 2819 ooo
787 2767 929 2823 mittendas
982 2762 1057 2818 dices
1069 2762 1153 2833 scirpi
1164 2763 1192 2818 in
1205 2778 1332 2818 acervum
1343 2770 1482 2833 petrarum
1494 2762 1605 2816 mittunt
1619 2779 1626 2814 :
1639 2760 1776 2831 operatum

136 2851 294 2919 margaritas
308 2862 369 2906 aute
381 2868 486 2922 porcas,
511 2870 557 2909 neo
578 2853 695 2909 dandum
723 2866 842 2911 sanctum
856 2853 930 2914 rani·
982 2853 1081 2923 quippe
1101 2853 1195 2909 laudes
1208 2869 1272 2909 suas
1285 2855 1405 2925 cogitant
1421 2869 1427 2906 :
1444 2853 1546 2907 laudati
1563 2860 1658 2906 autern
1672 2853 1723 2909 bas
1734 2863 1775 2906 se

137 2941 194 2995 brar.
212 2939 320 3013 (llatth.
337 2959 385 3010 vn,
401 2943 428 3016 6)
455 2943 506 3012 Qui
518 2946 590 3001 enirn
604 2946 690 3002 lldelis
702 2957 752 3014 est,
770 2948 867 3019 spiritu
881 2950 929 3006 ab·
981 2958 1042 3000 curn
1064 2944 1139 3000 melli
1161 2944 1190 3000 in
1211 2945 1419 3017 cogitationibus
1437 2955 1547 3000 versant
1574 2960 1581 2996 r
1610 2945 1732 3015 gaudem
1749 2955 1777 2997 ss

135 3035 243 3091 scandit
264 3037 384 3107 negotia,
414 3047 442 3093 et
469 3040 625 3112 quicunque
655 3041 707 3097 hoe
740 3057 794 3097 non
823 3041 929 3111 lecerit,
982 3040 1131 3111 precipuos
1142 3041 1170 3096 in
1181 3041 1298 3095 humana
1309 3040 1488 3095 mutuatione
1499 3037 1643 3093 claruisse.
1655 3036 1777 3106 Cumque

136 3127 226 3182 asmata
241 3127 328 3184 cirrus
341 3128 412 3187 illius
423 3141 582 3199 coematur,
594 3132 740 3208 (peritque)
755 3146 803 3206 per
818 3136 844 3192 ld
857 3137 930 3208 guod
943 3105 967 3169 C
982 3130 1068 3185 inflati
1083 3131 1221 3188 tatoribus
1234 3132 1304 3203 apud
1320 3131 1481 3201 semetipsos
1496 3131 1694 3194 saranescum,
1708 3127 1778 3200 wit

136 3218 293 3284 posteritas,
306 3220 408 3275 amisso
419 3221 488 3276 virili
504 3222 602 3278 robore
613 3225 640 3279 io
654 3225 815 3282 muliebrem
830 3227 930 3298 radim·
982 3222 1116 3278 mirantur
1134 3222 1208 3278 taciti
1226 3223 1308 3276 etiarn
1323 3222 1375 3292 ipsi
1392 3220 1464 3292 quod
1479 3228 1551 3276 sunt.
1578 3219 1673 3275 videri
1690 3218 1778 3290 quoti

138 3314 183 3361 tur
205 3307 414 3365 asollitudincm.
428 3310 582 3382 ingreditur
595 3324 660 3388 ergo
671 3315 756 3372 isaias
777 3316 811 3371 ad
826 3329 928 3387 regem,
983 3313 1027 3369 die
1038 3314 1197 3385 semetipsos
1210 3314 1321 3369 altiores
1334 3313 1456 3384 cupiunt,
1471 3327 1502 3367 ac
1520 3311 1599 3367 nriris
1615 3323 1628 3351 ⁰
1648 3309 1779 3367 inventio·

136 3405 165 3452 et
178 3399 256 3469 qussi
276 3399 384 3456 nescias
409 3402 565 3459 sciscitatur
577 3406 640 3477 qaid
663 3407 787 3462 diaersat
800 3406 851 3463 siri
862 3407 908 3463 isti
919 3409 933 3463 t
982 3405 1062 3461 nibus
1083 3404 1110 3460 in
1134 3419 1217 3475 opere
1237 3412 1399 3461 excrescunt
1420 3418 1427 3458 :
1455 3403 1518 3474 quia
1543 3402 1616 3458 sieut
1637 3401 1778 3458 ‹tt-irrasos

135 3488 242 3544 stesde
254 3491 472 3547 aeoeraottltao
486 3493 645 3568 interrogat,
662 3498 728 3567 quid
750 3496 834 3554 locati
856 3506 930 3567 sunt,
984 3511 1065 3555 ornne
1077 3497 1172 3553 vitium
1186 3504 1328 3563 esserrant,
1347 3497 1387 3551 sic
1411 3494 1567 3567 arrogantis
1584 3495 1709 3551 roborat.
1728 3493 1778 3550 iio

136 3587 165 3634 ct
185 3579 256 3635 ursde
272 3591 404 3638 verterunt
426 3603 432 3638 :
456 3584 501 3641 ille
515 3587 549 3642 ad
570 3597 655 3642 unum
678 3587 828 3660 respondit,
843 3589 931 3647 altero
982 3591 1022 3662 git
1048 3603 1166 3659 namque
1191 3595 1310 3643 mentem
1335 3587 1523 3659 juvenescere,
1540 3592 1568 3640 et
1586 3593 1685 3641 eontra
1709 3583 1777 3639 eires

136 3674 329 3742 pretermisso.
346 3674 546 3752 (Vers.ll)1)e
561 3689 633 3735 terra
646 3679 790 3754 laumoatta
804 3693 929 3740 mamert
982 3681 1084 3748 eslere,
1099 3680 1161 3751 quia
1176 3687 1203 3736 et
1212 3679 1284 3750 quod
1293 3685 1374 3750 negat
1386 3676 1651 3751 rigorraletudinis,
1667 3677 1776 3750 ‘impe

136 3764 171 3818 ad
187 3781 238 3832 ose,
251 3766 284 3821 de
307 3766 451 3841 Babylone.
467 3771 545 3840 Quod
559 3781 661 3844 quanto
676 3783 748 3828 terra
766 3771 874 3845 longlar
895 3774 932 3832 sit
983 3783 1027 3831 rat
1037 3773 1221 3830 amorlaulis.
1238 3772 1314 3829 Unde
1332 3780 1361 3828 et
1374 3771 1454 3827 lactis
1472 3771 1538 3837 saris,
1550 3780 1580 3825 ot
1591 3769 1725 3839 diximus,
1737 3781 1779 3824 sr-

137 3856 208 3911 unde
232 3868 374 3924 venerunt,
394 3869 469 3917 tanto
493 3863 545 3919 iste
575 3874 623 3919 rer
645 3865 798 3937 gloriosior,
818 3874 931 3938 propter
983 3862 1071 3924 birros
1085 3865 1224 3936 inquimnt
1237 3882 1243 3918 :
1258 3860 1358 3920 sivero
1372 3864 1445 3934 operi
1469 3868 1552 3918 testes
1562 3859 1661 3918 deesse
1673 3860 1779 3917 conda

136 3960 217 4015 quem
239 3959 394 4006 uenerunt:
415 3952 450 4006 b't
473 3963 609 4020 uenerant,
635 3955 732 4026 inquit.
758 3956 794 4010 ad
807 3973 858 4023 me,
880 3957 928 4028 qui
982 3967 1057 4031 gant,
1076 3966 1189 4014 narrant
1213 3954 1263 4027 ipsi
1288 3970 1349 4026 (puae
1375 3955 1518 4023 gesserint.
1538 3953 1663 4025 Curaque
1688 3952 1777 4009 elberti

137 4037 271 4094 debuerat
292 4040 405 4097 dicere:
422 4045 595 4100 veneruntad
615 4044 818 4116 glorificandum
833 4046 930 4112 Duum,
982 4049 1122 4115 favoribus
1146 4047 1287 4118 ooeperiot,
1322 4056 1394 4118 saepe
1424 4047 1527 4103 eis-lem
1556 4046 1614 4102 suis
1640 4047 1778 4117 operihsrt‚

137 4142 187 4195 pro
200 4128 271 4198 signi
286 4131 471 4201 magnitudine
481 4134 513 4188 de
525 4134 672 4205 babylone,
686 4150 746 4206 quae
756 4136 821 4191 urbs
835 4136 863 4191 in
876 4145 933 4194 toto
982 4157 1043 4212 qrrae
1058 4138 1068 4179 l
1085 4139 1173 4210 egisse
1194 4152 1223 4193 se
1238 4134 1369 4203 aeternat,
1384 4137 1540 4191 mentiendo
1567 4137 1672 4206 aliquid
1686 4137 1781 4208 adius·

136 4218 204 4272 orbe
228 4221 416 4287 potentissima
439 4233 490 4279 est.
514 4225 687 4298 itureamque
709 4227 793 4285 isaias
818 4240 826 4281 r
850 4228 931 4298 Quid,
983 4239 1058 4307 gunt.
1083 4230 1151 4287 Cum
1165 4242 1231 4285 vero
1244 4239 1345 4285 eterra
1363 4229 1466 4295 dicunt,
1483 4228 1541 4284 bace
1555 4228 1673 4284 dicendo
1690 4229 1779 4285 aliens

138 4312 239 4380 inquit,
264 4311 384 4367 uiderunt
405 4315 432 4368 iss
445 4314 524 4370 denso
538 4320 603 4373 trra?
617 4319 651 4375 Et
671 4320 715 4375 ille
741 4322 881 4391 respondit
898 4332 931 4378 et
983 4324 1097 4389 iaciunt,
1112 4322 1175 4392 quia
1197 4321 1319 4390 ortasitis
1343 4320 1554 4376 tremunerasis
1576 4318 1721 4377 fauoribus
1734 4322 1777 4375 *a

138 4411 217 4473 parte
243 4414 347 4470 rerum,
363 4407 432 4477 quod
454 4409 543 4464 omnia
569 4410 682 4466 uiderint
707 4413 735 4468 io
747 4412 825 4467 doaso
848 4412 930 4479 stlirss,
984 4426 1060 4480 tera,
1072 4422 1099 4469 et
1110 4413 1206 4468 intima
1220 4411 1398 4467 retributione
1421 4419 1579 4465 vacuantur.
1596 4408 1627 4463 ln
1645 4425 1678 4466 eo
1696 4410 1778 4471 enlm.

137 4509 184 4550 sset
204 4495 283 4566 [aedi
304 4513 355 4564 res,
369 4514 449 4569 auara
463 4517 514 4556 ooo
535 4503 678 4558 ostenderit
695 4506 732 4560 eis
750 4506 777 4560 irs
799 4506 932 4560 thesauris
984 4506 1057 4578 quod
1067 4506 1136 4561 bona
1150 4518 1197 4559 sua
1210 4501 1387 4572 patefaciunt,
1399 4501 1545 4557 ostendunt
1557 4499 1688 4570 malignis
1701 4498 1781 4571 spiri·

137 4590 204 4654 sais,
220 4591 266 4646 sed
289 4590 403 4648 alterum
427 4596 522 4660 tacuit,
548 4599 582 4652 de
604 4613 658 4669 ouo
683 4598 828 4653 serebatur
847 4596 932 4653 olien-
984 4583 1157 4667 sitiremus
1170 4592 1360 4650 insidiantibus
1380 4589 1512 4656 lrostibus,
1532 4605 1593 4662 qum
1612 4589 1779 4659 praedentur.

138 4694 197 4737 sam
212 4700 218 4735 :
232 4683 304 4753 qnod
318 4685 460 4740 ostenderit
474 4686 511 4740 eis
528 4698 634 4753 sauata,
648 4705 708 4759 aare
722 4687 828 4741 liaberet
841 4688 870 4741 irs
884 4705 932 4758 po·
985 4689 1087 4744 llorum
1102 4701 1168 4758 crgo
1191 4687 1283 4750 vitam,
1304 4682 1351 4738 illa
1374 4682 1479 4738 eunctis
1492 4679 1636 4737 notissima
1656 4677 1781 4734 Ezechiae

138 4780 230 4826 testate
242 4790 312 4827 saa:
328 4775 398 4829 haud
412 4774 524 4830 dubium
539 4777 667 4846 quoniam
685 4785 712 4830 et
728 4776 820 4847 templi
844 4776 933 4846 supel-
985 4781 1064 4850 culpa
1089 4778 1224 4850 figuravit.
1242 4776 1293 4844 Qui
1320 4782 1462 4847 postquam
1488 4786 1540 4827 unu
1562 4786 1658 4842 preoes
1677 4777 1709 4827 ⁰²
1732 4768 1781 4827 ⁸¹¹⁵

139 4864 254 4920 lectilcm
270 4866 635 4937 ostcnrleritrpropterqure
650 4865 794 4922 lsaiasliei
808 4883 933 4925 sermone
985 4873 1065 4928 unius
1086 4871 1175 4927 noetis
1200 4870 1298 4940 spatio,
1325 4877 1433 4925 centum
1462 4867 1470 4907 l
1501 4864 1783 4936 octuagintaquinque

139 4955 244 5028 profert
258 4959 420 5011 sententiam
438 4975 443 5010 :
462 4955 551 5028 (Vera.
569 4956 613 5027 lli)
630 4956 700 5010 Audi
721 4955 828 5010 carbrias
842 4957 933 5011 Drusi·
985 4964 1068 5020 millia
1079 4961 1312 5033 hostium,angeio
1325 4959 1450 5016 feriente.
1461 4953 1620 5030 prostravit,
1635 4965 1781 5028 postauam

139 5050 165 5103 oi
178 5050 349 5103 exerciturum.
370 5048 467 5103 Veniet
488 5058 603 5117 tempus,
628 5047 736 5118 qrrando
753 5049 844 5102 arrrnia
863 5050 930 5115 lutee,
983 5055 1092 5111 occasui
1114 5053 1267 5124 proximum
1289 5051 1322 5106 ad
1344 5051 1443 5105 altiora
1462 5049 1523 5104 coeli
1538 5047 1625 5118 spatia
1641 5047 1729 5103 solem
1741 5063 1780 5102 rc·

138 5158 199 5211 quum
220 5142 246 5196 ia
270 5143 350 5197 dorrro
365 5149 410 5196 tua
425 5151 499 5207 sant,
512 5149 603 5196 etnon
615 5148 671 5205 tuo,
694 5140 741 5196 sed
752 5150 860 5210 patrum
873 5151 932 5198 tuo-
985 5145 1080 5200 cinxit:
1096 5151 1238 5213 posternam
1264 5141 1348 5195 ritem
1368 5138 1566 5210 propinquante
1582 5135 1641 5205 jam
1665 5136 1781 5192 termino

140 5247 199 5286 rum
213 5233 305 5288 lairere
318 5233 442 5304 qtrrusita,
457 5235 483 5287 in
502 5232 667 5304 Babylonem
679 5232 889 5299 transferantur,
904 5242 932 5288 et
984 5242 1151 5291 coarctatam
1162 5233 1190 5288 in
1205 5242 1325 5300 ternpore
1342 5230 1462 5300 longiora
1475 5225 1633 5297 protelavit,
1644 5227 1781 5298 susceptis

139 5326 286 5382 desemine
301 5336 347 5381 tuo
357 5326 546 5382 ssarrteumrclri
559 5328 585 5380 in
596 5325 657 5380 aula
671 5326 751 5396 regis.
761 5325 801 5380 Es
812 5324 932 5396 quo'lle-
985 5323 1140 5396 balrylonici
1167 5324 1238 5393 regis
1258 5323 1360 5376 rsrrntiis
1372 5322 1441 5376 bona
1459 5318 1562 5385 cornia,
1578 5333 1641 5390 quae
1657 5318 1783 5391 posside·

175 5451 187 5477 ί
202 5439 291 5496 Pauca
306 5442 363 5497 trac
378 5459 471 5497 rursus
488 5441 616 5496 llaltamrs
630 5439 721 5495 tradit.
1022 5450 1033 5477 ί
1052 5435 1172 5506 irupeter.

176 5509 269 5575 iliata
292 5521 443 5583 mqasrntur
457 5514 548 5569 onmia
564 5511 699 5574 Pretorius,
712 5509 828 5578 ideoque
851 5507 931 5563 Clau·
1022 5509 1031 5546 t
1049 5504 1196 5576 l’erepisse.

140 5578 200 5633 dius
218 5595 252 5635 es
277 5581 409 5652 Gregorio
424 5583 573 5652 desumpsit
586 5598 660 5637 nrum.
680 5581 711 5638 8l
728 5588 755 5636 et
771 5579 805 5635 82
821 5579 867 5636 lib.
882 5593 929 5634 rrrr
1022 5582 1034 5618 ὅ
1052 5576 1220 5631 Remunerati

139 5649 280 5707 bloraliurn
300 5651 359 5708 hare
372 5652 504 5708 tradente.
1021 5650 1033 5689 h
1054 5648 1091 5701 lt
1113 5662 1204 5701 eoram
1222 5645 1325 5700 intima.
1341 5644 1563 5701 eraserimus
1576 5642 1672 5706 bulo.

175 5719 405 5776 violentioribus.
1024 5719 1032 5760 l
1050 5714 1201 5790 Octoginta.

159 5791 177 5834 d
198 5791 289 5850 li'rras
307 5791 471 5852 hirruilitaris
490 5800 607 5852 stertat.
