3832 6120
135 220 191 275 aas
258 291 262 297 Ι
691 219 791 276 tinen
812 219 855 274 ut:
875 215 990 272 hittun
1010 216 1216 274 PSdLllODlA.
1726 221 1780 279 5.*ὶῦ

135 336 197 398 urit,
209 341 236 390 ct
250 341 340 390 metus
358 347 431 404 spent
443 339 471 389 et
487 347 551 404 spes
564 340 696 404 temperet
711 342 827 396 tinctum;
845 348 877 386 ac
895 346 928 385 ire
943 334 968 394 Α
981 330 1064 385 lutern
1079 347 1233 402 operemur,
1261 340 1289 387 et
1305 347 1400 388 omnes
1427 333 1519 390 fideles
1537 336 1651 392 salutern
1670 339 1778 398 deside-

133 442 198 498 spes
210 426 238 482 in
259 425 413 495 superbiam
439 425 538 494 erigat,
554 435 643 480 metus
658 425 785 480 contiuuo
804 424 929 494 adjacens
982 431 1053 486 rant,
1074 423 1150 493 prius
1178 424 1222 478 illa
1238 439 1299 479 curn
1315 425 1414 495 quibus
1440 425 1512 480 salus
1529 438 1667 498 operatur,
1682 432 1708 487 id
1725 443 1777 502 cst,

134 526 254 575 utentem
284 524 409 587 preruat;
427 533 545 580 rursum,
564 533 598 572 ne
624 518 817 573 immoderatus
841 525 930 572 metus
981 511 1063 566 timor
1077 521 1104 566 et
1118 521 1231 578 tremor,
1245 513 1272 568 in
1286 513 1383 569 studiis
1398 514 1498 570 ”osiris
1515 514 1675 586 fundentium
1691 529 1764 578 utsu

133 612 256 666 antimum
270 610 297 663 in
315 609 532 678 desperationem
556 611 665 674 obruat,
693 610 764 664 hunc
785 607 929 663 confestim
979 600 1161 671 perpetienda,
1177 602 1239 672 quia
1259 601 1381 658 faciliora
1397 604 1597 671 suessanum
1616 608 1778 679 impulsione

133 718 197 774 ,Μ
220 701 316 771 erigat,
333 699 421 755 Megas
447 714 572 768 pastuque,
590 698 611 754 si
627 700 685 754 sine
703 714 750 768 spe
775 697 868 763 suerit,
883 698 929 752 de·
980 692 1134 746 necessario
1149 692 1332 762 requirantur.
1353 692 1421 749 Nam
1444 703 1472 751 01
1487 696 1611 754 naturale
1626 703 1778 760 esldnllllae

132 794 254 864 speratio
277 793 379 848 rectius
397 801 518 848 uocatur.
549 791 617 862 Spes
636 807 713 857 uero,
731 792 850 847 siluerit
870 793 930 847 sine
979 780 1115 850 humanit,
1131 791 1161 838 ¹¹1
1175 783 1301 839 llmffleffl
1316 800 1370 839 ¹¹0n
1384 785 1443 840 Sine
1466 791 1583 857 quadam
1596 792 1720 849 molestia
1735 803 1777 852 to-

132 898 219 950 quem,
231 900 300 940 vana
316 885 490 954 prmumptto
504 899 564 940 esse
579 892 756 941 monstratur,
783 882 841 938 Tali
853 898 929 938 nam.
978 873 1080 943 lerans,
1099 893 1209 932 rursum
1223 886 1319 948 sponte
1334 879 1369 933 ad
1392 895 1468 951 spem
1496 898 1640 942 recurrere
1653 887 1774 956 festinet,

131 993 185 1047 que
197 984 422 1046 temperamento,
439 974 516 1044 quasi
528 975 648 1044 quodam
662 975 793 1041 antidoto,
806 973 863 1029 vult
878 989 929 1030 nos
979 984 1039 1038 qum
1051 968 1139 1025 lentior
1152 978 1278 1038 putatur,
1296 985 1452 1040 quanquam
1470 972 1551 1029 timor
1563 991 1615 1030 non
1631 979 1667 1032 sit
1685 981 1776 1034 suiuus

131 1066 253 1123 coelestis
265 1066 389 1122 medicus
402 1066 461 1126 uriz
479 1074 509 1121 ut
523 1076 586 1135 pote
608 1067 656 1136 qni
671 1067 745 1122 sotus
763 1073 807 1121 est
820 1073 929 1121 seruta-
978 1059 1149 1114 necessarius
1163 1066 1191 1114 et
1212 1059 1296 1115 utilis.
1316 1060 1384 1128 Ornia
1404 1062 1486 1134 igitur
1502 1064 1525 1118 si
1541 1064 1575 1120 de
1597 1067 1723 1125 omnibus
1736 1070 1776 1125 di·
1848 1113 1854 1121 .

132 1166 176 1212 gor
186 1156 347 1226 0100301201
358 1154 526 1210 internarum
540 1154 740 1222 infirmitatum,
755 1155 800 1210 cui
811 1155 926 1211 dicitur:
978 1149 1049 1204 uinis
1063 1149 1140 1205 libris
1155 1149 1308 1219 hujusmodi
1322 1152 1471 1208 sententias
1496 1157 1678 1227 excerpimus,
1694 1161 1776 1218 nimis

133 1245 173 1298 Tu
184 1244 255 1300 relus
279 1245 350 1299 nosti
364 1244 447 1299 cerda
473 1244 591 1314 filiorum
605 1247 751 1302 hominum.
770 1245 878 1317 Quique
887 1244 929 1300 di·
977 1240 1112 1310 prolixum
1126 1257 1194 1312 opus
1210 1240 1346 1308 edicitur,
1370 1243 1430 1299 illas
1444 1261 1516 1300 nune
1543 1247 1621 1302 uobis
1636 1263 1776 1308 assumere

130 1338 170 1392 cit
186 1355 193 1392 :
211 1337 267 1408 Ego
283 1353 341 1391 sunt
351 1347 472 1428 scrutum
492 1353 566 1393 renea
591 1347 615 1392 et
634 1338 725 1393 cerda.
741 1336 825 1407 Cujus
838 1350 929 1392 sermo
978 1333 1092 1389 sufficiat
1102 1349 1162 1405 qum
1174 1335 1200 1389 in
1213 1345 1340 1406 promptu
1352 1336 1497 1404 habentur3
1511 1348 1539 1394 et
1560 1343 1648 1414 magis
1663 1343 1690 1397 in
1707 1360 1774 1411 usu;

131 1439 174 1482 est
190 1430 267 1484 uiuus
279 1436 307 1483 ct
318 1427 424 1492 efficax,
437 1437 465 1484 et
477 1430 672 1499 penetrabilior
684 1431 757 1487 omui
776 1430 865 1502 gladio
879 1445 928 1485 an·
978 1425 1096 1479 maxime
1107 1425 1169 1495 quic
1187 1432 1214 1478 cl
1237 1439 1285 1480 vos
1304 1425 1357 1481 lale
1384 1426 1442 1483 fieri
1468 1429 1589 1500 jussistis
1604 1448 1683 1503 opus,
1702 1435 1774 1505 quod

131 1520 219 1589 cipiti,
234 1528 262 1576 et
275 1520 433 1592 pertingens
456 1522 595 1590 usquead
614 1521 776 1578 divisionem
788 1522 885 1577 animae
895 1535 929 1576 ae
978 1516 1115 1589 paulisper
1127 1531 1208 1572 manu
1223 1525 1355 1587 gestetur,
1375 1535 1429 1574 non
1454 1523 1526 1591 quod
1553 1523 1580 1577 in
1601 1526 1720 1581 armario
1732 1525 1775 1580 uel

132 1610 255 1679 spiritus,
284 1624 444 1680 compagum
462 1625 569 1681 quoqne
590 1610 869 1676 acmedullamm,ct
886 1617 929 1666 est
979 1609 1006 1664 in
1021 1609 1123 1665 scrinio
1140 1618 1303 1664 reservetur.
1320 1608 1384 1664 Haec
1413 1611 1479 1666 mihi
1509 1612 1619 1685 igitur·
1637 1616 1774 1672 inchoanti

132 1702 266 1758 discretor
280 1702 474 1772 cogitationum
485 1710 513 1757 et
522 1703 701 1758 intentionum
714 1703 821 1767 cerdis;
838 1702 928 1757 sciens
941 1691 965 1750 B
978 1698 1076 1754 ottnlit
1093 1714 1122 1755 se
1134 1700 1222 1770 prima
1238 1701 1284 1756 illa
1296 1701 1432 1757 sententia
1452 1705 1558 1774 septimi
1570 1705 1676 1775 psalmi,
1692 1722 1775 1778 quani

132 1801 251 1847 urentem
270 1793 415 1847 burnanam
427 1791 471 1848 his
494 1792 598 1849 duabus
624 1792 771 1848 virtutibus
787 1792 814 1846 in
839 1790 927 1846 medi-

131 1884 208 1938 tullio
236 1883 369 1941 stabititcr
400 1899 480 1954 pesse
506 1885 618 1941 servari.
647 1884 714 1940 Cum
735 1885 871 1955 habergo
887 1885 925 1940 ita

130 1974 197 2038 sint,
223 1975 309 2029 risum
338 1974 404 2031 milti
419 1983 462 2030 est
483 1983 515 2030 ut
527 1975 646 2046 primum
660 1976 694 2032 de
717 1975 770 2030 iliis
783 1975 926 2033 sententiis

130 2080 190 2134 qum
206 2065 239 2118 ad
251 2064 406 2120 interiorem
429 2065 528 2123 motam
551 2067 699 2137 pertinent,
715 2067 809 2134 idest,
834 2069 868 2122 ad
884 2068 926 2127 iu-

129 2153 264 2208 etlabilom
290 2162 423 2210 terrorem
441 2156 584 2223 mentium,
608 2157 736 2225 quoniam
751 2164 814 2212 sunt
844 2157 926 2214 nimis

129 2245 230 2309 ardun,
246 2244 335 2313 aliqua
352 2245 523 2313 describam,
540 2253 570 2301 ut
584 2247 648 2315 quia
671 2255 835 2317 praeceptum
847 2249 925 2306 uobis

129 2345 173 2390 est
189 2343 219 2390 ut
233 2350 297 2390 cum
308 2336 411 2391 timore
423 2343 452 2390 et
468 2343 586 2391 tremore
607 2345 731 2394 nostram
745 2338 865 2407 ipsorum
879 2353 924 2395 sa·

979 1800 1129 1858 cantamus,
1157 1792 1299 1849 dieentes:
1328 1793 1440 1850 Domine
1462 1795 1534 1850 Deus
1562 1813 1646 1862 meus,
1675 1799 1697 1851 si
1724 1796 1775 1866 leri

978 1883 1060 1949 istud,
1072 1885 1094 1938 si
1107 1893 1145 1939 ert
1158 1885 1285 1957 iniquitas
1300 1888 1328 1941 in
1353 1889 1476 1944 munibus
1490 1890 1566 1956 meis,
1580 1891 1603 1944 si
1618 1890 1719 1945 reddidi
1734 1908 1774 1945 re-

978 1978 1152 2032 tribuentibus
1164 1980 1229 2034 milri
1241 1979 1351 2045 mulum,
1370 1981 1491 2037 decidam
1507 1984 1598 2037 merito
1614 1983 1646 2038 ol
1660 1976 1775 2039 inimicis

978 2070 1044 2124 meis
1072 2073 1170 2127 inanis.
1201 2070 1381 2144 Persequetur
1411 2074 1533 2131 inimicus
1562 2093 1635 2132 uuus
1656 2077 1774 2131 animem

979 2176 1074 2227 nteum,
1087 2171 1111 2216 et
1127 2163 1329 2234 comprehendat
1353 2172 1378 2218 rt
1401 2163 1535 2220 conculcet
1555 2167 1583 2221 in
1605 2177 1674 2222 terre
1694 2169 1773 2221 ritum

978 2267 1075 2319 meum,
1090 2262 1115 2309 et
1128 2252 1241 2323 plotium
1255 2271 1341 2311 meum
1353 2257 1382 2310 in
1396 2255 1526 2326 puluerem
1539 2257 1662 2315 deducat.

1012 2341 1096 2397 llulta
1110 2343 1219 2401 desunt.

811 2426 948 2493 BALUZli
967 2428 1083 2489 NOTAE.

167 2528 181 2558 ·
194 2516 339 2575 lmtnantt
351 2518 443 2571 obtutu
452 2532 491 2571 se.
503 2515 552 2574 Vel
561 2533 596 2573 ex
608 2531 643 2573 eo
652 2517 714 2573 ioco
723 2525 830 2577 mactat
840 2518 923 2584 multa

977 2522 1153 2590 voluerimus,
1167 2527 1275 2583 tametsi
1290 2527 1317 2582 in
1336 2528 1520 2599 manuscripto
1534 2530 1627 2585 colice
1649 2544 1702 2586 non
1721 2545 1771 2588 er·

128 2587 176 2651 iric
190 2588 297 2654 deesse,
312 2595 339 2641 et
362 2587 560 2644 inchoationem
583 2588 635 2642 boc
657 2588 748 2657 potius
768 2587 830 2643 libri
849 2602 921 2655 esse,
975 2601 1057 2660 stent,
1073 2593 1160 2649 llulto
1174 2596 1276 2652 derunt.

129 2673 212 2728 quam
237 2656 344 2711 librum.
369 2656 429 2726 Quo
446 2655 545 2713 iactum
567 2666 651 2713 estut
671 2657 698 2712 in
713 2656 766 2714 litte
788 2657 847 2715 hacc
860 2658 923 2714 addi

143 2810 297 2822 '‘nu—00·-

519 2899 725 2961 tuoruum
748 2898 866 2959 LIBER
889 2898 943 2959 bu
962 2897 1105 2960 ntvtrtn
1127 2898 1373 2960 asteriolus.

829 3038 1065 3053 *ἡ

165 3130 234 3199 Quia
249 3141 261 3169 ι
276 3125 465 3204 nuperstultus
475 3133 504 3180 et
515 3123 665 3194 improbus,
679 3122 792 3194 ipsaque
804 3121 919 3177 stultitia
933 3125 956 3188 C
973 3121 1033 3186 tris,
1049 3121 1126 3192 cujus
1138 3120 1329 3193 probatissima
1344 3122 1412 3177 tides
1426 3127 1507 3191 atque
1522 3122 1648 3178 doctrina
1660 3125 1687 3179 in
1710 3141 1773 3181 mu·

133 3232 161 3279 et
175 3219 348 3291 improbitate
363 3232 412 3272 sua
425 3214 552 3271 omnibus
567 3220 646 3269 notus
663 3212 844 3268 calumniator
860 3228 925 3269 eru·

130 3316 181 3387 pit,
192 3313 238 3382 qui
253 3320 377 3367 sanctam
389 3307 539 3364 Ecclesiam
551 3314 689 3371 nostram,
712 3303 802 3372 idest,
816 3305 925 3379 Lngdu-

131 3421 254 3470 nensem,
268 3420 322 3460 non
336 3403 425 3459 solum
437 3401 531 3467 serbo,
543 3397 590 3455 sed
602 3398 685 3454 etiam
697 3398 807 3470 scriptis
820 3397 925 3455 lacera-

132 3516 161 3555 re
181 3513 234 3557 non
254 3504 360 3563 cessat,
383 3493 462 3566 qnasi
476 3509 532 3548 non
553 3498 643 3558 recte,
656 3506 707 3548 nec
719 3507 795 3548 more
810 3500 924 3563 paterno

132 3592 190 3648 siue
206 3605 268 3653 usu,
281 3587 380 3644 diuinae
390 3583 588 3642 decantationis
595 3581 728 3639 solemnia
737 3592 923 3654 peragentem,

130 3697 242 3738 necesse
252 3681 303 3737 luit
311 3694 421 3738 ominem
431 3674 729 3734 sacrorumofficiorum
740 3676 850 3743 seriem,
863 3691 924 3746 quae

133 3772 214 3826 solitu
227 3779 367 3827 centorum
391 3768 543 3825 ministeriu
557 3780 605 3838 per
619 3774 705 3823 totum
718 3767 781 3823 anni
792 3767 924 3827 circulum

134 3861 162 3914 in
178 3858 369 3914 ecclesiasticis
388 3856 567 3913 conuentibus
581 3854 734 3919 exhibetur,
752 3853 824 3909 sicut
838 3853 865 3909 in
877 3870 924 3911 ea-

132 3951 196 4006 detn
208 3950 328 4006 Ecclesia
339 3947 447 4005 tarsun
460 3945 510 4001 liei
520 3945 608 4017 gratia
622 3944 789 4010 custoditur,
811 3943 924 4016 diligen·

132 4043 187 4098 tius
197 4052 225 4098 et
236 4042 343 4112 plenius
357 4042 384 4096 in
397 4039 490 4099 libello
509 4053 590 4109 quem
608 4034 710 4092 usitato
723 4034 855 4090 uocabulo
864 4035 923 4091 dn-

132 4134 316 4204 tiphouarium
328 4136 506 4202 nuncupant,
530 4128 669 4199 colligere,
684 4134 766 4196 atque.
779 4126 902 4200 digerere
914 4145 921 4193 ;

131 4225 271 4293 praernissa
294 4224 397 4297 scilicet
411 4221 572 4294 praelatione
587 4219 649 4290 boii
672 4227 698 4274 et
716 4219 859 4275 urtlnodori
875 4220 925 4276 Pa-

977 3229 1042 3270 nere
1058 3214 1164 3270 Domini
1189 3213 1237 3269 liei
1262 3215 1347 3270 nostri
1367 3213 1495 3269 ‘omnibus
1513 3215 1666 3271 examinata
1681 3234 1713 3273 nc
1727 3219 1772 3274 du·

977 3306 1081 3360 clarata
1094 3294 1238 3361 celebriter
1247 3302 1379 3370 innotuit;
1396 3311 1427 3358 nt
1438 3318 1533 3359 omnes
1544 3305 1650 3375 paciitci
1665 3314 1692 3361 et
1706 3323 1770 3378 pru·

977 3400 1073 3457 dentes
1097 3397 1226 3470 Ecclcnm
1256 3398 1321 3466 tilii,
1339 3398 1366 3452 in
1389 3411 1505 3466 quorum
1531 3413 1626 3454 marrus
1649 3397 1773 3467 ejrrsdens

977 3491 1060 3549 libelli
1081 3499 1172 3547 mutus
1185 3490 1310 3555 venerit,
1331 3488 1472 3545 verissime
1490 3496 1517 3544 et
1531 3489 1672 3545 euidenter
1684 3506 1771 3561 agno-

977 3594 1057 3643 scant
1076 3583 1217 3655 praelatam
1233 3582 1335 3640 Christi
1352 3582 1521 3647 Ecclesiam,
1543 3582 1637 3637 eodem
1660 3581 1772 3637 Christo

975 3675 1091 3735 Domino
1106 3678 1275 3749 gubernante
1288 3692 1320 3731 ac
1334 3678 1507 3746 protegente,
1527 3688 1605 3730 neca
1619 3684 1694 3730 recto
1705 3675 1770 3730 lidei

976 3769 1085 3824 tramite
1103 3768 1235 3832 deviasse,
1250 3773 1430 3837 etpaternum
1442 3780 1557 3830 morem,
1573 3779 1652 3833 quem
1668 3773 1770 3821 statuta

976 3856 1161 3914 ecclesiastica
1186 3838 1345 3920 declarant,
1368 3853 1485 3909 ssdelitcr
1507 3853 1662 3918 custodire,
1676 3868 1772 3924 acper

976 3946 1195 4018 hecabantiqno
1213 3944 1342 4002 Ecclesiae
1362 3942 1411 3997 liei
1426 3957 1477 4007 usu
1494 3941 1646 3998 nullatenus
1669 3943 1772 3998 disere·

976 4047 1080 4110 pare,⁰
1103 4045 1341 4093 ncecontemnere
1362 4033 1475 4104 alicujus
1496 4034 1632 4089 diversum
1653 4048 1771 4098 morem,

977 4128 1000 4185 si
1016 4136 1121 4185 constat
1138 4144 1198 4186 csse
1215 4126 1398 4200 probabilem
1420 4127 1478 4193 sed,
1491 4125 1570 4196 justa
1593 4126 1754 4197 Apostolum
1761 4169 1773 4191 ,.

939 4201 1008 4277 Dea
1022 4236 1083 4294 quae
1096 4222 1204 4278 utiliora
1219 4228 1246 4277 et
1256 4221 1362 4292 potiora
1376 4227 1440 4275 suut
1451 4218 1537 4290 sequi.
1566 4218 1612 4274 dit
1626 4234 1744 4291 namquo
1760 4263 1766 4273 .

815 4332 952 4391 BALl'le
971 4335 1087 4393 NOTAE.

169 4444 182 4472 ⁸
199 4428 290 4499 Nuper
300 4426 395 4483 stultus
407 4435 430 4481 et
445 4424 587 4495 improbus.
610 4422 665 4478 Aut
678 4423 756 4479 valde
773 4423 861 4488 fallor,
877 4435 924 4480 aut

132 4500 256 4570 intelligit
269 4497 435 4552 Amalarinm
450 4495 604 4549 diacomun.
629 4495 688 4562 eru
704 4493 803 4549 lactum
827 4503 878 4561 est,
894 4505 924 4550 ut

131 4587 194 4629 curu
213 4576 304 4639 postea
327 4565 480 4622 drnalarius
496 4564 580 4620 libros
604 4573 719 4634 quantuor
743 4564 870 4620 edidisset
888 4567 921 4621 de

131 4640 230 4699 diuinis
243 4637 355 4703 Officiis,
370 4653 431 4693 eum
447 4634 548 4689 talione
565 4635 740 4690 momorderit
753 4634 921 4707 dgobnrdus,

132 4713 216 4767 libros
227 4709 286 4763 illos
297 4709 331 4763 ad
344 4707 433 4762 vinum
446 4705 597 4760 excutiens.
615 4702 691 4759 llunc
702 4719 782 4775 porro
795 4704 922 4760 allectum

132 4781 261 4837 adversus
275 4778 441 4833 Amalarium
454 4775 534 4831 Floro
547 4775 772 4849 Lugdunensiqne
795 4775 923 4832 Ecclesiae

132 4850 274 4923 inspiravit
296 4849 341 4903 hic
366 4846 623 4916 nosterepiscopus.
647 4843 715 4900 Nam
737 4860 771 4901 eo
784 4845 921 4912 defuncto,

132 4923 231 4977 Florus
243 4920 345 4975 acriter
359 4917 482 4974 innectus
491 4925 534 4971 est
549 4915 575 4969 iu
590 4913 755 4970 duraturium
770 4915 797 4969 iu
809 4916 922 4987 epistola

133 4992 242 5048 neruiue
255 4988 382 5047 Ecclesiae
393 4984 581 5058 Lugdunensis
601 4986 702 5057 scriptu
717 4985 744 5039 in
759 5000 838 5042 causa
854 5002 922 5110 pue-

131 5059 330 5118 ‹testinntionis
355 5054 494 5114 limosum
517 5057 598 5112 uerba
614 5055 699 5120 Eteri,
722 5070 788 5112 sane
808 5071 852 5111 mu
865 5063 924 5112 tum

131 5133 254 5187 acuteata
267 5147 298 5186 :r
318 5127 429 5185 linitum
444 5127 556 5184 moleste
578 5134 606 5182 et
628 5126 752 5182 dolenter
774 5127 923 5196 accipimus

131 5213 162 5257 ut
173 5198 351 5259 ecclesiastici
366 5207 393 5254 et
404 5198 549 5270 prudentes
565 5196 615 5252 tiri
631 5194 799 5251 dmelarium
813 5195 845 5251 de
857 5194 918 5252 lidei

133 5272 237 5327 ratione
249 5269 435 5337 consulerent3
447 5268 493 5339 qui
505 5275 533 5323 et
543 5266 633 5323 uerbis
642 5273 670 5322 et
681 5267 756 5321 libris
768 5265 835 5332 suis,
847 5281 922 5322 men-

131 5342 216 5398 daciis
231 5351 258 5396 et
271 5340 411 5398 erroribus
434 5349 461 5394 et
482 5338 659 5408 phantasticis
681 5344 762 5407 atquc
785 5334 920 5392 haereticis

131 5409 358 5481 disputationibus
370 5409 467 5480 plenis,
487 5423 580 5464 ornnes
598 5422 665 5478 pene
688 5407 758 5477 apud
775 5405 918 5462 branciam

131 5482 268 5539 llcclcsias
294 5488 323 5538 et
349 5479 491 5536 nonuntus
517 5479 599 5535 etiam
627 5477 739 5534 aliarum
766 5477 918 5549 regionum,

131 5550 302 5621 quantumin
318 5566 346 5606 sc
368 5549 433 5613 tuit,
454 5549 548 5605 iniecit
569 5557 650 5618 atque
664 5547 804 5618 corrupit;
821 5556 917 5602 utnon

131 5634 187 5679 tam
208 5624 266 5694 ipse
282 5622 315 5677 de
340 5620 392 5676 tide
414 5619 573 5690 interrogari
596 5634 676 5689 qumn
700 5618 792 5673 omnia
818 5619 919 5689 scripta

977 4425 1035 4496 ejus
1048 4426 1143 4481 saltem
1157 4433 1218 4494 post
1240 4434 1356 4480 mortem
1370 4423 1511 4479 debuerint
1527 4424 1588 4494 igne
1606 4426 1738 4480 coassumi.
1757 4446 1769 4478 t

976 4496 1130 4552 Amalarius
1142 4511 1207 4567 ergo
1217 4495 1344 4550 nonnulla
1356 4494 1569 4563 reprehenderat
1584 4495 1610 4547 in
1626 4504 1705 4548 cautu
1719 4496 1770 4551 Ec-

977 4567 1066 4622 clesiae
1088 4566 1285 4633 lrugdrrncnsis,
1304 4565 1512 4632 intemperantia
1537 4563 1609 4617 lnanrd
1624 4563 1770 4620 dubie-liu-

976 4653 1036 4710 gum
1058 4636 1186 4709 stylique,
1215 4649 1262 4690 scu
1282 4635 1346 4704 quia
1372 4633 1477 4702 magnis
1497 4632 1631 4687 interdum
1654 4635 1681 4687 iu
1700 4638 1771 4691 eniis

977 4724 1025 4777 pro
1044 4707 1107 4763 ludu
1121 4713 1163 4761 est
1176 4706 1290 4761 aliorum
1304 4703 1375 4757 lacta
1390 4702 1517 4772 dietaque
1539 4716 1661 4772 carpere.
1680 4651 1717 4759 lu
1738 4722 1768 4758 u-

975 4779 1014 4848 git
1028 4779 1080 4834 ista
1091 4778 1202 4832 arrdacia
1216 4774 1397 4845 dgnbardnm
1412 4787 1500 4843 neque
1514 4773 1704 4828 dissimularit.
1719 4722 1770 4828 lla·

975 4863 1027 4957 ιῃιξ
1044 4848 1142 4972 {alulit
1156 4845 1289 4972 scrhiobgndi
1302 4843 1558 4969 llhfl·lsmg{·gau3l
1572 4852 1599 4897 ct
1612 4845 1730 4969 ethecasio.
1761 4915 1767 4930 .

1069 4935 1116 4973 ne
1149 4930 1187 4972 nrt
1244 4932 1288 4969 oxi
1326 4931 1389 4969 uns
1462 4929 1768 4970 tranarcrcrscor

974 4987 1184 5060 Lnrgduncnsis;
1208 4987 1255 5058 qui
1277 4956 1430 5041 eantum'iu
1452 4985 1573 5041 Ecclesia
1596 4929 1770 5053 cognitionis

974 5058 1155 5128 disposuerat,
1176 5065 1208 5112 ut
1228 5064 1304 5127 patet
1324 5071 1357 5110 ex
1374 5055 1488 5126 epistola
1511 5054 1592 5109 abeo
1610 5055 1710 5125 scripta
1734 5057 1769 5110 ad

974 5127 1101 5184 (iaculum
1116 5127 1252 5199 blagnum.

1011 5198 1094 5254 cuer
1112 5210 1276 5254 contemnere
1297 5197 1333 5250 ul.
1357 5197 1409 5251 diu.
1429 5211 1537 5249 morem.
1567 5193 1700 5250 Praeclare
1720 5196 1771 5251 atl-

975 5269 1094 5327 mudum.
1117 5269 1186 5324 Nam
1207 5283 1375 5338 unaquaque
1396 5265 1516 5321 Ecclesia
1532 5264 1683 5336 peculiares
1704 5281 1769 5323 suas

973 5341 1182 5397 consuetudines
1196 5339 1297 5396 habere
1320 5345 1418 5408 potest,
1438 5350 1498 5406 quae
1512 5342 1602 5391 tamen
1626 5334 1687 5390 huet
1701 5351 1768 5393 eon

973 5412 1064 5467 trarlat
1087 5427 1139 5466 nou
1163 5412 1237 5476 sint;
1261 5409 1300 5462 nti
1320 5406 1441 5477 pluribus
1466 5405 1584 5461 diximus
1608 5406 1642 5461 ad
1665 5406 1767 5478 episto-

972 5482 1026 5538 lam
1052 5483 1086 5537 ad
1108 5480 1258 5538 Nihriiiium
1285 5475 1497 5532 Narbonensem.
1519 5475 1766 5535 vincentianam

972 5553 1034 5609 rtist.
1054 5551 1095 5608 li.
