3832 6120
132 280 183 339 eor
668 276 806 334 maonn
826 254 1058 332 radnrrnsss
1076 275 1235 334 romeon
1722 272 1774 333 tta

131 393 290 468 expressius
318 390 433 463 legimus
459 395 652 458 nuncupatos,
679 388 751 444 sicut
776 386 926 448 Abraham,
941 389 1009 449 Ara
1033 384 1176 452 chanaan,
1194 386 1276 442 subc
1299 384 1409 457 regibus
1432 397 1525 441 semen
1547 382 1667 441 Abrahae
1689 383 1780 442 luerat

133 483 211 559 (Gerr.
223 498 268 552 xx,
278 483 305 555 ¹1)
316 479 517 552 sicut'lloysen,
530 476 668 547 (bmrero.
680 492 773 544 urar,
783 475 830 550 lb)
840 485 929 533 umen
981 475 1170 542 constitutum,
1185 484 1216 533 ut
1237 476 1306 532 nihil
1326 477 1388 533 inde
1410 485 1577 547 mpemsset,
1600 486 1779 547 cerotem

131 577 192 632 dies
210 574 413 643 Prophetarum
437 568 586 642 precipue,
612 569 786 641 maximeque
809 569 839 625 bi
864 568 920 625 dict
980 564 1027 621 illa
1037 565 1088 623 bei
1098 568 1242 638 promissio
1257 583 1311 623 non
1322 566 1514 638 compleretur,
1527 567 1581 622 nisi
1592 574 1626 622 ut
1638 567 1666 623 in
1677 568 1780 625 eadem

112 704 119 712 .
130 674 206 729 sunt,
218 677 253 717 ex
267 674 321 732 uuo
331 660 415 732 coeplt
423 658 587 731 prophetare
598 657 720 726 Samuel,
729 659 777 730 qui
788 666 818 715 et
828 657 854 731 (l
865 656 929 731 ling.
981 663 1065 723 terra,
1077 667 1210 727 quartum
1221 659 1472 728 adprosperitatcm
1480 657 1577 714 attinet
1585 656 1778 729 rempomtun,

129 769 160 819 a,
176 752 203 827 l)
218 750 328 808 Saulem
340 751 429 822 prius,
443 758 473 807 et
485 765 520 806 eo
529 749 685 821 reprobato,
697 749 722 822 (l
733 749 800 822 dlep.
814 758 870 815 xrs,
884 747 929 823 lii)
980 747 1171 818 prosperitatis
1195 749 1369 805 mercatione
1395 749 1557 804 inconcusso
1581 756 1669 816 suto,
1692 761 1781 819 usgue

130 841 221 911 ipsum
235 839 331 906 barid,
350 839 412 896 *beo
434 839 609 910 precipiente
629 839 708 894 unxit
730 839 758 894 in
780 853 881 910 regem,
896 837 930 893 de
981 840 1015 895 ad
1024 840 1148 896 mortalis
1162 841 1243 911 hujus
1260 840 1351 895 arcodi
1366 839 1512 895 terminum
1524 854 1592 911 gens
1605 848 1780 911 permaneret

130 929 210 1000 cuius
223 931 310 1004 stirpe
323 930 417 987 ceteri
436 928 625 994 succederent,
639 944 782 1000 queisque
795 929 857 985 illos
869 943 931 985 suc·
980 930 1099 997 hebraea,
1121 930 1146 986 si
1170 930 1277 986 Pomird
1302 930 1350 985 boi
1373 931 1416 985 sui
1434 929 1541 1002 legibus
1561 928 1700 987 obediret.
1721 930 1780 988 hed

131 1023 230 1080 cedere
243 1023 285 1080 sic
304 1029 453 1094 oporteret.
476 1020 544 1088 Quae
560 1021 642 1092 igitur
663 1035 680 1075 a
698 1019 845 1089 Prophetis
866 1025 932 1074 sunt
980 1023 1108 1092 quoniam
1122 1022 1194 1078 Deus
1207 1022 1385 1079 noverat‘hoc
1401 1034 1460 1077 eam
1478 1034 1533 1077 non
1548 1020 1779 1091 essedaetrrram,

130 1113 260 1184 medicta
275 1112 309 1168 de
328 1110 451 1175 Gluisto,
473 1125 536 1165 cum
559 1109 702 1166 moriendo
723 1107 929 1174 decedentibus,
981 1126 1046 1167 usus
1071 1120 1115 1168 ent
1131 1112 1214 1168 etiarn
1230 1110 1425 1182 temporalibus
1441 1112 1538 1182 'poenis
1560 1110 1780 1169 adoramenta

133 1211 162 1259 ct
185 1202 322 1259 nascendo
345 1201 556 1258 succedentibus
582 1201 639 1257 suis
665 1200 804 1266 membris,
833 1200 931 1256 ciritas
980 1202 1008 1258 in
1021 1217 1053 1258 ea
1064 1219 1166 1275 paucos
1178 1203 1271 1259 lideles
1283 1216 1358 1271 suos,
1370 1210 1399 1259 et
1416 1203 1612 1260 ammonendos
1624 1205 1675 1275 qui
1683 1212 1779 1275 mter

132 1295 194 1363 liei,
209 1310 258 1366 por
268 1294 322 1351 ista
334 1301 458 1349 curreret
473 1301 606 1362 tempora,
623 1292 648 1347 si
661 1292 752 1347 omnia
766 1291 845 1347 velim
858 1306 932 1347 eont-
979 1294 1064 1352 futuri
1080 1306 1161 1352 erant
1172 1298 1201 1352 in
1219 1295 1345 1352 omnihus
1359 1294 1497 1368 gentrltns,
1517 1294 1592 1365 guod
1604 1308 1662 1351 eos
1679 1310 1781 1351 ammo-

131 1400 296 1454 rneurorare,
320 1386 348 1442 iu
370 1385 534 1441 immensum
559 1385 689 1456 pergitur.
714 1384 846 1449 Primum,
865 1385 930 1454 odia
980 1387 1039 1443 neti
1049 1387 1201 1458 oportebat.
1215 1386 1246 1442 ln
1261 1387 1359 1457 quibus
1380 1385 1494 1441 alteram
1511 1384 1780 1456 promissionemre-

130 1481 192 1552 ipsa
206 1479 435 1553 scripturaque
454 1493 505 1550 per
525 1479 649 1535 ordinem
672 1492 762 1549 reges,
781 1485 930 1550 eorumque
979 1480 1149 1536 relatonoro
1167 1487 1344 1546 testamento,
1364 1492 1415 1550 per
1427 1477 1655 1537 incarnationem
1674 1476 1780 1535 Chrisd

130 1573 215 1642 iacta,
228 1581 257 1631 rt
272 1580 370 1630 eventa
380 1572 518 1644 digerens,
536 1571 785 1643 rideturtanqrram
799 1573 929 1629 historica
979 1569 1068 1627 haerat
1082 1570 1251 1641 impleturae.
1264 1569 1409 1638 Quocirca
1419 1568 1616 1625 sientomeula
1626 1568 1678 1624 nlla
1687 1569 1778 1625 divina

131 1664 273 1737 diligentia
290 1664 374 1719 rebus
396 1663 483 1734 gestis
504 1669 637 1733 occupata
659 1663 929 1730 esse‘uarrandis,'ti
980 1663 1015 1719 ad
1025 1662 1172 1729 Abraham,
1185 1661 1272 1737 isaac,
1287 1669 1316 1718 et
1328 1660 1427 1728 iacob,
1439 1667 1467 1716 et
1477 1670 1664 1731 mumque
1684 1660 1781 1716 a'liari·

133 1756 279 1827 adiurante
295 1755 344 1811 bei
362 1753 465 1826 Spiritu
476 1754 649 1810 considerata
663 1763 806 1823 tractetur,
818 1755 862 1812 rel
873 1772 931 1812 rna-
942 1754 967 1816 B
980 1770 1043 1827 gna,
1058 1753 1102 1810 rel
1116 1754 1188 1809 dicta
1199 1752 1394 1830 prophetica-in
1404 1752 1498 1807 saeris
1509 1750 1609 1807 litteris
1622 1751 1778 1821 pmoedm-

132 1849 185 1922 gis,
194 1847 323 1925 reicerte
332 1847 491 1903 nonroiuus
499 1847 713 1918 praenuntiandis
725 1846 928 1920 futuris,'quam
979 1845 1138 1903 ribusdaeta
1161 1854 1237 1912 sunt,
1256 1846 1293 1900 ita
1310 1845 1393 1902 etium
1413 1851 1520 1901 ceterae
1540 1844 1577 1900 eb
1597 1844 1656 1901 isto
1680 1842 1780 1916 {legun

133 1940 283 2014 preteritis
304 1938 481 1996 enuntiandis
504 1939 657 1995 invenietur
680 1939 785 1995 intenta
799 1956 807 1994 t
830 1949 859 1995 et
877 1941 929 1997 hoc
980 1947 1102 2012 tempere
1116 1940 1265 2011 prophetiae
1278 1939 1378 2009 partlm
1391 1938 1531 2008 pertinent
1549 1937 1585 1993 ad
1596 1945 1711 2010 gentem
1722 1952 1778 1993 car·

131 2033 330 2106 perscrutando
359 2032 501 2104 indagaro,
529 2046 560 2087 ae
588 2029 738 2088 differendo
764 2040 928 2102 monstrare,
979 2032 1023 2089 nis
1041 2030 1166 2095 Abrahae,
1181 2029 1282 2102 partim
1292 2044 1358 2085 rcro
1372 2028 1408 2084 ad
1420 2026 1485 2084 illud
1497 2040 1591 2084 senten
1603 2027 1678 2097 eius,
1690 2027 1780 2099 inuno

132 2140 215 2197 quam
229 2125 266 2181 sit
278 2136 436 2195 operosum,
449 2130 532 2192 atque
543 2121 690 2192 prolixum,
702 2130 822 2192 etqoam
837 2123 929 2179 multis
980 2118 1177 2178 benedicuntur
1190 2134 1286 2177 omnes
1309 2126 1403 2192 gentes
1424 2116 1582 2175 coheredes
1602 2116 1711 2175 christi
1732 2132 1778 2189 per

132 2218 275 2290 indignum
299 2214 482 2272 voluminibus
502 2214 565 2284 quis
592 2213 780 2284 ignoraturi
804 2213 864 2269 brec
887 2208 929 2267 rc'l
980 2218 1174 2269 testamentum
1191 2224 1304 2276 norum,
1327 2208 1363 2263 a'd
1385 2207 1580 2279 possidendam
1592 2206 1685 2263 ritant
1704 2214 1779 2264 arter-

4 2343 16 2365 .
133 2308 310 2364 rnerliocriter
322 2304 446 2377 cogitati
467 2303 569 2358 belnde
584 2302 647 2373 qula
671 2317 704 2358 ea
727 2303 797 2373 ipsa,
821 2316 881 2374 que
895 2304 929 2361 ad
980 2308 1236 2373 urbm-regnumque
1247 2299 1389 2356 mmmm.
1402 2297 1506 2354 Partim
1517 2311 1584 2370 ergo
1594 2298 1634 2354 ad
1642 2295 1778 2361 ancillam,

134 2398 305 2470 prophetiam
319 2412 375 2452 non
392 2395 539 2467 ambigitur
552 2395 700 2464 portinere,
714 2395 754 2450 ita
766 2397 929 2453 runtsmulta
980 2412 1041 2468 quae
1060 2396 1088 2451 in
1104 2394 1234 2451 servitute
1244 2400 1377 2466 generat,
1396 2391 1425 2447 id
1435 2397 1477 2447 est
1493 2397 1634 2447 terrenam
1644 2388 1778 2445 iliarum-

133 2492 168 2544 dc
181 2488 303 2555 christo,
315 2500 455 2559 regnoque
473 2485 614 2552 emiorum,
630 2498 691 2556 quae
703 2487 801 2544 civitas
814 2488 861 2544 bei
874 2497 928 2554 est,
979 2490 1045 2555 lern,
1057 2502 1118 2558 que
1129 2487 1215 2542 seruit
1227 2500 1289 2542 cum
1298 2480 1368 2540 ⁴liliis
1381 2483 1449 2549 suis,
1467 2481 1568 2552 partlm
1579 2494 1650 2536 rero
1667 2481 1703 2535 ad
1717 2478 1779 2535 libe

133 2587 164 2634 ut
181 2580 216 2634 ad
239 2579 292 2636 hoc
316 2579 491 2649 aperiendum
508 2576 596 2648 maior
613 2579 650 2636 sit
670 2578 930 2650 dimnaticum
980 2596 1040 2637 ram
1050 2580 1190 2637 civitatem
1197 2578 1256 2643 bei,
1271 2578 1299 2633 i'd
1310 2586 1454 2633 carreram
1465 2573 1638 2630 lliemrsalem
1650 2578 1781 2629 aleman

134 2671 218 2737 saria,
233 2686 315 2742 quam
330 2670 411 2742 hujus
422 2671 513 2741 operis
529 2670 626 2726 modus
637 2668 750 2742 bagitat.
765 2670 882 2728 Proinde
892 2673 929 2728 ita
982 2675 1009 2730 in
1028 2672 1117 2739 coriis,
1132 2670 1210 2741 cujus
1224 2670 1271 2726 lilii
1286 2669 1416 2726 homines
1427 2660 1778 2724 secundomlieum'rlren·

134 2762 156 2817 si
171 2769 295 2832 potrrero,
313 2760 384 2834 stylo
400 2760 563 2817 moderabor
583 2775 655 2826 meo,
678 2767 710 2815 ut
728 2760 793 2816 huic
810 2760 886 2831 operi
900 2760 929 2817 in
981 2776 1023 2824 tus
1036 2765 1246 2837 peregrinantur
1256 2763 1284 2818 in
1297 2760 1393 2827 terris3
1408 2757 1458 2815 sed
1469 2763 1535 2814 sunt
1549 2756 1578 2811 in
1591 2754 1635 2811 cis
1645 2754 1782 2827 quadam

26 2876 32 2885 ·
136 2854 184 2908 bei
205 2838 346 2909 voluntate
368 2853 533 2924 peragendo,
556 2866 606 2909 nec
627 2866 671 2919 ea,
696 2862 757 2922 qne
780 2850 928 2922 mpersint,
980 2873 1040 2930 φη
1059 2857 1250 2926 adoreamque
1270 2852 1410 2925 pertinere
1433 2849 1636 2921 intedignntnr,
1651 2844 1781 2903 adaroil·

135 2942 233 3008 dicam,
249 2956 301 2999 ¹¹0⁰
312 2955 357 3010 0⁸,
367 2956 429 3013 <1¹¹ae
442 2942 509 2998 lilii
522 2949 596 3008 ⁸⁰⁰1,
610 2941 817 3014 braewrmiiltm
830 2953 855 2995 ¹·
981 2951 1034 3007 lam
1048 2949 1168 3021 proprie,
1192 2946 1227 3001 ad
1249 2944 1361 3000 liberam
1381 2941 1505 3014 figurate.
1521 2938 1675 3010 'l'rlpartita
1689 2938 1780 3008 itaquo

172 3035 238 3090 Erat
255 3050 320 3108 ergo
329 3033 387 3105 jam
399 3035 427 3090 in
448 3042 521 3090 terra
535 3033 722 3105 promissionis
735 3047 829 3091 semen
842 3031 929 3088 Abra-
980 3040 1155 3113 reperiuntur
1168 3037 1275 3107 eloquia
1287 3034 1506 3105 Prophetarum:
1529 3031 1669 3102 siquidem
1690 3028 1778 3099 digua

134 3125 185 3189 Μ,
206 3126 285 3182 idest
298 3125 413 3197 P0P¹¹l¹¹⁵
433 3125 516 3182 ¹⁸fi20¹
539 3127 687 3182 secundum
709 3142 830 3193 carnem,
851 3125 968 3196 it(lude
984 3141 1048 3192 sunt
1060 3134 1243 3190 adterrenam
1262 3125 1432 3183 Hierusalem
1456 3121 1619 3194 spectantia,
1645 3118 1778 3194 aliquaad

134 3215 173 3271 ibi
195 3230 248 3270 non
263 3215 351 3270 solum
369 3216 384 3257 ¹¹
397 3216 509 3282 utendo,
527 3230 560 3271 ac
572 3219 735 3288 possidendo
746 3217 870 3273 ciuitates
884 3219 932 3274 ad·
983 3225 1134 3290 caelestem,
1147 3219 1276 3278 nonnulla
1290 3218 1511 3286 murramque.»

31 3330 33 3335 ·
135 3306 335 3373 versariorum,
354 3309 544 3362 verumetiam
568 3309 796 3380 regeshabendo,
817 3324 932 3382 regnare
1019 3317 1063 3390 (11
1078 3316 1144 3389 περ.
1157 3315 1188 3382 2,
1199 3314 1227 3381 l,
1240 3313 1268 3380 5,
1280 3311 1321 3384 6.)
1336 3310 1401 3367 Post
1422 3318 1538 3365 mortem
1562 3305 1632 3361 Saul
1651 3311 1780 3362 renmnt

131 3397 189 3468 idm
204 3405 335 3470 coebffl'il,
350 3397 469 3468 lmPldlis
482 3399 515 3455 de
528 3399 586 3469 iPil)
596 3399 696 3472 P0Pl¹¹0
705 3400 931 3471 bromissiffllilidi
982 3410 1034 3467 riri
1048 3408 1128 3474 tuda,
1139 3415 1167 3463 et
1179 3411 1317 3462 unxerunt
1329 3402 1413 3459 David
1427 3402 1454 3456 in
1468 3399 1588 3464 llebron,
1603 3406 1636 3454 ot
1656 3403 1780 3471 regnaret

135 3490 184 3546 bei
193 3487 250 3558 jam
265 3502 364 3560 magna
376 3503 411 3545 ex
424 3498 501 3560 parte
514 3503 522 3545 ι
537 3505 591 3546 non
604 3490 692 3546 solum
705 3506 766 3561 quae
778 3489 831 3547 illia
845 3491 932 3548 trihus
981 3516 1064 3571 super
1075 3499 1186 3555 domum
1197 3496 1286 3553 tude:
1309 3504 1338 3551 er
1354 3492 1510 3549 nuntiatum
1524 3487 1689 3556 patruum,
1710 3486 1779 3559 qud

133 3584 272 3650 palribu‘r
286 3583 437 3651 Almhmt
449 3583 540 3650 'hmo
560 3592 588 3640 0²
602 3583 697 3652 Jacob,
711 3592 740 3640 et
754 3594 931 3655 quumque
982 3593 1033 3649 Viri
1044 3589 1126 3648 labes
1138 3588 1241 3646 Galadd
1258 3585 1416 3657 sepelissent
1429 3581 1496 3639 821ss
1507 3577 1781 3653 {mmmmm

134 3674 195 3752 aba
208 3673 376 3745 temporibus
387 3688 494 3742 orum.
508 3675 693 3731 verumetiam
707 3690 768 3746 aaa
781 3690 831 3747 ner
842 3673 931 3747 ipsum
981 3686 1093 3742 nuntios
1104 3683 1139 3739 aa
1152 3681 1226 3738 viros
1240 3679 1321 3734 tabes
1334 3675 1447 3742 carsae,
1459 3672 1582 3744 cirrum
1600 3672 1638 3728 ae
1651 3686 1720 3729 cos:
1732 3668 1780 3725 ra

134 3766 254 3839 Moysen,
267 3781 410 3837 perquem
422 3766 539 3839 populus
552 3767 624 3824 iden
646 3767 680 3823 de
700 3766 832 3823 mitre
845 3765 930 3839 AErr-
982 3774 1078 3831 nebrot
1092 3788 1136 3830 eor
1149 3791 1165 3828 a
1179 3771 1305 3836 bontas,
1319 3763 1703 3841 porrectas-msericordias
1714 3762 1779 3817 tau

135 3862 193 3934 pria
205 3867 247 3916 ‘2⁵‘
263 3859 402 3927 Ιῑῦθΐθῑΰδι
416 3867 444 3916 lt
464 3872 608 3931 perquem
622 3858 872 3931 cuncldplaeoerild
886 3874 931 3915 re·
981 3882 1041 3923 cent
1059 3864 1173 3921 Domino
1187 3863 1242 3917 siro
1259 3858 1336 3926 Saul,
1349 3867 1374 3914 at
1386 3856 1595 3930 melistireaat,
1616 3864 1642 3910 et
1658 3868 1779 3909 mrem

135 3952 227 4008 relata
238 3959 302 4007 sunt
314 3953 485 4023 temporibus
498 3951 567 4022 ejus,
591 3966 652 4008 curn
663 3948 792 4025 populum
810 3962 860 4021 per
872 3964 931 4007 ere·
981 3957 1078 4012 tribum
1103 3953 1207 4027 guidem
1234 3951 1305 4007 bobia
1326 3947 1554 4016 irriserieordiam,
1575 3956 1607 4002 et
1635 3946 1778 4001 ueritatem

135 4058 210 4099 muro
225 4043 345 4109 duceret,
360 4041 437 4098 lactae
451 4040 568 4099 lucrant.
583 4042 678 4114 Neque
690 4053 843 4115 autem-per
861 4044 929 4100 iusi·
985 4048 1164 4120 ‹dCurergo
1175 4044 1233 4112 isti,
1248 4044 1294 4115 qui
1308 4041 1428 4107 Saulem
1449 4040 1549 4113 eteius
1565 4038 1656 4096 lilium
1669 4038 1781 4110 apetie

136 4148 217 4204 gnam
229 4132 326 4189 ‘lucem
339 4131 432 4190 delum
447 4133 532 4200 Nile,
546 4148 598 4205 Per
609 4149 689 4204 (iuem
708 4134 830 4206 'Populus
843 4134 889 4191 ille
901 4135 930 4192 in
980 4149 1055 4207 runt,
1076 4137 1291 4197 misericordiam
1315 4134 1414 4191 iecisse
1435 4134 1571 4199 dicuntur,
1596 4130 1682 4189 eloh
1699 4130 1779 4187 hoca

135 4223 326 4293 promissionis
349 4224 477 4279 inductus
496 4232 538 4280 est
566 4234 686 4292 terram,
716 4227 931 4299 expugnatisque
982 4249 1045 4306 rege
1058 4233 1103 4303 pio
1116 4229 1321 4293 benedicuntur,
1334 4224 1540 4296 nisiquiahene
1552 4222 1712 4279 alliciuntur
1724 4234 1782 4277 cor·

121 4313 270 4386 gentibus,
290 4328 349 4370 eant
369 4314 512 4370 duodecim
536 4316 671 4383 tribubus,
695 4318 793 4389 quibus
810 4318 930 4391 jusserat
981 4327 1015 4383 da
1039 4321 1239 4385 miserantium,
1261 4317 1369 4389 quando
1383 4331 1415 4371 ea
1438 4314 1530 4370 dolent
1553 4313 1581 4368 in
1607 4320 1779 4370 mortuorum

136 4407 220 4472 bens,
234 4405 325 4462 divisit
339 4415 366 4460 et
379 4413 503 4462 mortuos
514 4416 556 4463 est
571 4425 578 4462 :
601 4423 688 4478 ncqrre
698 4418 767 4480 post
781 4408 858 4465 illum
873 4418 930 4467 toto
981 4412 1141 4483 corporibus
1156 4409 1259 4472 alienis,
1279 4422 1339 4476 quae
1359 4406 1404 4462 illo
1428 4402 1536 4470 allecta,
1552 4417 1608 4473 quo
1631 4416 1716 4459 nemo
1731 4416 1779 4457 un-

135 4508 258 4568 tempore
277 4495 403 4557 Judicum
416 4497 526 4569 impleta
551 4498 639 4555 luerat
662 4502 806 4573 promissio
829 4502 877 4558 bei
895 4479 1063 4576 «tanquam
1086 4517 1197 4558 carnem
1223 4514 1301 4558 suam
1320 4498 1383 4555 odio
1405 4497 1498 4561 babet,
1524 4494 1624 4551 nebunt
1645 4492 1706 4549 deri
1721 4500 1781 4564 post

135 4602 209 4648 terra
226 4589 366 4658 chanaan,
387 4606 403 4646 a
426 4592 543 4671 quodam
566 4592 677 4649 ilumine
701 4592 823 4666 AEgypti,
844 4609 931 4666 usque
981 4603 1098 4652 rnortem
1114 4608 1192 4650 suam
1210 4590 1371 4662 corporibus
1385 4588 1451 4654 suis,
1466 4584 1577 4657 etqued
1587 4584 1642 4641 sihi
1654 4582 1779 4640 exhiheri

135 4683 171 4738 ad
184 4680 283 4738 domem
298 4695 426 4751 magnum
438 4680 577 4739 Eufraten.
595 4680 651 4738 Nec
664 4690 755 4738 tarnen
769 4683 929 4757 adhucpro-
981 4687 1083 4751 volunt,
1100 4684 1208 4756 quando
1227 4683 1334 4741 sensuri
1345 4697 1400 4738 non
1421 4688 1494 4747 sunt,
1512 4678 1574 4735 aliis
1585 4693 1643 4736 non
1661 4676 1782 4735 sentien-

134 4758 298 4844 phetab'atur
318 4769 450 4838 loturum,
469 4772 517 4828 sed
538 4773 733 4843 expectabatur
753 4773 928 4845 implendum.
980 4779 1053 4835 tibur
1065 4783 1163 4834 curant
1176 4775 1306 4831 exhibere
1320 4773 1384 4828 dum
1399 4770 1552 4829 endunt»

135 4861 281 4934 lnrpletum
295 4869 337 4917 cst
349 4869 441 4918 autem
462 4877 512 4935 per·
526 4863 612 4924 David
633 4870 661 4921 et
677 4862 738 4934 rjus
755 4864 839 4921 lilium
854 4865 932 4927 Salo-
1017 4868 1103 4924 barid
1119 4874 1201 4923 uncto
1222 4880 1303 4937 super
1322 4864 1433 4920 domum
1446 4859 1543 4917 iudam
1558 4873 1636 4930 rege,
1651 4857 1693 4930 (2,
1708 4858 1737 4924 8,
1751 4856 1779 4921 9.

135 4970 266 5013 monem:
295 4953 372 5025 cujus
397 4969 510 5028 reguum
535 4964 621 5024 tanto,
646 4966 748 5028 quanto
766 4959 930 5029 promissum
984 4961 1027 5026 rb,
1037 4958 1099 5032 ete.)
1116 4957 1204 5015 dhaer
1214 4955 1286 5027 filias
1297 4954 1354 5009 Ner
1364 4952 1503 5009 llirhordlr
1514 4946 1680 5021 struebant
1694 4962 1781 5020 regar

135 5043 226 5102 luerat
240 5046 339 5119 spatio,
354 5045 496 5103 dilatatum
516 5056 578 5116 est;
598 5049 740 5107 universos
756 5050 856 5121 quippe
868 5051 929 5108 illos
982 5050 1115 5106 conatitto't
1139 5063 1216 5117 super
1235 5045 1384 5100 amomum
1406 5040 1518 5099 lrrorl:
1545 5054 1721 5111 agreraaagrae
1741 5042 1781 5091 etl

136 5135 324 5205 subdiderunt,
352 5137 564 5211 tributariosque
588 5139 720 5198 lecerunt.
747 5139 793 5197 Sic
815 5156 880 5215 ergo
901 5144 929 5199 in
982 5142 1069 5197 diser
1082 5138 1153 5210 filius
1166 5136 1292 5191 Nercuor
1310 5135 1397 5206 poeria
1415 5130 1553 5191 bermuti
1567 5129 1602 5186 de
1614 5128 1712 5186 castras
1724 5125 1781 5184 Ga-

136 5237 211 5286 tcrra
221 5230 411 5301 promissionis
423 5231 571 5289 erundum
583 5232 766 5300 carnenr,hoc
780 5241 822 5289 est
836 5234 863 5288 io
876 5244 929 5292 ter-.
983 5235 1060 5288 boon.
1087 5229 1172 5287 Porro
1192 5228 1260 5290 loci
1280 5227 1352 5299 {iiior
1375 5225 1476 5282 Soroirr
1496 5240 1556 5280 ram
1576 5223 1669 5295 pueris
1692 5218 1780 5277 Dauid

173 5414 282 5470 abde
300 5415 344 5473 bic
362 5416 546 5498 pretermittit
569 5415 707 5483 Claudius,
731 5432 792 5500 qnae
814 5418 929 5498 adron
1020 5413 1118 5471 cEdit.
1134 5415 1294 5496 addit3lris.
1327 5482 1332 5493 Ι
1356 5482 1361 5493 ⁸
1502 5478 1508 5492 ι

138 5493 302 5554 presentem
316 5499 371 5567 non
394 5494 540 5556 pertinent,
563 5501 678 5612 φιιιιῖιιιε
696 5489 837 5557 aptissime
859 5501 931 5541 rose·
1019 5482 1376 5567 d'Subsequentrattradrdrt
1397 5481 1563 5605 Augustanus
1581 5472 1684 5545 capa,
1700 5486 1779 5528 num.

138 5563 232 5609 ruerat
244 5553 424 5626 Augustinus,
437 5565 467 5613 ut
480 5572 621 5629 superiora
652 5557 685 5624 is,
698 5572 758 5628 quiae
769 5559 862 5614 statim
872 5571 932 5628 per-
986 5555 1222 5611 llbbnliecuro
1241 5548 1628 5619 mortuoram,arasllecttro
1645 5558 1783 5617 merore

139 5624 425 5753 trabct533tjungeret.d
986 5624 1170 5697 luitgerendo.

242 5709 316 5752 tus:
331 5703 406 5751 terren
426 5714 450 5751 o.
