3832 6120
145 236 201 341 isa

560 280 671 337 EPlSl'.
691 280 738 337 AD
756 278 924 338 caamcos
943 278 988 335 ET
1008 275 1195 336 nonachus
1213 272 1365 336 bucholt.

1735 280 1788 342 tat

144 406 160 437 ⁸
175 396 202 451 in
219 391 421 457 venationibus,
443 394 669 463 aucupationibus
686 410 718 450 ac
739 394 944 466 piscationibus,
959 409 984 467 ,q
997 404 1024 450 et
1056 393 1119 450 licet
1143 395 1170 449 in
1197 393 1282 449 oculis
1308 393 1435 448 humanis
1461 394 1589 450 sacerdos
1613 409 1673 452 esse
1697 395 1791 453 vidos·

143 492 184 544 et.
200 481 273 554 qaod
293 478 371 552 peius
384 488 436 548 εει,
452 483 508 536 inb
533 485 785 549 comessationibus,
804 494 831 539 et
854 485 943 540 ebrle-

144 575 264 638 tatibus,
282 583 310 627 et
325 571 400 627 sonis
415 573 545 638 musicis,
565 574 636 629 sieut
653 574 784 631 Dominus
806 590 855 645 per
876 589 942 645 pro·

143 666 256 735 phetam
270 662 431 729 detestatur,
446 663 539 719 dicens
554 682 561 718 ε
581 663 626 719 Va·
638 666 683 737 qui
694 668 850 737 consumitis
865 681 943 722 inane

143 757 180 812 ati
202 754 354 810 ebrietatem
380 755 551 820 sectandam,
582 767 606 811 ει
631 759 777 828 potandum
800 775 882 830 usquc
906 759 942 813 ati

143 863 288 919 uesperam,
304 855 334 900 ut
348 847 407 900 uino
423 847 548 902 astrictis.
564 845 685 916 Cithara,
706 861 729 904 et
750 852 818 921 lyra,
835 859 859 904 et
872 860 942 921 tyat-

142 955 265 1011 parutut,
285 949 310 992 et
333 937 413 1003 tibia,
432 946 456 991 et
479 939 566 993 unum
593 940 621 994 in
643 943 766 997 conuiciis
784 941 894 1007 uestris,·
917 951 942 995 et

143 1046 209 1100 opus
222 1027 330 1083 Domini
354 1044 406 1081 non
420 1029 565 1098 respicitis,
583 1048 630 1086 nec
651 1048 731 1102 opera
743 1048 869 1087 manuum
883 1031 941 1102 ejus

143 1118 329 1174 consideratis.
349 1116 403 1173 lste
430 1118 492 1174 talis
510 1131 622 1178 nonest
646 1121 754 1190 adjutor
776 1122 843 1188 Dci,
870 1123 942 1178 sicut

141 1211 244 1268 Paulas
265 1212 325 1266 ait:
351 1209 399 1266 Dei
422 1212 491 1265 enim
512 1229 603 1268 sumus
627 1213 772 1283 adjutores.
796 1214 845 1268 Dei
869 1213 943 1285 agri·

141 1305 249 1361 eaitirra
268 1307 342 1369 estis,
366 1304 414 1359 Dei
437 1305 580 1374 edificatio
605 1307 677 1362 estis.
702 1305 755 1362 Sed
773 1314 815 1362 εει
831 1307 940 1362 destru-

142 1405 204 1453 ctor
227 1397 318 1464 operis
342 1395 409 1457 Dei,
430 1410 462 1451 ac
481 1411 530 1466 per
556 1398 608 1455 boc
631 1396 739 1463 adiutor
761 1396 939 1464 Antichristi;

997 494 1080 548 tur,c
1108 486 1134 540 in
1156 487 1241 541 octrlis
1254 497 1344 541 tarnen
1365 487 1412 541 Dei
1426 502 1479 542 non
1493 495 1535 542 εει
1552 506 1558 540 :
1580 488 1643 557 qaia
1664 486 1791 547 veniente

995 577 1111 633 Domino
1130 578 1164 634 ad
1184 577 1334 648 judiciam,
1355 579 1501 645 dividetur,
1525 589 1553 636 et
1570 597 1634 653 pars
1649 582 1707 652 ejus
1726 597 1790 638 cum

995 667 1148 725 inlidellbus
1170 677 1294 740 ponetur,
1318 680 1346 724 et
1367 671 1400 725 dc
1422 671 1547 741 qualibus
1568 672 1699 742 scriptum
1720 679 1787 728 cst:

1000 758 1060 812 Vidi
1075 761 1168 831 impios
1184 758 1297 829 sepultos
1311 774 1320 811 :
1334 761 1379 832 qui
1394 762 1472 816 etiam
1494 778 1553 815 cum
1566 763 1653 817 adhuc
1666 763 1787 830 uiuerent,

995 850 1023 905 in
1045 850 1101 905 ioco
1123 862 1214 906 sancto
1242 862 1334 916 erant,
1362 861 1385 906 et
1414 851 1592 906 laudabantur
1619 855 1646 907 in
1673 854 1789 920 ciuitate,

992 943 1067 1013 quasi
1086 942 1221 1011 justorum
1235 958 1352 1013 operum.
1369 940 1464 997 Nullus
1480 957 1545 1012 ergo
1560 958 1593 996 ex
1607 942 1651 997 his
1667 943 1721 997 dux
1739 957 1788 1013 po·

992 1032 1048 1104 puli
1062 1031 1109 1087 Dei
1124 1047 1184 1087 csse
1199 1033 1289 1098 dchct,
1304 1047 1338 1087 εε
1354 1040 1507 1103 quaerentes
1521 1047 1604 1103 regna
1619 1033 1741 1088 coelestia
1759 1033 1787 1087 in

993 1121 1099 1177 lorcam
1124 1123 1280 1193 demergat,
1304 1122 1349 1178 ubi
1373 1123 1431 1192 ipse
1450 1121 1552 1191 judicio
1576 1123 1623 1178 Dei
1648 1125 1788 1180 demersas

993 1223 1044 1279 εει,
1062 1215 1133 1269 sicut
1147 1214 1277 1269 Dominus
1297 1215 1330 1268 ad
1352 1215 1461 1269 beatam
1485 1214 1537 1269 lob
1551 1215 1730 1283 demonstrat,
1746 1215 1789 1272 di-

993 1319 1058 1360 cens
1071 1323 1077 1358 :
1095 1303 1218 1360 Sibotes
1239 1305 1375 1359 brachium
1388 1307 1455 1360 sicut
1470 1306 1540 1362 Deus
1552 1307 1565 1362 i
1577 1307 1610 1362 Et
1625 1308 1786 1380 quibusdam

994 1396 1163 1466 interpositis
1178 1409 1186 1449 ι
1201 1394 1336 1451 discorde
1350 1413 1411 1464 eos,
1425 1397 1531 1467 inquit,
1548 1397 1640 1465 idest,
1656 1401 1788 1473 superbos

825 1507 962 1565 asaban
982 1505 1099 1564 NOTAE.

142 1601 216 1673 quod
228 1614 281 1655 non
299 1598 411 1654 nimium
430 1598 490 1656 sitis
501 1599 609 1662 carioso
625 1599 788 1681 spectabiles
805 1599 940 1668 equitatu,

143 1686 198 1726 non
223 1672 297 1726 circa
318 1686 367 1725 vos
397 1670 552 1726 discurrant
576 1671 757 1725 hinnientium
783 1668 940 1724 frendentes

143 1743 217 1797 acies
232 1741 407 1806 caballorum,
426 1757 479 1796 non
496 1756 561 1796 auro
572 1742 680 1796 curiose
698 1742 838 1811 tingantur
851 1739 939 1805 irena,
955 1709 979 1770 B

142 1827 195 1868 nec
206 1827 239 1867 ex
257 1812 353 1868 sericis
371 1811 429 1866 lora
454 1820 652 1882 componantur
668 1812 731 1876 iilis,
754 1828 807 1866 uun
826 1818 940 1880 argento

142 1882 261 1938 calearia
280 1882 404 1947 rutilent,
433 1898 487 1938 noa
511 1883 649 1953 sqaurleto
678 1881 854 1952 spectabiliue
876 1895 941 1950 pur-

141 1968 212 2077 gqgra
229 1961 356 2024 tegantur
372 1951 454 2019 scllae,
473 1967 523 2008 nec
551 1953 665 2023 pretiosi
685 1951 836 2022 pendentes
855 1949 940 2005 conh-

182 2023 238 2078 lent
255 2039 338 2078 eonas
361 2022 430 2077 clavi
447 2022 579 2078 micantes
597 2039 673 2085 auro,
695 2037 746 2078 acc
767 2021 879 2077 muricis
893 2035 941 2076 ea,

144 2094 269 2148 rumdcm
293 2094 472 2164 corrigiarum
502 2102 615 2148 ornatus
634 2095 720 2149 soleat
745 2092 869 2149 redolere
885 2092 940 2145 tin·

142 2172 260 2228 cturanr,
275 2179 330 2219 non
342 2164 434 2218 eboris
449 2164 650 2232 pulchritudine
667 2163 761 2235 obryzi
773 2162 815 2216 vel
833 2162 940 2233 argenti

143 2234 280 2289 metallice
294 2233 408 2305 pretiosi
422 2233 541 2303 cujusvis
551 2235 663 2290 alterius
672 2233 799 2306 gumphis
809 2233 939 2288 sellarum

141 2303 289 2360 conclavet
305 2305 431 2369 amictus,
447 2319 500 2357 non
519 2304 630 2359 micanti
644 2304 793 2374 pectoralia
812 2311 950 2374 tegantur

141 2382 233 2440 ostro,
252 2388 304 2428 uec
328 2373 482 2428 lettrescens
498 2388 531 2428 ex
550 2389 616 2428 auro
643 2372 754 2445 ge‘stetis
767 2374 868 2439 henos,
885 2389 939 2428 non

141 2443 318 2498 radiantibus
341 2444 455 2498 fastuosi
479 2444 624 2513 sonipedes
638 2452 785 2499 onerentur
813 2444 938 2514 gemmis,

140 2521 199 2569 ειε.
221 2534 231 2566 ι
252 2513 292 2567 Ex
305 2521 460 2582 pervetusto
475 2514 569 2569 codice
596 2523 689 2569 nostro
711 2530 761 2569 ms.
779 2518 851 2570 unde
866 2513 940 2597 frag-

143 2591 268 2638 mentum
298 2583 371 2637 aliud
390 2599 461 2638 anno
488 2583 627 2653 superiore
643 2585 747 2639 editum
763 2592 805 2639 εει
821 2585 848 2639 ιε
866 2594 939 2640 εοιιε

141 2654 178 2708 ad
195 2651 300 2723 Lupum
316 2652 532 2719 Ferrariensem,
549 2669 617 2726 pag.¹
628 2655 691 2711 tis.

180 2736 194 2764 ι
213 2723 449 2777 invenationem.
469 2723 573 2794 Quippe
586 2726 699 2779 vetitum
711 2725 847 2795 episcopis
864 2724 938 2781 alere

142 2800 295 2855 canescat
311 2794 483 2848 renationem
500 2808 629 2849 exercere
644 2814 650 2848 :
668 2797 696 2849 in
707 2811 790 2865 quam
814 2810 871 2849 rem
883 2796 939 2850 ual-

144 2864 178 2918 de
193 2863 306 2919 celehris
322 2871 363 2919 est
380 2878 467 2918 canon
480 2863 514 2918 55
529 2866 623 2946 synodi
641 2863 825 2935 Agathensis:
846 2885 855 2917 ι
873 2866 938 2936 Epi-

143 2933 244 3004 scopis,
255 2933 433 3005 preshyteris,
448 2933 616 3000 diaconibus,
634 2951 716 2991 canes
729 2935 762 2989 ad
774 2937 936 3000 venandum,

142 3012 191 3057 aut
208 3005 362 3074 accipitres,
393 3005 494 3059 habere
517 3019 570 3058 ιιεε
585 3005 675 3060 ιιεεει.
695 3005 771 3072 Quod
785 3006 879 3076 siquis
897 3014 938 3060 ta-

143 3073 210 3127 lium
222 3089 400 3143 personarum
413 3075 441 3128 in
456 3075 510 3130 hae
521 3074 659 3144 voluptate
684 3076 808 3131 detectus
834 3075 935 3143 inerit;
951 3093 973 3157 C

143 3144 166 3199 si
183 3147 325 3226 episcopas
352 3154 405 3209 est,
431 3145 518 3200 trihus
544 3147 683 3201 mensibus
711 3161 740 3202 se
762 3147 937 3216 suspcndata

142 3230 353 3280 communione3
371 3216 524 3286 presbyter,
550 3215 654 3270 duobus
677 3217 816 3272 mensibus
829 3232 859 3271 se
875 3219 937 3273 ahs·

142 3286 246 3349 tincat;
265 3286 397 3340 diaeonus
420 3286 547 3349 vero,‘ab
563 3287 637 3341 omni
655 3285 742 3342 ollicio
756 3287 797 3341 vcl
818 3302 938 3342 commu-

143 3355 226 3409 nione
257 3355 383 3411 cessabit.
413 3376 422 3409 r
451 3356 518 3411 vide
544 3357 626 3411 etiam
652 3371 785 3412 canonem
809 3367 937 3427 quartum

143 3424 342 3495 Epaonensem,
362 3434 389 3482 et
401 3426 536 3482 decimum
555 3428 662 3482 tertium
682 3442 813 3482 canonem
828 3428 936 3484 concilii

144 3493 353 3551 blatiscoaensis
382 3497 504 3552 secundi.
538 3494 737 3553 Carlomannus
767 3499 937 3570 princepsin

143 3567 247 3636 synodo
261 3567 305 3620 cui
323 3578 426 3637 martyr
443 3565 598 3621 Bonilacius
610 3568 755 3624 interluit:
776 3587 786 3619 ι
811 3568 866 3623 ιιεε
881 3583 936 3624 ιιεε

142 3642 171 3690 ει
186 3635 246 3692 illas
264 3637 431 3702 venationes,
445 3647 473 3692 et
487 3637 633 3708 sylvaticas
644 3640 801 3708 vagationes
815 3654 876 3693 cum
890 3654 936 3695 ca·

143 3705 233 3770 nibus,
252 3706 378 3762 omnibus
401 3708 488 3764 servis
514 3708 562 3763 Dei
588 3709 787 3774 interdiximus,
812 3709 937 3764 similiter

143 3782 175 3828 ut
189 3778 333 3858 accipitres
356 3786 383 3834 et
400 3777 521 3834 ιιιιεεεεε
544 3794 598 3833 εεε
628 3779 755 3835 habeant.
778 3799 788 3831 ι
808 3778 937 3834 Venatio-

143 3859 207 3900 nem
218 3860 290 3901 emm
301 3847 329 3902 in
341 3849 468 3919 episcopo
479 3849 599 3919 graviter
607 3850 781 3918 reprehendit
792 3848 936 3904 Nicolausl

143 3915 215 3985 apud
230 3915 388 3972 Gratianum
410 3919 473 3973 dist.
501 3919 546 3982 bl,
573 3933 633 3987 cap.
650 3918 842 3984 Quorumdam.
856 3920 936 3974 ltem-

141 4000 197 4055 que
219 3987 346 4045 Nicolaus
361 3989 383 4042 ll
401 3991 427 4044 in
444 3990 576 4053 Decretis,
600 4003 661 4057 cap.
678 3989 714 4043 6:
735 4007 745 4039 ι
766 3989 800 4044 Ut
816 3989 935 4059 episcopi

994 1598 1066 1653 scire
1078 1611 1132 1668 qao
1146 1595 1273 1666 ejiciendi
1290 1605 1363 1664 suat,
1376 1597 1552 1670 Euangelium
1575 1601 1652 1673 lege:
1668 1600 1702 1656 ln
1717 1612 1787 1660 tene-

994 1666 1055 1722 bras
1078 1667 1183 1722 scilicet
1208 1669 1361 1733 exteriores,
1390 1670 1434 1723 uhi
1464 1673 1513 1724 erit
1541 1672 1618 1742 {letus
1646 1681 1669 1727 et
1687 1673 1787 1729 stridor

993 1739 1121 1792 dentium.
1140 1739 1238 1792 Annon
1264 1738 1388 1794 conlusio
1405 1748 1432 1795 et
1451 1740 1597 1812 ignominia
1624 1750 1676 1808 εει,
1692 1743 1785 1800 ιεεεει

993 1809 1164 1873 crucifixum,
1186 1809 1346 1880 magistrum
1371 1825 1530 1880 pauperum,
1560 1822 1642 1883 atque
1664 1814 1787 1876 esurien-

993 1888 1059 1944 tem,
1077 1879 1155 1934 lartis
1166 1880 1315 1949 praedicare
1330 1882 1501 1952 corporibus,
1512 1883 1730 1954 jejuniorumque
1741 1884 1786 1940 do

992 1950 1108 2004 ctriaam
1136 1953 1265 2006 rubentes
1297 1949 1397 2007 baccas
1425 1952 1626 2023 eminentiaque
1655 1970 1703 2009 ora
1723 1969 1786 2025 pro-

991 2018 1086 2075 lerre?
1106 2039 1116 2072 ι
1136 2018 1170 2073 Ει
1189 2019 1303 2092 Magnus
1315 2021 1359 2076 ille
1375 2021 1523 2093 Gregorius
1536 2023 1583 2078 lib.
1604 2040 1632 2086 ιι,
1645 2025 1723 2095 epist.
1739 2023 1783 2092 tt,

992 2091 1095 2145 acriter
1111 2090 1237 2162 oh'urgat
1255 2091 1377 2146 Natalem
1403 2096 1559 2164 episcopum
1586 2093 1784 2161 Salonitanunt,

991 2163 1063 2230 quod
1080 2162 1145 2217 tlcrc
1157 2162 1208 2218 icta
1233 2162 1362 2231 pastorali
1375 2179 1451 2229 cara,
1480 2165 1544 2220 solis
1554 2179 1584 2220 se
1596 2162 1727 2221 conririis
1741 2181 1786 2224 oc·

990 2240 1113 2300 cuparet.
1132 2232 1208 2289 Unde
1223 2239 1251 2286 ct
1266 2233 1391 2287 eumdem
1407 2233 1529 2289 Natalem
1560 2235 1617 2305 (qui
1639 2237 1785 2305 reprehen-

991 2302 1096 2357 sionem
1113 2302 1236 2373 Gregorii
1250 2302 1277 2356 in
1292 2302 1384 2371 jocum
1395 2313 1533 2370 vcrtcrat;
1550 2305 1704 2374 exemplum
1720 2304 1785 2361 aiic-

991 2387 1055 2428 rens
1072 2371 1188 2428 Abrabae
1199 2382 1227 2428 et
1244 2372 1329 2436 ιεειιε,
1349 2389 1463 2442 quoram
1485 2391 1555 2432 utras
1569 2375 1677 2446 atigelos
1692 2377 1784 2431 convi-

991 2443 1034 2496 vio
1066 2451 1221 2512 exceperat,
1239 2443 1309 2499 alter
1329 2459 1394 2498 vero
1421 2447 1535 2501 satiatus
1568 2447 1784 2502 bettedictioncm

990 2511 1045 2566 lilio
1056 2512 1190 2582 dederat),
1223 2526 1319 2584 postea
1332 2529 1439 2569 rursum
1458 2517 1596 2570 ailinonnit
1618 2516 1784 2572 abstinerea

990 2584 1132 2648 conviviis,
1161 2583 1312 2653 scriptaad
1338 2599 1399 2637 eum
1425 2586 1628 2655 elegantissima
1656 2587 1783 2668 epistola,

989 2667 1049 2721 quae
1064 2662 1107 2708 cst
1122 2655 1154 2708 57
1169 2654 1289 2724 ejusdem
1302 2653 1372 2707 libri.
1389 2655 1423 2709 Et
1437 2664 1511 2724 patet
1526 2656 1649 2711 conuiuia
1670 2656 1714 2710 illa
1728 2672 1782 2713 non

989 2723 1073 2778 luisse
1105 2726 1250 2778 admodum
1268 2722 1442 2789 Christiaua3
1460 2741 1521 2780 cum
1533 2736 1632 2797 praeter
1653 2728 1784 2781 tcrnalen·

989 2793 1055 2847 tiam
1079 2802 1105 2848 ct
1129 2794 1315 2856 voracitatem,
1344 2795 1456 2850 etianta
1473 2796 1691 2852 Christianorum
1708 2795 1785 2852 dilia-

989 2865 1106 2919 mationc
1124 2879 1177 2919 nou
1190 2864 1370 2929 abstinerent,
1392 2881 1525 2936 nemoque
1540 2883 1573 2922 cx
1601 2867 1728 2921 irrisione
1740 2882 1784 2922 re-

988 2935 1212 3016 prehenderetur.
1232 2933 1300 2990 Nam
1317 2936 1440 2990 convivia
1469 2937 1658 3009 cpiscoporum
1682 2938 1784 2993 debent

988 3019 1048 3059 esse
1065 3020 1146 3060 serm.

1020 3085 1030 3112 ι
1050 3074 1084 3129 ln
1100 3075 1183 3129 oculis
1198 3084 1287 3130 tamen
1298 3076 1348 3130 Dei
1367 3085 1479 3131 nonest.
1498 3075 1544 3131 dit
1558 3092 1623 3148 ergo
1648 3092 1709 3131 eum
1734 3077 1781 3147 qui

989 3146 1023 3200 ad
1038 3145 1222 3216 eriscopatmn
1234 3156 1346 3202 vocatus
1363 3156 1414 3213 est,
1428 3147 1451 3201 si
1470 3147 1561 3202 saculi
1575 3147 1782 3203 oblectamentis

989 3215 1053 3269 iadu
1066 3223 1119 3287 gct,
1137 3217 1163 3270 iu
1177 3216 1264 3272 oculis
1279 3217 1326 3271 Dei
1341 3233 1392 3271 εεε
1404 3232 1465 3272 εεεε
1479 3219 1657 3281 sacerdotem,
1673 3218 1782 3274 taaretsi

988 3300 1131 3355 personam
1145 3287 1262 3356 episcopi
1287 3296 1363 3359 gerat
1377 3300 1470 3343 coram
1485 3289 1639 3343 bominibus
1660 3289 1782 3358 adeoque

988 3357 1132 3427 episcopus
1144 3372 1205 3412 esse
1229 3359 1363 3412 videatur.
1381 3357 1426 3413 Sic
1450 3368 1562 3414 sanctus
1579 3358 1739 3414 Ambrosius
1752 3359 1781 3414 itt

988 3427 1076 3497 capite
1094 3428 1174 3482 tertio
1191 3428 1253 3483 libri
1270 3427 1304 3482 de
1315 3428 1451 3500 [lignitate
1466 3428 1644 3493 Sacerdotali,
1669 3428 1782 3498 loquens

988 3496 1021 3552 dc
1034 3496 1105 3551 malo
1115 3499 1251 3569 episcopo,
1265 3500 1321 3553 ait:
1344 3518 1353 3551 ι
1373 3499 1534 3554 Pronuntiat
1551 3500 1623 3554 enim
1638 3500 1781 3568 episcopus

989 3566 1144 3634 hujusmodi
1161 3570 1194 3622 ad
1220 3568 1357 3640 populum,
1377 3569 1492 3625 dicens:
1511 3571 1565 3624 Pax
1580 3570 1665 3624 robis.
1690 3567 1781 3624 Oculis

987 3639 1097 3705 quidem
1111 3639 1265 3694 carnalibus
1281 3639 1388 3695 ridetur
1403 3640 1480 3710 quasi
1497 3642 1639 3710 episcopus
1651 3652 1776 3708 maguus,

987 3715 1015 3760 ει
1030 3708 1129 3762 divinis
1144 3709 1286 3764 iutuitibas
1312 3710 1455 3780 inspicitur
1477 3710 1600 3780 leprosus
1624 3723 1777 3778 attiguus.»

988 3776 1034 3832 Sic
1047 3777 1216 3833 llarecllinus
1230 3782 1257 3833 εἰ
1268 3779 1288 3833 F
1291 3782 1414 3836 austitms
1429 3781 1457 3834 in
1467 3779 1568 3834 Libello
1578 3780 1703 3842 Prccutu,
1716 3792 1780 3851 pag.

986 3846 1032 3910 to,
1053 3849 1129 3902 aiunt
1157 3851 1287 3918 quosdam
1314 3850 1455 3970 episcogos
1480 3849 1600 3918 perfidie
1616 3847 1780 3904 orianorum

987 3916 1191 3985 subscripsisse,
1211 3936 1221 3968 ι
1240 3928 1269 3973 ιιι
1280 3919 1405 3988 episcopa
1418 3935 1433 3973 c
1446 3933 1543 3973 nomen
1569 3917 1637 3988 apud
1653 3917 1777 3974 homines

987 3987 1106 4042 retinere
1130 3989 1297 4054 uiderentur,
1324 3991 1395 4058 quod
1410 3991 1503 4060 utique
1515 3988 1571 4057 jam
1598 3988 1667 4058 apud
1694 3987 1780 4044 Deum
1877 4026 1880 4032 ·

142 4064 171 4111 ει
183 4057 277 4114 clerici
302 4074 377 4114 arma
395 4074 449 4114 non
468 4059 573 4126 lerant;
604 4073 692 4129 neque
716 4060 825 4113 senatui
847 4074 938 4183 neque

142 4129 260 4198 aucupio
272 4131 406 4184 studeant.
431 4150 440 4181 ι
458 4129 549 4199 ltaque
573 4131 677 4200 eosqui
693 4131 838 4185 venatione
862 4131 896 4186 de
907 4145 936 4186 e-

142 4206 264 4264 ctatttur,
276 4198 372 4255 lubens
383 4200 568 4256 revocaverim
581 4199 613 4253 ad
625 4215 726 4272 eaquae
737 4200 849 4272 singulis
860 4200 937 4257 Chri-

142 4267 240 4323 stianis
264 4271 302 4325 ait
322 4268 439 4340 Prosper
462 4270 489 4323 in
505 4271 678 4340 peroratione
708 4270 768 4328 libri
793 4271 826 4327 dc
842 4270 936 4327 Gloria
987 4271 1118 4326 honorem
1135 4268 1162 4325 in
1173 4284 1318 4343 conspecta
1332 4273 1472 4327 hominum
1488 4272 1601 4343 ceperit,
1616 4287 1708 4326 coram
1720 4269 1776 4326 Do-

144 4337 295 4410 liegnoqae
327 4340 511 4395 Sanctorum:
532 4359 541 4391 ι
563 4339 722 4396 Sivcnandi
748 4349 790 4397 est
815 4342 934 4409 allectio,
987 4342 1063 4396 mino
1078 4356 1131 4395 non
1144 4340 1281 4398 babuisse.
1308 4344 1408 4399 Eadem
1423 4342 1474 4397 ibit
1490 4344 1623 4397 sententia
1637 4340 1779 4396 baeretico-

143 4407 346 4478 inquietabas
375 4411 655 4476 montesaltissimos,
682 4428 777 4468 cervos
805 4413 936 4469 velociter
987 4427 1048 4465 ram
1079 4411 1275 4482 albigensium,
1301 4416 1358 4484 qui,
1382 4422 1413 4468 at
1437 4413 1567 4484 hogerius
1590 4414 1623 4467 de
1651 4411 1779 4465 llovedcn

143 4494 158 4530 a
198 4479 328 4535 stolorum
362 4483 609 4552 prophetarumque
635 4484 706 4537 dicta
733 4492 933 4554 percurrentes.
947 4459 974 4519 D
988 4481 1078 4543 tradit,
1093 4481 1238 4537 dicebant:
1257 4502 1267 4534 ι
1283 4483 1353 4555 quod
1375 4492 1467 4538 essent
1484 4481 1627 4537 ordinandi
1643 4482 1670 4536 in
1685 4479 1779 4535 Eccle-

143 4493 235 4604 lhhobcs
246 4558 273 4606 ct
286 4551 312 4605 in
338 4553 440 4620 campis
456 4559 572 4622 petram,
593 4550 724 4678 refugium
743 4555 842 4626 eryciis
861 4562 888 4609 et
899 4553 937 4610 le-
986 4551 1027 4608 sia
1043 4552 1162 4622 episcopi
1177 4559 1205 4606 ει
1218 4554 1389 4624 presbyteri;
1409 4562 1436 4609 ct
1462 4553 1484 4607 si
1501 4552 1568 4606 tales
1593 4567 1646 4606 non
1670 4551 1780 4632 ordina-

143 4619 268 4688 porihas,
282 4635 351 4691 quos
378 4622 405 4676 ia
417 4622 590 4692 simplicitate
602 4637 650 4677 cor
669 4625 690 4678 is
708 4623 831 4679 Christus
845 4623 937 4679 Domi·
985 4621 1086 4677 bantur
1102 4621 1197 4692 quales
1227 4625 1392 4694 recipiebat,
1406 4639 1459 4677 non
1476 4630 1569 4677 essent
1581 4622 1710 4690 episcopt.
1728 4633 1779 4675 nec

143 4705 195 4743 ειιε
207 4704 256 4759 per
273 4707 337 4747 suos
352 4707 434 4748 canes
448 4700 573 4758 venatur,
589 4704 620 4748 ut
643 4694 728 4763 spinis
748 4702 859 4749 careant
871 4695 937 4751 deli-
986 4693 1150 4765 presbyteri,
1166 4639 1226 4749 sevi)
1235 4692 1291 4765 lupi
1307 4708 1430 4763 rapaces,
1447 4693 1595 4764 hypocrite
1612 4701 1639 4747 et
1652 4690 1778 4773 seducto·

143 4765 260 4815 ctorum.
283 4783 292 4816 r
312 4763 378 4818 llidc
390 4761 487 4817 lunam
503 4762 725 4820 Aurelianensem
739 4764 766 4820 in
789 4763 859 4819 libro
872 4781 891 4820 ιι
903 4767 938 4822 de
987 4778 1041 4819 res.
1061 4784 1071 4815 ι
1090 4764 1191 4819 ilerum
1203 4773 1275 4821 recte
1290 4765 1447 4820 adnotatam
1460 4772 1500 4817 est
1512 4779 1528 4817 a
1540 4763 1606 4816 viris
1629 4763 1779 4816 cruditissi-

143 4826 318 4888 lnstitatione
334 4832 448 4897 Laicali,
464 4848 494 4888 ca
518 4832 583 4887 λδ.
987 4835 1049 4900 mis,
1062 4847 1124 4889 eam
1136 4850 1196 4889 esse
1207 4843 1376 4891 constantem
1403 4834 1530 4891 Ecclesia
1557 4833 1699 4889 catholiam
1715 4845 1777 4887 sen-

180 4900 195 4940 l’
223 4898 471 4959 comessationibus.
492 4849 589 4958 hiirum
610 4911 653 4959 est
679 4911 734 4959 tom
761 4901 937 4961 solicitosin
988 4906 1112 4970 tentiam,
1144 4920 1178 4959 ex
1207 4906 1330 4962 doctrina
1361 4914 1388 4961 et
1402 4907 1548 4962 traditione
1567 4904 1715 4976 apostoliea
1732 4903 1778 4958 de·

144 4967 198 5024 boc
212 4970 297 5028 iuissc
312 4981 429 5038 veteres,
445 4983 475 5029 at
486 4973 587 5029 trullam
606 4975 776 5030 occasionem
788 4977 938 5057 praeterml-
987 4975 1172 5041 scendcntem,
1193 4978 1275 5032 etiam
1305 4978 1457 5048 improbum
1481 4977 1630 5039 bominem,
1647 4973 1778 5029 canonice

144 5039 231 5096 serint
248 5044 413 5099 admonendi
425 5044 568 5115 episcopos
582 5054 613 5100 ut
627 5045 899 5102 acomessatmnibus
910 5054 939 5102 et
987 5046 1154 5112 ordinatum,
1167 5062 1230 5102 uere
1244 5050 1413 5104 sacerdotem
1432 5063 1464 5102 ac
1477 5047 1526 5102 Dei
1540 5045 1692 5114 adjutorem
1705 5056 1776 5103 esse.

145 5110 277 5169 ebrietate
304 5115 482 5181 abstinerent,
506 5115 583 5185 juxta
600 5124 763 5187 praeceptum
787 5115 873 5182 Pauli,
891 5118 938 5189 qai
987 5115 1055 5170 Nam
1072 5116 1095 5170 si
1112 5116 1169 5171 haec
1185 5117 1276 5188 regula
1294 5127 1530 5180 nonessctccrta,
1559 5117 1696 5171 horrenda
1711 5130 1780 5172 con-

145 5180 230 5235 edixit
247 5184 403 5254 episcopum
416 5184 515 5240 debere
539 5202 600 5243 esse
620 5203 672 5241 non
687 5186 857 5241 tinnientem.
871 5187 939 5244 insi·
988 5186 1058 5242 lusio
1073 5187 1211 5242 turbasset
1221 5189 1383 5255 Ecclesiam,
1399 5190 1482 5245 etiam
1498 5188 1525 5243 ia
1544 5186 1628 5241 initiis
1647 5186 1778 5243 Christia-

145 5250 207 5322 gnis
224 5262 265 5310 εει
286 5255 443 5327 llieronymi
468 5255 543 5312 locus
565 5273 599 5313 ex
624 5259 822 5312 commentario
842 5258 870 5312 in
890 5258 939 5314 lll-
988 5257 1080 5312 nismi.
1098 5257 1166 5311 Nam
1181 5267 1210 5313 et
1225 5256 1308 5316 ludas
1320 5261 1406 5315 malas
1424 5267 1492 5323 erat,
1505 5256 1551 5328 qai
1568 5263 1657 5312 tamen
1672 5266 1779 5329 aposto·

146 5321 249 5377 cbaeam
261 5326 434 5396 prophetam,
452 5326 554 5384 relatus
565 5343 581 5383 a
592 5327 723 5384 Gratiano
739 5329 801 5384 dist.
819 5327 864 5394 55,
876 5344 935 5401 cap.
988 5327 1140 5383 lasGbristi
1156 5328 1218 5383 luit.
1238 5330 1269 5385 Et
1288 5331 1386 5385 multos
1398 5337 1490 5401 postea
1508 5327 1590 5382 variis
1613 5329 1780 5398 temporibus

144 5391 183 5446 l:
203 5412 212 5444 ι
229 5395 358 5452 Ecclesiae
369 5396 516 5468 principes,
528 5398 625 5470 inquit,
637 5399 683 5472 qui
696 5398 801 5456 deliciis
812 5399 936 5464 affluunt,
988 5398 1074 5453 malos
1100 5399 1241 5470 episcopos
1268 5400 1351 5456 luisse
1376 5415 1455 5455 εειεο
1478 5399 1626 5470 negaverit.
1657 5399 1779 5471 Denique

145 5470 174 5517 et
195 5463 266 5522 inter
283 5467 375 5593 esaias
392 5476 473 5538 atque
498 5468 625 5526 lascivias
653 5471 813 5541 pudicitiam
841 5486 938 5525 serra·
988 5468 1112 5525 Christus
1122 5471 1160 5524 ait
1173 5469 1283 5525 Scribas
1295 5482 1324 5525 et
1339 5470 1490 5526 Pharisaos
1516 5469 1617 5525 sedisse
1636 5486 1718 5542 saper
1735 5487 1775 5528 ca·

145 5547 176 5587 re
190 5549 219 5590 sc
246 5552 294 5592 cre
314 5545 371 5604 unt,
389 5540 565 5609 propheticus
588 5555 679 5596 sermo
697 5541 838 5606 describit,
866 5541 939 5612 quod
990 5540 1115 5596 tbedram
1130 5540 1225 5611 Moysi.
1242 5539 1337 5610 ltaque
1359 5541 1399 5597 sic
1412 5540 1554 5613 scripsisse
1576 5540 1684 5596 ridetur
1709 5541 1775 5613 Ago

145 5603 273 5674 ejiciendi
287 5609 341 5664 sint
358 5609 392 5664 dc
404 5609 530 5679 spatiosis
553 5611 688 5675 domibus,
703 5611 837 5682 lautisque
850 5611 940 5666 convi-
988 5611 1089 5666 bardas
1118 5611 1307 5677 uehementer,
1337 5621 1367 5668 ut
1393 5612 1535 5684 episcopos
1564 5610 1723 5668 admoneret
1739 5613 1779 5669 sui

147 5675 207 5737 ιιὶι,
224 5685 255 5734 ει
269 5679 353 5735 ιεειιε
365 5679 457 5736 ιειιεεε
477 5682 563 5764 epulis
577 5681 747 5750 conquisitis,
770 5691 798 5737 et
813 5681 940 5751 ejiciendi
989 5680 1081 5746 olllcii,
1099 5690 1127 5735 et
1149 5689 1179 5734 ut
1206 5681 1389 5752 intelligerent
1413 5693 1544 5756 quantum
1565 5681 1621 5738 Deo
1638 5682 1778 5756 displiceat

146 5756 258 5820 propter
282 5751 368 5808 malas
389 5752 568 5825 cogitationes
596 5761 623 5809 ει
636 5766 718 5824 opera
739 5767 797 5810 sua.
814 5752 883 5808 Etsi
899 5752 941 5808 ris
990 5750 1062 5806 mala
1080 5749 1199 5824 episcopi
1215 5751 1281 5807 uita.
1581 5758 1585 5766 '

986 4066 1050 4128 post
1065 4058 1278 4127 subscriptiones
1294 4060 1392 4131 impias
1405 4074 1458 4114 εοε
1471 4059 1616 4115 habebant.
1638 4079 1647 4110 r
1663 4058 1709 4114 Sic
1720 4058 1781 4112 Ful-

987 4129 1094 4253 geatias
1110 4128 1414 4254 Rasgensiscpuiscopus
1425 4131 1453 4185 in
1470 4131 1558 4201 capite
1571 4130 1659 4213 primo
1684 4137 1780 4213 contra

1009 4214 1148 4254 ermonem
1188 4202 1320 4267 astrdtost,
1338 4211 1376 4256 att
1397 4217 1468 4268 eum,
1484 4210 1592 4256 tametsi
1617 4200 1779 4272 presbytera
