3810 6120
123 252 215 308 maor
718 243 876 301 auriono
897 241 907 294 ι
926 239 1163 296 consensuro
1183 237 1224 293 err
1703 231 1777 288 asos
1807 216 1814 225 '

146 380 260 436 caraque
282 372 412 434 qnantum
432 372 531 416 nostre
554 361 650 415 attinet
664 368 785 430 anguste
798 353 932 411 devotioni
948 355 970 412 Α
984 351 1137 408 desertores
1149 352 1268 421 ejusdem
1286 350 1418 420 propositi
1433 347 1538 416 effecti,
1554 351 1637 406 rebus
1648 349 1777 406 brrmauta

146 461 313 514 incessanter
336 455 370 511 ad
385 454 496 509 meliora
518 453 684 522 provehere,
708 461 735 507 et
746 450 780 505 ab
795 448 840 503 illa
853 448 930 517 qnid·
977 441 1033 510 iam
1044 452 1123 497 erant
1134 444 1252 513 exempti
1264 457 1272 496 ι
1283 457 1399 513 quorum
1409 443 1525 513 perditio
1536 458 1589 497 non
1601 443 1664 498 sinc
1676 456 1775 512 magns

144 549 210 618 qnid
222 547 331 602 noxium
342 553 400 600 erat
411 542 561 607 eradicare,
577 549 658 610 atque
673 540 699 594 in
717 554 749 594 ea
764 539 930 592 incrementa
981 531 1064 587 animi
1078 532 1143 587 ferri
1157 540 1246 602 potest
1258 546 1385 587 moerore.
1403 530 1517 598 Quidam
1530 533 1613 588 etiam
1628 548 1686 586 uun
1701 546 1774 586 eam·

145 640 273 694 rie-tntum
286 637 419 707 plantare.
438 633 608 705 Quapropter
619 631 767 703 sepissime
777 627 931 685 sacerdotes
980 623 1041 678 dem
1056 621 1253 692 professionem
1266 637 1296 678 se
1310 621 1407 678 fecisse
1421 621 1527 678 mentiti
1537 630 1600 678 sunt
1614 622 1685 677 :sed
1699 621 1775 677 testi-
1800 692 1803 699 Ι

108 768 110 772 -
144 728 270 795 Domini,
297 741 413 800 quorum
429 725 455 782 id
468 725 549 782 offleii
563 739 624 781 esse
645 736 819 793 noveramus,
836 720 930 775 admo·
980 715 1031 769 bus
1045 721 1169 784 patenter
1181 713 1309 780 convicti,
1323 728 1373 784 pro
1384 729 1433 768 sua
1450 715 1621 769 conmmacia
1634 713 1774 770 ιιιιιιίιιι

143 833 208 872 nere
219 818 389 882 curarimus,
410 832 442 872 ae
455 823 574 871 nostram
592 812 766 884 principalem
780 808 930 864 auetorita-
980 807 1146 876 poeniteutiae
1159 814 1223 862 sust
1237 806 1353 863 seroneti.
1365 805 1480 874 Quidam
1494 821 1569 869 vero,
1585 807 1642 861 bno
1654 807 1773 873 maaiqra

81 966 98 975 ..
143 914 197 959 tem
213 906 371 976 arljutrieem
387 906 421 961 ad
436 919 530 959 corum
549 901 731 958 ministerium
743 897 820 968 juxta
833 897 929 953 volnu-
980 912 1059 967 pars,
1078 898 1125 969 qni
1144 898 1275 953 haetenus
1292 897 1319 951 in
1337 897 1501 967 apostasiam
1515 896 1639 973 prolapsi
1654 894 1772 960 fueram,

143 1002 225 1049 tatem
250 995 296 1050 Dei
316 994 516 1063 exsequendum
538 1000 663 1063 prompte
686 988 877 1052 exhibuimus,
901 992 931 1038 ιι
980 1005 1070 1046 eoram
1095 989 1248 1053 venientes,
1274 989 1386 1059 scioque
1410 1005 1440 1045 ιι
1456 998 1640 1060 prostrantes,
1656 990 1772 1046 confessi

142 1083 273 1154 quidquid
294 1084 322 1140 in
336 1084 476 1139 ordinibus
489 1080 697 1145 ecclesiasticis,
716 1079 757 1134 rel
770 1079 796 1132 in
810 1091 931 1149 quaeren-
980 1090 1042 1136 sunt
1060 1080 1183 1136 camdem
1198 1079 1394 1150 professionem
1411 1081 1438 1134 in
1456 1081 1551 1136 eodem
1569 1081 1630 1136 loeo
1644 1081 1773 1151 regulari-

142 1190 195 1244 qne
211 1190 324 1244 persona
337 1175 525 1231 eurcmlatione
537 1175 646 1242 dignum
660 1171 822 1235 invenirent,
841 1176 930 1239 pasto
980 1179 1023 1226 ter
1035 1187 1064 1227 se
1074 1172 1242 1241 promisisse,
1259 1173 1355 1242 suique
1373 1173 1513 1238 misereri,
1528 1181 1557 1228 et
1569 1187 1585 1226 a
1599 1172 1718 1227 Doniino
1731 1180 1774 1227 re:

82 1278 92 1293 '¹
144 1266 191 1320 rali
208 1266 386 1329 auctoritate,
411 1264 560 1337 postposita
582 1260 929 1334 qualibcttorporisuegll-
980 1260 1115 1330 niampro
1130 1270 1204 1315 tanto
1222 1261 1342 1317 admisso
1361 1261 1418 1317 dari
1437 1261 1577 1317 bnmillter
1597 1259 1771 1331 flagitavere:

142 1359 230 1427 gentia
262 1358 303 1413 rel
335 1373 511 1427 personarum
542 1357 716 1426 acceptione,
743 1357 931 1410 incunctanter
980 1363 1033 1419 qua
1057 1348 1226 1405 confessione
1239 1348 1325 1416 facta,
1349 1349 1463 1405 cucullis
1476 1350 1517 1404 sui
1532 1350 1667 1420 proqmsiti
1681 1364 1773 1404 coram

142 1446 321 1516 corrigerent,
336 1452 363 1499 et
378 1445 412 1501 ad
424 1455 526 1500 statum
539 1446 709 1501 rectitudinis
722 1447 870 1516 perducere
884 1444 930 1498 de·
979 1447 1053 1494 eoetu
1075 1439 1262 1509 episcoporum
1283 1448 1311 1494 et
1332 1447 1493 1496 ceterorum
1504 1439 1691 1506 sacerdotnm,
1709 1455 1775 1495 cun·

142 1545 285 1591 cederent.
308 1537 409 1593 ilerum
420 1554 486 1594 cum
495 1537 561 1607 ipsi,
578 1549 671 1593 nostra
686 1536 778 1593 sedula
799 1536 928 1592 erborta·
979 1532 1069 1600 ctique
1084 1533 1221 1602 sequentis
1239 1533 1342 1589 ordinis
1354 1532 1434 1598 cleri,
1447 1533 1636 1602 nobiliumque
1651 1531 1774 1587 rimnrm

142 1632 214 1684 reone
224 1631 366 1698 allamma,
379 1646 483 1702 suaque
503 1632 596 1687 solerti
616 1631 803 1702 vigilantiana
818 1638 888 1685 statu
901 1638 928 1685 et
980 1636 1033 1675 non
1055 1623 1160 1678 rrrodiea
1184 1623 1286 1678 circum
1310 1623 1454 1679 assistente
1468 1623 1556 1685 naba,
1571 1637 1602 1678 se
1617 1622 1774 1687 induerunt,

142 1722 261 1791 profectu
277 1731 376 1779 sanetae
388 1725 526 1788 Ecclesiae,
541 1732 568 1779 ιι
580 1723 665 1779 sacris
675 1723 831 1789 ordinibus,
845 1723 928 1778 etlris
944 1702 965 1760 ¹3
979 1714 1471 1784 01111101110011101011οι00011110011110
1486 1714 1565 1769 sicuti
1583 1713 1636 1768 11111
1659 1713 1775 1783 1111011111

142 1826 200 1879 quae
216 1813 404 1868 emendatione
421 1813 501 1884 digua
522 1813 697 1878 videbantur,
713 1820 845 1867 contentu
859 1812 929 1881 apud
976 1800 1033 1870 111111
1045 1803 1176 1859 1110011010
1191 1803 1420 1873 101000011801111,
1436 1805 1470 1859 ib
1483 1813 1583 1858 811101ῑο
1596 1803 1775 1872 0101005100ἰῦ

142 1901 260 1956 Parisios
277 1901 399 1971 jussione
422 1911 514 1958 nostra
537 1903 628 1957 babilo
648 1911 757 1957 strenua
782 1909 809 1956 et
833 1901 928 1955 derota
979 1893 1118 1964 proposito
1133 1893 1267 1949 (1111101100
1283 1894 1507 1965 propulsarentur
1526 1895 1676 1961 instinctu,
1693 1911 1773 1967 10311·

141 1991 348 2059 perspicacitate
371 1984 539 2056 tractareut,
565 1991 637 2045 iuter
660 1982 758 2046 caetera
781 1990 867 2044 risum
889 1999 931 2045 cst
980 1983 1064 2038 1110111
1075 1984 1282 2054 prontisslonem
1296 1985 1470 2038 iteraverunt·
1489 1983 1557 2038 Pers
1570 1985 1689 2054 denique
1701 2000 1774 2054 quae·

140 2080 203 2142 illis,
217 2089 245 2133 nt
259 2082 452 2136 monasterium
467 2081 665 2150 praeclarissimi
682 2092 709 2137 ιι
725 2081 816 2136 eximii
828 2080 930 2135 Cbristi
980 2073 1160 2138 1011001010,
1174 2073 1212 2127 1111
1229 2073 1500 2144 10111001110111111110
1516 2072 1773 2144 1115111111100151110

142 2171 270 2242 martyris
283 2171 355 2226 beati
370 2172 488 2242 Dionysii
500 2172 688 2239 sociorumque
699 2172 766 2241 ejas,
779 2170 850 2239 qnod
864 2185 929 2225 coa-
980 2176 1045 2216 11010
1069 2162 1133 2229 0011,
1156 2171 1184 2217 01
1209 2179 1301 2218 0111010
1323 2162 1441 2218 1101111011
1461 2162 1613 2217 1111111110
1634 2163 1773 2235 religionis

142 2270 196 2316 stat
209 2270 344 2316 tantur-nna
360 2274 508 2335 rrrartyrum
525 2263 632 2319 nominc
650 2263 706 2318 Deo
719 2261 888 2327 delicatum,
903 2270 929 2316 ιι
979 2254 1119 2326 proposito
1139 2264 1167 2310 ιι
1183 2255 1290 2319 babitu,
1316 2256 1438 2326 apprime
1462 2254 1565 2323 absque
1584 2254 1639 2308 ulla
1655 2254 1772 2325 refraga-

142 2351 280 2420 aregibns
300 2349 465 2406 Franconrm
490 2352 762 2423 progenitoribusque
777 2351 928 2422 gloriaeno·
980 2347 1053 2401 tione
1068 2354 1115 2401 aut
1136 2345 1343 2415 interpolatione
1364 2345 1504 2414 elegerunt
1528 2341 1647 2399 viriliter
1667 2360 1774 2415 perma-

140 2452 205 2496 stne
216 2442 390 2512 amplissimis
403 2443 484 2499 rebus
500 2445 625 2510 ditatum,
639 2461 693 2514 qno
708 2445 734 2499 iu
750 2460 783 2499 eo
797 2444 928 2499 nrouasti·
980 2459 1055 2510 nere,
1072 2452 1100 2499 ct
1116 2444 1144 2497 in
1158 2442 1225 2498 cella
1241 2439 1361 2509 ejusdem
1380 2439 1490 2510 ruaioris
1507 2441 1685 2506 rnonasterii,
1701 2452 1773 2511 pust·

142 2549 190 2588 cns
213 2533 280 2588 ordo
300 2533 426 2604 religiose
449 2535 505 2590 Deo
531 2536 699 2601 deserviret,
721 2550 817 2606 magna
838 2550 929 2591 emen·
979 2551 1059 2605 qnam
1076 2535 1167 2591 ceteri
1182 2533 1357 2589 aronasticam
1375 2534 1457 2588 ritanr
1469 2541 1496 2587 et
1508 2532 1632 2588 habitum
1644 2534 1773 2587 deserue-

141 2624 249 2680 dationc
261 2632 289 2679 et
303 2627 471 2681 correctione
485 2643 552 2698 opns
564 2628 685 2694 baberet,
702 2628 828 2697 quoniam
847 2629 881 2684 ab
896 2642 929 2682 co
979 2637 1052 2692 runt,
1068 2642 1153 2697 usque
1168 2627 1202 2681 ad
1215 2626 1285 2681 banc
1298 2634 1398 2681 nostrae
1407 2625 1624 2681 demandationis
1638 2625 1771 2697 synodrmr

140 2715 211 2769 idern
222 2716 290 2772 ordo
302 2716 335 2771 ad
347 2717 493 2773 multorum
505 2719 662 2785 discrimen,
676 2719 748 2775 nulla
768 2721 929 2776 necessitate
980 2715 1100 2773 babilam
1122 2716 1240 2786 degere,
1259 2723 1324 2770 aute
1340 2715 1397 2784 jam
1417 2722 1585 2772 memoratos
1603 2715 1772 2770 venerabiles

140 2807 335 2876 prepediente,
360 2809 458 2866 nullius
473 2811 513 2866 rei
533 2811 621 2881 iuopia
636 2812 801 2876 obsistente,
821 2809 929 2882 penitus
980 2815 1072 2883 patres
1091 2815 1243 2870 verterunt,
1261 2806 1403 2876 locumque
1417 2805 1560 2875 pristinum
1575 2848 1583 2873 ,
1600 2807 1628 2861 in
1642 2798 1770 2877 quopro-

139 2905 198 2951 erat
210 2898 329 2954 avulsus.
356 2900 441 2967 Quam
456 2916 584 2968 causam,
610 2910 664 2958 tam
683 2918 731 2973 per
749 2918 780 2957 ιι
794 2917 930 2974 quamque
981 2900 1137 2957 missionem
1153 2900 1283 2962 fenerant,
1298 2907 1326 2954 ιι
1340 2898 1511 2966 regulariter,
1526 2898 1591 2955 licet
1603 2899 1696 2956 minus
1707 2914 1769 2970 per-

141 2996 168 3043 et
181 3005 230 3058 per
242 2989 421 3046 venerabilem
432 2992 645 3063 prudentemque
655 2993 740 3046 virum
763 2991 928 3056 llibluinum,
982 2990 1064 3053 fecte,
1078 2991 1219 3056 vixerant,
1241 2988 1292 3045 sibi
1315 2998 1343 3045 ct
1368 3003 1397 3045 ιι
1414 2989 1551 3059 pellemut
1570 2993 1631 3046 loeo
1651 2990 1770 3055 matri,

140 3082 282 3136 nrcruorati
304 3083 462 3139 monasterii
486 3083 641 3154 religiosum
663 3084 802 3148 ablatem,
830 3047 963 3138 nostraec
981 3097 1096 3152 quornm
1110 3082 1224 3137 senrotio
1234 3081 1269 3136 ob
1282 3080 1307 3136 id
1320 3081 1467 3146 acciderat,
1483 3080 1626 3151 qnoniam,
1638 3082 1771 3152 utpraedi·

140 3171 296 3227 serenitatis
308 3173 420 3229 auribus
433 3174 637 3240 irrtimavemut,
651 3175 689 3230 uti
705 3184 796 3232 nostra
807 3174 929 3244 piissima
981 3173 1080 3238 ximus,
1095 3188 1155 3228 rnox
1170 3180 1200 3227 nt
1211 3171 1301 3227 dirlna
1316 3173 1436 3243 dignatio
1455 3188 1505 3229 nos
1523 3181 1637 3242 paterna
1651 3173 1715 3230 sede
1725 3187 1771 3229 stt-

140 3260 275 3332 imperiali
287 3271 420 3333 potestate
434 3280 484 3334 per
496 3281 589 3321 corum
606 3267 794 3322 auctoritatem
808 3265 928 3336 corrige·
980 3273 1071 3335 scepta
1095 3263 1281 3334 imperialibus
1302 3263 1417 3334 sceptris
1442 3261 1521 3318 inuiti
1544 3263 1649 3328 voluit,
1664 3264 1715 3334 pie
1729 3264 1769 3319 in·

141 3359 225 3406 retur.
248 3348 326 3409 llnde
346 3354 464 3424 dignitas
483 3355 589 3425 imperii
605 3355 690 3411 nostri
706 3364 844 3411 tantorum
858 3356 929 3410 viro·
981 3358 1109 3414 terrtiouis
1124 3365 1223 3413 nostrae
1241 3357 1393 3414 sollicitudo
1410 3359 1522 3428 exsequi
1544 3359 1722 3429 procurarit,
1742 3367 1772 3414 ιι

139 3458 199 3496 rum
215 3443 422 3500 saluberrimam
441 3446 662 3510 admonitionem,
681 3455 708 3501 et
720 3446 838 3517 ejusdem
849 3462 929 3502 reue·
980 3448 1085 3519 religio,
1104 3448 1187 3505 decor
1204 3455 1232 3504 ιι
1247 3449 1336 3504 onmis
1354 3449 1481 3504 honestas
1502 3463 1518 3503 a
1537 3448 1638 3503 domno
1655 3456 1683 3502 et
1695 3449 1768 3519 geui-

140 3536 234 3593 rabilis
263 3537 370 3592 abbatis
396 3536 513 3592 liilduini
539 3553 634 3609 preces
662 3538 827 3594 lruruiliimas
854 3554 929 3594 more
981 3539 1229 3595 toronostrodlrae
1240 3540 1377 3595 memoriae
1387 3538 1768 3609 Carolocoeptaetinstitnta,

139 3625 344 3698 tranquillitatis
374 3636 473 3682 nostrae
497 3629 576 3685 solito
602 3637 742 3699 grauanter
762 3628 929 3700 benigneque
981 3629 1082 3701 liquido
1104 3638 1132 3686 ct
1154 3630 1302 3696 veraciter,
1328 3637 1429 3685 remota
1444 3629 1519 3687 omni
1535 3629 1726 3695 simulatione,
1741 3630 1769 3684 iu

138 3716 300 3786 suscipiens,
325 3725 407 3786 atque
425 3717 452 3772 in
471 3719 596 3774 omnibus
613 3718 927 3790 emendabilejudicans,
980 3723 1096 3793 propriis
1117 3723 1270 3793 quibusque
1295 3731 1416 3777 maneret
1439 3730 1468 3777 et
1491 3721 1596 3791 rigeret
1617 3721 1768 3778 ordinibus.

137 3822 173 3861 ne
182 3805 250 3860 tanti
264 3805 367 3861 ordinis
383 3806 513 3877 collapsio
527 3807 622 3862 salutis
637 3815 737 3863 nostre
751 3823 859 3878 quoquo
872 3826 929 3865 mo-
980 3812 1058 3870 Unde
1077 3813 1111 3868 ad
1134 3815 1290 3869 monasticae
1309 3810 1485 3868 iustitutionis
1496 3828 1619 3868 normam
1633 3813 1770 3884 corrigen-

138 3898 173 3952 do
188 3896 265 3954 fieret
277 3898 423 3959 damuatio,
434 3898 470 3952 ad
483 3900 592 3955 eosdem
605 3899 734 3968 praesules
747 3898 928 3955 Ecclesiamm
980 3903 1052 3967 darn,
1068 3903 1135 3958 diros
1147 3903 1286 3974 religiosos
1300 3911 1328 3957 ιι
1339 3901 1500 3958 venerabilis
1513 3902 1578 3957 ritae
1589 3902 1676 3969 viros,
1689 3901 1770 3959 Deae

138 3986 209 4042 idem
225 3989 380 4044 censuimus
399 3989 494 4045 referri
515 3990 664 4061 negotium,
686 3997 715 4044 ut
730 3989 814 4044 nostri
829 3990 929 4059 princi·
981 3993 1082 4048 dictum
1094 4000 1121 4047 ιι
1135 3993 1276 4048 Amulium
1292 3993 1420 4058 abbates,
1440 3991 1645 4057 constituimus,
1658 3993 1705 4063 qui
1723 4006 1770 4063 per

43 4086 46 4091 '
138 4085 217 4147 patus
241 4079 405 4134 auctoritate
428 4093 577 4148 corumque
592 4078 708 4148 judicio,
733 4078 832 4148 equibus
854 4086 926 4133 taum
982 4092 1104 4139 nostrum
1126 4100 1141 4139 a
1159 4084 1214 4140 Deo
1231 4083 1436 4155 gubernandum
1448 4092 1476 4139 et
1491 4084 1710 4140 conservandum
1721 4085 1771 4139 im

137 4178 178 4225 est
192 4170 291 4226 collata
307 4180 426 4241 potestas
439 4186 454 4225 a
469 4170 599 4236 Domino,
623 4170 694 4226 idern
714 4171 781 4226 ordo
795 4169 927 4225 incudem
979 4173 1084 4244 perium
1107 4174 1193 4230 seduli
1207 4174 1270 4230 hnic
1283 4173 1391 4245 negotio
1409 4173 1529 4229 studiose
1542 4174 1715 4231 insisterent.
1738 4175 1771 4230 li-

140 4261 199 4316 loco
221 4263 322 4331 absque
346 4263 538 4317 retractatione
565 4264 762 4318 restitueretur.
784 4263 929 4317 Venientes
980 4265 1042 4320 dent
1060 4280 1124 4320 roro
1137 4264 1200 4321 boni
1221 4271 1249 4320 ιι
1264 4264 1369 4329 devoti,
1394 4263 1442 4319 sed
1458 4262 1656 4333 simplicissimi
1669 4271 1771 4334 patres,

139 4367 205 4420 crgo
225 4350 351 4406 bidricus
370 4352 539 4422 metropolita
555 4351 705 4408 Scrronicus
720 4369 780 4409 eum
797 4352 927 4424 suffraga·
980 4371 1061 4425 supra
1087 4363 1294 4411 memoratorum
1314 4354 1428 4410 fratrom
1452 4353 1602 4409 calliditate
1621 4363 1653 4410 et
1673 4354 1771 4409 duritia

138 4443 197 4497 aleis
214 4442 280 4509 suis,
294 4458 344 4498 uec
359 4459 411 4497 nou
420 4452 448 4498 et
462 4443 518 4499 Ebo
532 4445 702 4514 metropolita
717 4447 926 4501 Durocortorum
940 4420 967 4481 D
981 4461 1083 4516 suaque
1098 4444 1271 4516 simplicitate
1284 4445 1412 4509 abducti,
1431 4458 1486 4500 non
1501 4443 1602 4510 studio,
1618 4445 1670 4500 sed
1685 4445 1772 4500 miuus

137 4549 199 4590 com
210 4532 387 4605 suflraganeis
402 4535 458 4591 suis
472 4536 506 4591 ad
523 4544 702 4593 memoratam
720 4537 925 4600 monasterium,
981 4537 1072 4595 subtili
1089 4543 1117 4592 ct
1138 4536 1290 4592 necessaria
1312 4534 1520 4607 investigatione
1541 4543 1571 4591 ιι
1588 4537 1771 4607 providentia,

137 4625 231 4679 babilo
246 4635 399 4692 eorrt'entu,
418 4627 623 4696 primumquod
640 4626 711 4683 idem
730 4627 925 4683 monasterinm
980 4627 1105 4683 fallentes
1118 4627 1223 4696 eosqui
1238 4627 1265 4680 ia
1278 4626 1413 4682 soliditate
1429 4641 1484 4682 suae
1498 4626 1631 4697 pmlessae
1644 4626 1772 4684 saltatio·

137 4716 225 4772 ordini
240 4718 391 4772 monastico
406 4727 602 4783 constructum,
619 4720 791 4783 dedicatum,
806 4728 834 4773 et
847 4721 927 4774 rebus
980 4718 1022 4774 nis
1032 4720 1255 4789 perduraverunt,
1269 4733 1285 4771 a
1297 4717 1461 4772 monasterio
1478 4726 1673 4786 removerunt,
1691 4728 1771 4792 atque
1787 4776 1790 4780 ,

136 4806 250 4861 ditatum
263 4805 359 4872 luerit,
383 4816 411 4861 et
434 4808 460 4862 in
474 4822 506 4863 eo
522 4809 579 4877 ipse
592 4808 660 4863 ordo
674 4808 804 4876 usquead
819 4816 925 4878 tempus
980 4810 1007 4866 iu
1031 4818 1179 4865 memorata
1202 4808 1269 4864 cella
1290 4808 1505 4874 collocaverunt;
1523 4816 1553 4864 ct
1570 4808 1635 4866 illos
1647 4812 1697 4882 qui
1711 4822 1771 4883 pm·

136 4909 190 4966 quo
213 4901 318 4964 sceptra
340 4896 510 4966 imperialia,
533 4912 650 4967 superna
672 4896 804 4967 largiente
824 4899 924 4969 gralia,
977 4900 1043 4970 prim
1055 4899 1203 4954 roluutatis
1219 4899 1310 4954 libitus
1324 4915 1378 4954 non
1393 4898 1491 4954 virtute
1505 4900 1553 4955 sed
1566 4902 1690 4956 versutia
1700 4918 1772 4973 qna·

136 4984 278 5040 clementia
302 4996 395 5040 nostra
420 4986 556 5057 suscepit,
578 4996 605 5040 ct
621 5002 702 5058 supra
718 4990 858 5043 memorati
874 4989 933 5047 llil.
977 4990 1091 5053 sierunt,
1114 5003 1145 5042 ae
1166 4988 1234 5043 collo
1259 4987 1357 5044 desub
1375 4986 1441 5058 jugo
1461 4986 1564 5059 regulae
1580 5003 1702 5047 excusso
1715 4991 1774 5046 loro

138 5075 211 5130 dnini
227 5074 332 5131 abbatis
345 5076 529 5145 praelationem
542 5077 639 5133 ibidem
650 5086 787 5157 utcunqup
798 5079 923 5149 riguerit,
977 5078 1155 5149 distigatioris
1180 5080 1241 5133 rite
1263 5078 1353 5144 soluti,
1374 5076 1497 5147 ampliori
1517 5077 1619 5135 itinere
1631 5081 1773 5139 ooelesteru

136 5165 288 5221 manifestis
304 5167 420 5232 indiciis,
436 5183 584 5239 regumque
601 5171 719 5240 antiquis
740 5181 768 5225 ιι
789 5171 925 5226 modernis
977 5168 1091 5241 patriam
1106 5176 1198 5236 petere
1215 5176 1278 5222 sum
1289 5167 1395 5232 eonati,
1420 5167 1448 5222 iu
1462 5166 1609 5224 domiciliis
1629 5171 1773 5227 reverendi

135 5260 294 5330 praecptis,
318 5268 345 5315 et
362 5260 550 5331 episcoporum
567 5261 734 5331 privilegiis,
754 5277 785 5315 ae
806 5261 924 5317 fidelium
977 5259 1085 5315 babitus
1099 5267 1126 5313 et
1140 5259 1202 5313 ritas
1214 5259 1368 5314 monasticae
1382 5258 1559 5328 reliquerunt.
1578 5258 1636 5317 Sed
1651 5261 1771 5319 laudabi-

78 5407 84 5420 ,
136 5349 335 5417 donationibus,
357 5351 445 5422 palam
462 5353 567 5407 erraretis
584 5363 624 5408 est
640 5351 750 5407 factum.
772 5353 873 5408 Deinde
886 5353 926 5408 di·
975 5348 1028 5404 iius
1041 5350 1069 5404 bi
1089 5357 1179 5419 patres
1199 5348 1326 5404 Ecclesiae
1348 5349 1511 5405 anctoritate
1532 5365 1583 5407 sua
1598 5352 1775 5426 digmepsti-

135 5435 263 5506 ligeutenr
275 5441 477 5510 inquisitionem
494 5441 617 5500 fecerunt
634 5459 716 5512 super
729 5443 771 5498 lais
783 5443 828 5514 qui
843 5444 869 5498 in
881 5460 926 5499 eo-
974 5443 1041 5497 tiorri
1053 5441 1176 5506 fratrum,
1194 5457 1262 5511 qnos
1274 5441 1301 5494 iu
1315 5457 1370 5496 sua·
1383 5441 1523 5513 religionis·
1535 5442 1641 5500 virtute
1651 5445 1773 5501 diximus

136 5524 195 5580 elem
207 5528 266 5584 loeo
279 5532 428 5602 regularem
442 5535 650 5603 promissionem
661 5534 800 5607 fecerunt.
816 5534 854 5590 Ex
867 5536 926 5606 qni-
974 5533 1172 5605 permansisse,
1191 5533 1255 5601 quia
1267 5533 1307 5588 sie
1320 5531 1405 5587 nostri
1420 5547 1549 5588 assensus
1562 5531 1654 5603 jussio
1674 5536 1773 5600 fuerat,

136 5611 187 5669 bns
208 5619 334 5687 equidem,
360 5624 405 5692 qm
429 5625 551 5680 camdeni
578 5624 771 5695 professionem
794 5625 924 5693 fecerant,
975 5632 1144 5690 annuentes,
1169 5621 1365 5679 rationabiliter
1379 5623 1548 5680 etcauonice
1564 5624 1772 5686 satisfecerunt.
