3832 6120
113 258 168 319 165
411 322 417 335 ,
663 273 728 331 tta.
749 272 936 333 ADVERSUS
954 276 1185 362 rannsGtSb'tt.
1699 294 1747 353 tna

109 384 274 450 interpretes
284 380 465 453 judaizantes,
478 394 505 441 et
517 386 647 453 haretici,
661 390 779 461 sAquila
791 391 905 456 scilicet,
921 391 1095 452 amentibus
1119 395 1301 464 apostolorum
1321 397 1436 469 inludit,
1456 403 1635 461 rusticitatem
1659 411 1748 478 potins

107 483 137 527 ct
152 471 311 538 Theodosio,
326 489 359 530 ac
380 474 575 548 Symmachum
589 493 623 535 ex
637 483 735 551 quibus
749 498 820 538 unns
840 482 905 536 iecit
953 493 1002 549 par
1020 495 1067 538 eos
1084 497 1165 553 quam
1180 486 1348 545 nobilitatem
1367 492 1577 566 uniuscnjusque
1599 498 1696 570 linguas
1708 501 1746 558 lo·

108 562 177 618 dnae
191 563 325 619 editiones
346 564 418 620 inter
431 581 461 622 se
473 568 653 626 dissonantes.
676 572 799 627 Fuerunt
820 573 902 626 etism
953 577 1046 625 cutum
1065 587 1157 630 esse.»
1181 575 1244 632 llaec
1261 593 1316 648 qna
1338 581 1488 638 intentione
1502 584 1635 654 dixeritis,
1658 591 1747 650 nullus

107 651 198 707 hatiru
213 653 307 723 aliqui,
321 670 389 725 qnos
409 655 590 730 llieronpmus
601 660 743 732 presbyter
756 663 903 733 reprehen-
953 673 1046 716 aarum
1062 664 1108 732 qui
1122 665 1208 720 otiosa
1222 665 1295 737 loqui
1310 671 1416 736 timent,
1432 674 1595 746 intelligent;
1611 679 1663 735 nisi
1677 680 1748 738 torte

106 745 148 799 dit
165 744 193 799 in
208 744 262 803 illis
283 746 378 815 ntique
390 749 605 818 praelationibus,
620 766 688 821 quas
704 753 853 822 proposuit
868 753 901 807 li·
952 749 1005 804 hoc
1015 753 1097 807 etiarn
1116 754 1195 810 nobis
1207 757 1310 813 crimen
1326 763 1518 830 superadditis,
1534 769 1612 836 quasi
1635 771 1745 827 rustici·

104 835 165 892 bris
185 851 256 906 quos
269 836 302 891 de
314 836 417 893 Graecis
432 838 459 892 in
474 837 600 895 Latinum
623 848 668 895 aut
693 840 840 908 transtulit,
855 849 903 898 ant
952 841 1017 897 tatis
1029 845 1259 913 reprehendamus
1283 847 1414 921 Spiritum
1430 866 1564 912 sanctum.
1579 859 1656 926 Quod
1670 863 1693 918 si
1708 863 1745 918 ita

104 927 281 993 emendarit;
308 928 379 984 sicut
409 929 437 984 in
463 929 508 984 illa
536 931 696 1001 praelatione
721 949 802 1003 quam
823 933 901 1002 justa
951 941 1005 998 est,
1020 933 1114 1002 idest,
1130 937 1176 992 tali
1192 937 1341 997 interitione
1362 942 1415 998 ista
1434 945 1534 1012 dicitis,
1550 951 1616 1018 quid
1637 952 1672 1006 ad
1686 952 1744 1009 haec

104 1016 229 1074 Graecam
243 1020 460 1076 emendationem
473 1022 500 1077 in
516 1020 586 1077 libro
604 1023 677 1079 beati
691 1022 742 1079 lob
759 1025 838 1091 lecit,
859 1042 903 1081 as·
952 1027 1117 1095 respondere
1138 1030 1285 1099 possimus,
1301 1034 1374 1089 nisi:
1390 1036 1450 1107 lpse
1471 1041 1639 1098 occultorum
1654 1046 1746 1116 cogni-

104 1125 200 1167 serens
210 1110 283 1180 quod
295 1110 367 1167 idem
387 1110 457 1166 liber
471 1113 543 1182 apud
557 1113 668 1168 Latinos
683 1115 720 1169 ita
731 1123 790 1170 erat
804 1117 901 1173 dccur-
951 1120 1006 1180 tor,
1031 1115 1153 1171 cordium
1177 1121 1265 1185 tcstis,
1289 1130 1426 1181 scrutator
1448 1141 1555 1196 renum,
1576 1132 1746 1204 omnipotens

104 1208 189 1266 tatus,
204 1216 397 1271 conrosusque,
413 1209 444 1256 ιιι
464 1201 614 1259 sceditatem
634 1220 711 1259 suam
730 1207 838 1276 publice
861 1207 901 1262 le·
950 1202 1023 1260 Dctts
1037 1206 1139 1274 videat,
1160 1217 1189 1265 et
1208 1211 1310 1268 audiat.
1331 1214 1415 1270 Extra
1428 1218 1481 1273 hoc
1496 1228 1585 1276 autem
1600 1226 1671 1293 qnod
1693 1226 1746 1283 tale

103 1293 231 1364 gestibus
243 1292 409 1348 ostenderet.
421 1294 468 1350 Sic
479 1296 562 1349 etiam
578 1295 605 1350 iu
618 1295 680 1351 aliis
690 1297 755 1353 locis
767 1298 898 1367 quosdam
949 1295 1120 1368 sacrilegium
1132 1300 1211 1356 nobis
1225 1302 1374 1374 impingere
1387 1307 1526 1375 videmini,
1538 1323 1650 1383 apparet
1662 1316 1744 1371 ctiam

103 1383 280 1454 reprehendit
292 1384 465 1455 interpretes.
948 1385 976 1440 in
992 1387 1035 1443 his
1052 1389 1143 1445 verbis
1156 1393 1256 1447 restris
1274 1397 1347 1463 quod
1361 1396 1399 1450 ita
1413 1392 1538 1456 sentiatis
1551 1403 1585 1458 de
1604 1406 1745 1475 prophetis

139 1471 174 1526 x.
188 1471 253 1528 liaeo
265 1471 300 1526 do
315 1472 509 1542 interpretibus
523 1474 625 1531 idcirco
638 1476 674 1530 ita
692 1476 817 1543 dicimus,
833 1479 897 1548 quia
948 1484 976 1531 et
989 1477 1128 1547 apostolis,
1144 1487 1174 1534 ut
1196 1497 1249 1536 nou
1264 1483 1351 1538 solum
1366 1502 1476 1543 sensnm
1490 1492 1702 1562 praedicationis,
1716 1505 1746 1552 ct

102 1562 227 1633 magistri
245 1561 377 1632 speciales
391 1578 445 1617 non
459 1578 553 1620 omncs
567 1566 708 1634 equaliter
725 1577 895 1637 receperim,
948 1567 1041 1623 modos
1053 1569 1095 1624 vel
1108 1581 1267 1641 argumenta
1282 1573 1431 1632 dictionum
1447 1577 1565 1650 Spiritus
1579 1595 1690 1641 sauctus
1702 1588 1746 1643 eis

102 1661 152 1709 sut
166 1652 350 1709 indifferenter
362 1652 551 1720 laudaverunt,
567 1657 639 1711 sicut
656 1672 704 1712 ros
719 1656 810 1713 lacere
822 1660 897 1714 ride·
948 1655 1131 1727 inspiraverit,
1157 1662 1205 1715 sed
1228 1663 1311 1717 etiam
1333 1665 1389 1735 ipsa
1415 1669 1567 1737 corporalia
1588 1672 1671 1727 verba
1694 1689 1743 1729 es·

102 1747 188 1813 nitri,
201 1760 288 1816 aequm
310 1746 438 1802 omnibus
453 1749 594 1818 aequaliter
609 1748 690 1805 sudem
705 1749 895 1805 adhibuerunt.
910 1742 935 1802 B
949 1747 1082 1803 trinsecus
1096 1749 1124 1803 in
1136 1764 1185 1805 ora
1204 1752 1312 1808 illorum
1325 1755 1384 1824 ipse
1397 1755 1566 1816 sormaverit.
1579 1760 1655 1829 Quod
1670 1764 1692 1819 si
1705 1764 1746 1821 ita

103 1836 354 1908 &expositoribus
374 1854 483 1912 quoque
503 1840 587 1895 mutio
601 1841 684 1896 altres
696 1857 779 1911 quam
793 1856 841 1897 vos
857 1843 898 1898 qi.
949 1837 1066 1899 sentitis,
1078 1849 1179 1908 quanta
1192 1842 1347 1900 absurditas
1357 1856 1486 1915 sequetur
1496 1851 1557 1918 quis
1570 1852 1744 1912 dinumerare

102 1930 176 1990 sitis.
188 1930 282 1989 beatas
301 1931 382 1987 Pater
403 1933 571 2004 Augustinus
594 1935 741 1989 tenendum
763 1936 894 1990 tradidit:
948 1929 1065 1997 poterit?
1078 1930 1112 1985 Εῑ
1128 1932 1265 2003 inprimis
1283 1938 1404 2006 quidem,
1418 1946 1448 1993 ut
1467 1950 1547 1997 caute
1563 1943 1685 2002 scicnuae
1697 1962 1745 2003 ve.

102 2021 151 2093 qut
166 2038 221 2078 aon
236 2025 324 2080 mum
338 2026 372 2080 ue
385 2026 439 2081 tun
460 2027 506 2098 qu
523 2029 680 2098 reprehens
698 2037 762 2084 suro
777 2031 895 2086 ancre
948 2022 1012 2071 aas
1035 2015 1187 2089 loquamur,
1207 2025 1389 2082 recordamini
1414 2029 1480 2099 quta
1503 2030 1607 2103 troyses
1630 2035 1745 2093 Domino

102 2112 188 2175 ribus,
201 2114 284 2170 eciam
305 2116 338 2171 ue
353 2117 565 2187 probatissimis,
578 2119 606 2173 j„
618 2118 689 2174 libro
702 2134 782 2189 quem
802 2120 898 2175 adver.
947 2105 1030 2171 dicat,
1046 2123 1108 2163 oum
1125 2125 1155 2165 se
1171 2122 1316 2170 excusaret
1332 2131 1368 2172 ne
1388 2119 1421 2172 ad
1437 2118 1607 2178 Pharaonem
1622 2116 1753 2184 mittere-¹

50 2205 65 2215 ·
102 2219 150 2261 sos
162 2203 292 2262 reustum
313 2207 489 2264 nantensis
509 2211 626 2279 scupea,
641 2210 680 2264 ns
695 2209 780 2265 unas:
797 2208 897 2276 ronna
937 2204 1004 2265 aar,
1020 2214 1146 2257 assensn
1160 2216 1190 2258 se
1210 2205 1319 2275 sociis
1340 2221 1401 2263 ens
1423 2211 1499 2267 vocs
1520 2221 1547 2267 er
1564 2213 1745 2284 israeliticae

100 2311 189 2369 genos
208 2296 377 2364 litterarum,
397 2299 424 2353 id
446 2307 505 2365 est,
524 2301 739 2372 expositionum,
756 2316 811 2357 non
833 2316 897 2368 cnm
948 2286 1056 2361 lindim-
1072 2290 1121 2348 0²¹¹
1144 2292 1275 2351 ⁰⁰¹¹¹i¹¹¹¹⁸
1291 2311 1463 2368 ”wiltuim
1482 2303 1630 2372 ¹08P0¹¹t¹ils
1646 2304 1743 2363 Manli·

100 2387 231 2442 eredendi
244 2389 419 2455 ncaessttste,
433 2389 480 2444 sed
492 2404 555 2444 cum
569 2389 707 2459 junianus
721 2392 847 2451 leheman
858 2393 898 2450 ιθ.
948 2381 1001 2449 ris;
1024 2383 1072 2439 sed
1086 2400 1209 2441 annuens
1221 2388 1384 2456 obsecranti,
1399 2391 1456 2445 ait:
1470 2392 1539 2447 licre
1552 2393 1641 2450 Aaron
1659 2398 1760 2466 trater·

100 2479 223 2552 gentiunt
237 2488 291 2535 est
312 2479 368 2536 Soli
389 2495 506 2552 namque
527 2483 625 2538 divina
639 2485 813 2542 auctoritatis
833 2486 897 2542 libri
947 2480 1020 2539 Μ’,
1033 2475 1088 2528 *0ὶο
1101 2475 1171 2546 Μ
1184 2475 1307 2548 ‘flium
1323 2480 1358 2534 ¹⁸7
1368 2496 1378 2535 ·'
1395 2481 1450 2551 ’Ῥω
1466 2485 1515 2538 “5⁸
1526 2485 1651 2555 propiata
1663 2496 1744 2545 lm:

101 2569 294 2642 mmmm,
307 2584 360 2626 nm
381 2585 443 2626 fflm
452 2569 591 2641 judam
610 2573 746 2641 nimpe,
766 2575 815 2633 „g
834 2588 897 2632 m
948 2567 977 2615 ts
990 2559 1106 2634 tauris
1126 2563 1161 2618 art
1182 2580 1253 2631 aar,
1267 2575 1293 2621 et
1309 2566 1353 2622 itte
1370 2567 1492 2640 thsrtsr
1509 2572 1545 2626 ad
1564 2573 1741 2632 Pharaonem.

101 2660 230 2717 maenus
248 2662 419 2717 mpure,
436 2661 524 2729 qm
544 2663 660 2720 somam
679 2664 823 2737 Amr„
842 2674 899 2722 qn.
947 2648 1086 2708 Attendite
1096 2652 1160 2723 quia
1175 2654 1198 2710 si
1212 2656 1360 2711 modum
1375 2671 1422 2714 ros
1435 2659 1493 2730 ipsa
1514 2662 1597 2717 rerba
1614 2678 1743 2736 corpora-

101 2751 174 2808 fidic
194 2752 287 2808 dim
298 2766 306 2807 :
318 2751 437 2823 εριήω
454 2753 534 2808 „aare
552 2756 727 2827 mamm,
748 2756 898 2828 ‚mappa
948 2740 983 2798 lia
998 2743 1025 2799 iu
1039 2758 1087 2801 ore
1101 2745 1186 2818 lloysi
1200 2748 1322 2804 mutoth
1336 2747 1396 2818 dus
1409 2760 1499 2818 erant,
1514 2760 1543 2809 et
1557 2769 1608 2810 ror
1621 2770 1683 2827 qus
1696 2774 1741 2815 so·

101 2839 184 2896 solta
196 2857 326 2912 spernus,
338 2845 428 2897 omnio
438 2844 736 2917 compressissent
749 2846 845 2902 domas
859 2855 898 2903 ert
948 2835 1042 2899 mliii»
1055 2850 1140 2906 (lum
1150 2851 1216 2909 0¹8⁰
1228 2839 1338 2910 8¹²0„ss
1358 2843 1428 2897 '⁰¹²
1441 2857 1526 2912 (ilffl'li
1545 2858 1612 2916 “8⁰
1628 2846 1744 2917 imP‘v‘tfl·

101 2941 197 2998 tenete,
209 2932 243 2987 ab
257 2934 328 2988 oanni
339 2935 424 3006 specie
437 2935 508 2989 mma
522 2936 649 2992 alarinen
662 2955 717 2993 ror.
732 2938 762 2993 ln
775 2939 828 2995 hoe
838 2939 897 2996 loco
948 2924 1001 2980 ⁸5⁰¹
1014 2928 1122 2983 “⁸⁹⁰²
1133 2926 1225 2984 ΑΜΒ
1237 2937 1296 2984 ‘rm‘
1308 2932 1440 3002 P'PPhela
1453 2933 1548 3004 fl⁰l⁸ir
1562 2934 1666 3007 M⁰i⁸²⁵
1679 2953 1743 3008 lim·

101 3021 242 3092 apostolns
255 3021 355 3095 Paulas
368 3024 527 3093 prophetias
541 3025 610 3080 dixit
624 3026 898 3098 doetrinasetexpo·
948 3016 1028 3085 Ph⁸¹³
1044 3016 1102 3071 ⁰0¹·
1122 3017 1213 3084 ΟΜΝ
1229 3034 1295 3090 0¹8⁰
1317 3021 1456 3078 ῐθῦΰῦῐῑθῐ
1477 3037 1529 3079 V⁰¹
1546 3032 1573 3078 0¹
1592 3028 1744 3096 e¹Ptltfill⁰r

102 3113 219 3170 saram
232 3113 386 3178 morum,
399 3116 470 3168 saur
484 3113 547 3169 stru
565 3115 684 3170 tristano
699 3116 812 3172 urceis:
827 3116 896 3172 nra·
910 3095 933 3159 C
949 3121 1040 3162 sarran
1061 3109 1089 3163 in
1108 3110 1241 3178 propbeta
1263 3109 1346 3181 noys
1369 3127 1451 3182 quan
1474 3113 1502 3168 tn
1523 3115 1655 3184 prapaes
1678 3118 1745 3173 nest

101 3203 187 3275 phetae
196 3204 251 3258 dato
261 3212 306 3257 ost
321 3213 373 3259 trra
384 3203 485 3270 dicarat,
498 3214 522 3259 et
535 3207 623 3260 anteri
634 3205 782 3277 dijudicent
795 3206 821 3278 (l
833 3205 896 3262 Cor.
949 3196 1075 3267 Nunquid
1094 3208 1122 3254 0¹
1136 3200 1188 3255 ¹¹⁰0
1209 3201 1316 3266 Viliuffls
1331 3203 1509 3273 imvililtleffl
1534 3206 1639 3263 scillcet
1658 3209 1744 3280 vada,

104 3313 161 3363 nr,
175 3296 302 3368 29).Non
317 3297 390 3352 iliam
405 3299 575 3368 prophetiam
586 3298 620 3352 de
634 3313 687 3368 qua
702 3299 898 3369 apostolnsPe
948 3298 977 3345 dl
997 3291 1097 3362 linguat}
1122 3291 1326 3361 impeditionem
1349 3292 1462 3365 Spiritui
1485 3306 1581 3353 taneto
1599 3299 1746 3356 tnbnetist

104 3396 165 3444 trus
177 3388 234 3443 stas
248 3386 310 3444 lton
323 3389 393 3445 enim
407 3387 538 3443 nolanam
557 3388 673 3442 numana
693 3389 776 3443 atim
790 3398 829 3444 m
846 3389 898 3444 aas.
950 3380 1046 3437 llestat
1060 3396 1125 3451 ergo
1140 3391 1169 3436 nt
1187 3383 1257 3437 sieut
1270 3384 1423 3439 ministerio
1436 3386 1559 3456 angelico
1571 3402 1624 3443 rox
1643 3390 1744 3445 articu-

102 3480 211 3553 ῃαηάο
223 3480 369 3551 prophetin,
381 3479 428 3534 sed
443 3477 545 3550 Spiritu
567 3487 659 3534 wareto
681 3480 802 3551 inspirati
816 3481 898 3536 locuti
948 3472 1004 3527 lata
1021 3474 1137 3529 formala
1154 3482 1197 3529 esi
1209 3474 1237 3529 in
1251 3489 1299 3530 ore
1312 3476 1405 3541 asinio,
1429 3478 1466 3532 ila
1477 3477 1576 3535 dicatis
1592 3480 1702 3537 l'ottml'i
1716 3483 1745 3536 in

103 3580 166 3627 esst
179 3573 264 3626 macti
277 3570 326 3625 Dei
338 3571 467 3624 homines.
481 3588 491 3622 r
599 3629 607 3642 ο
948 3579 997 3619 ore
1013 3565 1217 3634 prophetarum.
1231 3565 1265 3620 Et
1280 3574 1345 3622 tune
1358 3567 1421 3623 talis
1437 3569 1520 3623 etiarn
1533 3571 1687 3626 absurditas
1703 3587 1745 3628 se-

139 3663 185 3720 xl
197 3661 262 3719 hae
274 3662 366 3717 omnia
386 3661 487 3717 idcireo
504 3660 630 3728 dicimus,
642 3671 672 3717 ut
685 3670 815 3732 appareat
834 3662 898 3734 quia
949 3664 1055 3726 queam,
1071 3664 1101 3711 ut
1116 3657 1139 3712 si
1157 3657 1205 3710 tali
1217 3658 1298 3712 nrodo
1310 3659 1393 3714 verba
1407 3668 1435 3714 et
1448 3675 1528 3715 noces
1540 3661 1685 3715 verborum
1699 3677 1745 3718 ac-

103 3771 189 3828 quam
203 3753 303 3823 iniuste
317 3769 333 3809 a
346 3753 424 3810 vohis
444 3753 631 3820 criminamur,
652 3769 714 3810 cum
738 3755 829 3810 dicitis
848 3769 898 3810 nos
948 3757 1095 3817 oeperunt·
1117 3761 1227 3804 sensum
1251 3749 1418 3821 ignorarant·
1438 3749 1494 3805 Sed
1508 3752 1579 3806 absit
1598 3752 1660 3807 talia
1674 3754 1743 3808 dcli-

103 3849 316 3920 reprehensores
330 3846 515 3917 apostolorum
528 3845 721 3901 ctdirinarum
744 3845 898 3916 Scriptura-
949 3849 1072 3896 ramenta
1086 3841 1215 3911 cogitare.
1228 3839 1316 3897 Nessi
1331 3843 1364 3896 de
1374 3841 1529 3910 eloquentia
1540 3841 1615 3895 Pauli
1629 3845 1745 3913 apostoli

102 3953 167 3995 ram
184 3951 256 4004 essa,
278 3945 333 3992 tam
354 3937 454 4008 injuste
473 3936 516 3991 vel
536 3936 626 4007 potius
639 3936 655 3978 b
670 3936 753 3991 multo
772 3935 899 4004 injustius
950 3932 1051 4002 aliqrxld
1073 3932 1203 3999 diximus,
1223 3934 1306 3986 verba
1333 3931 1489 4003 llieronymi
1508 3933 1626 3989 doctoris
1652 3937 1745 4006 posui·

101 4043 280 4102 qnosaraqre
294 4029 456 4100 interpretes
473 4035 554 4098 atque
570 4028 738 4099 expositores
753 4029 900 4097 coaequatis
947 4038 1020 4089 mus,
1038 4025 1138 4093 quibus
1152 4024 1178 4078 in
1192 4024 1308 4093 quodam
1324 4023 1384 4079 loco
1398 4024 1456 4079 ait:
1474 4041 1483 4075 r
1500 4022 1549 4092 Qui
1565 4033 1661 4095 putant
1676 4029 1746 4084 Pan·

103 4121 274 4194 apostoliset
293 4120 474 4192 evangelistis,
489 4135 551 4175 cum
572 4117 765 4189 Symmachum
779 4128 807 4175 ct
826 4119 899 4175 Pau·
949 4112 1005 4168 lum
1017 4113 1096 4183 juxta
1118 4115 1312 4181 humilitatem,
1330 4121 1358 4170 et
1371 4131 1425 4170 nou
1446 4130 1511 4172 rere
1534 4117 1650 4184 dixisse,
1668 4118 1745 4176 Etsi

103 4213 161 4269 lntn
177 4221 206 4268 et
224 4213 365 4285 malianum
380 4219 409 4266 et
425 4209 559 4266 loannem
579 4224 632 4264 una
647 4209 804 4266 defensione
820 4211 899 4266 indil-
948 4207 1084 4276 imperitas
1098 4221 1293 4273 remansione,
1306 4222 1358 4261 non
1371 4207 1588 4274 tumenscierttio,
1601 4208 1748 4267 defendant

104 4301 257 4373 iercntmue
271 4302 350 4357 lande
372 4301 469 4372 dignos
487 4300 597 4356 ducitis.
618 4299 724 4357 nurum
744 4309 786 4356 est
808 4317 898 4357 recor-
950 4295 1031 4366 hujus
1054 4297 1107 4351 loci
1123 4297 1377 4366 consequentiam.»
1399 4298 1432 4352 lit
1453 4298 1579 4354 iterum:
1603 4319 1612 4351 ι
1631 4300 1660 4356 Si
1680 4317 1746 4360 sero

103 4391 165 4448 dari
184 4390 329 4447 verborum
343 4390 467 4456 Domini,
488 4392 587 4459 quibus
603 4392 659 4446 ait:
674 4390 769 4446 Nonne
788 4393 811 4446 si
831 4402 899 4447 reete
951 4389 997 4459 qai
1012 4397 1102 4459 potest
1117 4387 1199 4443 etiam
1210 4385 1288 4454 juxta
1310 4388 1444 4443 sermonis
1465 4389 1572 4458 eloquia
1589 4400 1745 4447 contextum

103 4485 216 4556 offeras,
239 4492 264 4539 et
284 4464 337 4538 oon
354 4492 421 4538 recte
440 4482 574 4554 dijsdicos
596 4483 730 4554 peccasti?
751 4483 804 4551 Qut
826 4485 898 4539 enim
912 4452 938 4514 D
952 4480 1049 4535 docere
1060 4477 1220 4549 Apostolum
1234 4476 1320 4532 inisse
1331 4478 1490 4547 perlectum,
1502 4477 1566 4531 etin
1577 4479 1645 4533 artis
1657 4495 1746 4549 gram-

103 4585 180 4633 recte
190 4575 277 4631 credit
297 4574 459 4630 catholicam
472 4573 565 4641 tidem,
580 4582 654 4630 recte
668 4575 777 4630 ridetur
788 4575 898 4631 olicrre.
951 4572 1056 4627 maticae
1070 4572 1136 4626 titia
1149 4584 1202 4624 non
1217 4569 1375 4633 incurrisse,
1392 4568 1436 4623 illc
1448 4569 1539 4638 potius
1551 4571 1746 4633 auscultandus

103 4665 161 4725 Sed
181 4668 205 4724 si
228 4668 435 4738 quibuscunque
458 4665 614 4721 doctoribus
634 4674 682 4719 aut
704 4667 900 4737 interpretibus
950 4671 1003 4720 est.
1028 4662 1082 4718 llos
1104 4661 1318 4732 quotiescunque
1342 4659 1511 4714 soloecismos
1534 4670 1582 4716 ant
1605 4662 1658 4717 talc
1680 4666 1745 4734 quid

103 4772 168 4815 cunr
183 4756 313 4827 apostolis
324 4764 352 4810 et
364 4754 539 4826 evangelistis
551 4755 682 4826 aqualem
697 4757 899 4813 venerationem
950 4755 1122 4818 adnotamus,
1144 4768 1197 4807 non
1220 4749 1379 4820 Apostolum
1410 4749 1559 4819 pulsamus,
1580 4761 1610 4806 ut
1628 4754 1746 4810 nraliroli

105 4848 211 4914 tribuit,
226 4863 280 4902 nnn
293 4854 368 4903 reete
382 4845 488 4910 diuidit,
502 4852 582 4914 atque
596 4845 656 4900 idco
668 4853 772 4914 peccat.
950 4847 1139 4910 criminantur,
1160 4843 1207 4900 scd
1227 4843 1313 4913 magis
1329 4841 1450 4913 Apostoli
1469 4851 1620 4900 assertores
1638 4860 1745 4912 surrrus;

140 4940 198 4995 litt.
216 4939 282 4996 Post
302 4939 349 4994 illa
368 4953 429 5010 quae
449 4938 575 5006 superins
589 4937 661 4992 dicta
675 4946 739 4992 suut
752 4938 834 4993 rerba
850 4953 899 4994 uo-
952 4939 1025 5008 qnod
1039 4937 1169 4993 llchraeus
1179 4950 1211 4990 cx
1227 4934 1347 4989 liebraeis
1360 4935 1463 5005 absrpre
1472 4935 1602 4991 rhetorici
1614 4937 1747 4991 sermonis

103 5036 176 5095 stra,
191 5029 332 5086 adtlidistis
344 5028 485 5084 diceutes:
504 5045 514 5078 r
529 5026 619 5097 Turpe
636 5035 679 5083 cst
698 5028 772 5082 enim
787 5028 899 5084 credere
952 5029 1051 5093 nitore,
1064 5028 1209 5082 rerlomrn
1221 5025 1426 5094 compositione,
1438 5033 1467 5079 et
1480 5025 1579 5093 eloquii
1592 5035 1745 5092 sertrrstate,

103 5117 238 5191 Spiritum
261 5127 404 5186 mactum,
428 5118 475 5189 qni
502 5117 624 5174 omniunt
647 5119 768 5191 gentiunt
793 5117 900 5190 linguas
946 5133 1090 5188 nunquam
1106 5118 1140 5173 ad
1158 5117 1238 5173 lldcrn
1252 5115 1354 5173 Christi
1369 5124 1455 5173 totnnt
1470 5116 1599 5171 mundum
1623 5117 1747 5172 transdu-

780 5248 916 5306 BALUle
939 5249 1053 5307 NOTAE.

139 5359 156 5391 ⁸
180 5346 287 5420 Aqnila.
306 5344 421 5404 Carolus
443 5344 556 5417 llagnus
579 5342 607 5398 in
620 5341 768 5413 Capitulari
791 5342 824 5397 de
844 5358 898 5397 nnn
953 5342 1077 5399 Valesius
1097 5344 1124 5399 iu
1138 5343 1359 5400 annotationibus
1374 5343 1408 5398 ad
1421 5341 1567 5398 Ettschium
1583 5343 1630 5400 lib.
1643 5361 1669 5409 r,
1684 5360 1744 5417 cap.

102 5418 251 5476 adorandis
273 5417 435 5489 imaginihus
449 5415 496 5472 lib.
519 5432 537 5479 t,
564 5429 623 5485 cap.
648 5415 681 5469 l5
698 5432 705 5468 ε
723 5431 731 5464 ι
748 5412 821 5467 Nora
837 5420 899 5483 post
951 5413 1049 5470 lillist.
1065 5415 1169 5469 Ecclcs.

102 5490 276 5562 septuaginta
293 5489 472 5558 interpretes,
490 5485 702 5541 Tlreodotionem
725 5491 753 5538 et
774 5485 900 5555 Syrruna·
987 5487 999 5525 ι
1018 5484 1103 5540 heito
1119 5486 1253 5555 injustius.
1275 5482 1383 5553 Sicingi
1405 5483 1503 5538 dcbcre
1518 5484 1658 5540 arlrnonuit
1677 5486 1746 5542 llas·

103 5563 187 5617 clurm
201 5569 228 5614 ct
246 5559 388 5629 Aquilam,
403 5557 460 5612 sire
473 5557 554 5612 etiam
569 5556 677 5610 heatrun
693 5554 896 5625 llierouynurm,
951 5570 1035 5612 sontis
1048 5556 1074 5610 iu
1091 5556 1190 5610 erratis
1209 5572 1216 5608 z
1233 5569 1344 5624 prorsus
1357 5556 1434 5608 bene.
1458 5553 1526 5608 Natu
1542 5556 1568 5612 in
1583 5558 1677 5614 codice
1691 5573 1743 5614 urs.

102 5632 173 5703 legis
184 5639 326 5700 quieratur
338 5627 491 5684 translatio.
517 5645 527 5679 ι
547 5625 587 5680 lie
601 5625 785 5680 'l'hcodotione
804 5638 896 5693 porro,
950 5625 1054 5685 diserte
1069 5626 1270 5697 scriptumest,
1285 5622 1381 5679 maltos
1391 5625 1515 5696 injustos.

103 5719 158 5774 qua
177 5708 259 5757 atate
280 5699 398 5765 riserit,
416 5697 550 5755 ridendos
570 5695 614 5752 sir
635 5695 739 5752 clariss.
764 5694 898 5754 llenrirns
