3832 6120
130 305 184 364 055
658 292 797 353 CLAUDII
816 287 1045 348 idumaeusts
1062 285 1215 346 netscort
1700 289 1756 345 tm

131 420 233 477 lterum
246 433 322 477 sume
331 420 463 474 maantam
483 412 590 471 numeri
604 419 713 468 ιιιιιιιι
725 410 763 466 ii
784 420 916 464 annorum
929 408 1059 470 Αιιιιιιι
1080 401 1224 468 ιιοιιιιιιιι,
1242 400 1289 471 oui
1308 397 1361 455 luit
1379 411 1466 456 annus
1486 397 1665 455 duodecimus
1679 400 1759 472 rapi

134 512 256 583 triginta,
280 508 327 577 qui
343 504 483 560 luerunt
476 521 504 560 tn
520 509 626 573 epacta,
653 504 835 558 etremamnt
852 494 915 561 tot,
966 493 1019 551 sni.

136 607 166 656 et
183 597 304 653 inverties
318 593 389 664 quod
399 592 547 649 secundum
565 590 623 647 dies
636 587 749 651 solares,
758 584 847 656 pridie
855 581 918 639 idus

132 683 234 756 Aprilis
248 682 315 738 leria
329 680 447 738 secunda
464 679 528 736 luna
540 685 637 750 quarta
662 677 766 734 decima
784 669 919 730 exstiterit

134 775 223 844 ipsum
234 770 347 828 Pascha.
360 769 441 826 iuxta
452 770 511 826 dies
524 783 591 826 sero
606 768 717 823 lunares
729 780 760 820 ιιι
770 763 830 819 lial.
843 760 919 832 Apri·

134 862 169 918 lis
179 860 230 917 luit
241 860 397 927 Neomenia,
416 859 444 915 id
457 866 501 915 est
523 872 599 914 novae
621 856 692 912 lunae
704 853 878 926 principium,
891 855 920 907 et

134 950 216 1022 primi
229 949 332 1006 mensis
341 949 444 1004 lunaris
457 947 563 1004 initium
580 955 609 1002 et
620 945 683 1001 anni
698 942 868 1015 principium.

172 1036 325 1096 Secundum
336 1052 401 1094 vero
414 1036 631 1108 supputationem
650 1041 784 1100 nostram,
806 1044 869 1102 que
888 1026 920 1084 tit

135 1145 185 1201 per
197 1129 256 1184 dies
275 1127 386 1193 solares,
397 1126 459 1183 ldus
470 1125 587 1197 Apriles,
610 1124 675 1181 luna
691 1123 786 1194 quinta
803 1118 917 1182 meina,

136 1219 221 1277 altera
235 1219 279 1276 die
298 1224 360 1288 post
379 1216 494 1283 Pascha,
508 1215 680 1270 inveniuntur
697 1213 786 1270 exisse
808 1209 856 1266 atii
878 1208 920 1264 la·

137 1308 194 1365 rael
211 1306 435 1373 dehonestem
453 1305 558 1361 venisse
576 1299 921 1361 iussoothetdesoooth

137 1413 204 1453 ιιιιι
212 1395 270 1453 lial.
278 1394 352 1463 llaii,
367 1397 430 1451 luna
442 1403 520 1451 serta
532 1394 637 1451 decima
651 1393 679 1448 in
687 1390 843 1464 Phyairoth
854 1396 882 1444 et
893 1403 920 1445 rt

1000 582 1122 639 Roboam
1135 581 1207 638 illins
1217 532 1371 637 Salotmnis
1384 577 1596 652 regnavitannis
1610 577 1658 634 l'l.

1001 675 1068 730 Abia
1080 675 1152 730 illins
1166 673 1288 730 Roboam
1300 671 1424 744 regnavit
1439 671 1518 727 annis
1530 668 1628 726 trihus.

1001 767 1056 825 lisa
1074 768 1146 824 tilius
1160 768 1228 824 Abia
1244 766 1459 840 regnavitannis
1475 764 1519 819 ll.

1002 856 1132 928 iosaphat
1144 856 1216 912 illios
1228 854 1283 912 Asa
1300 855 1423 927 regnavit
1437 854 1517 909 annis
1528 853 1576 911 att.

1002 943 1093 1001 loram
1110 945 1180 1001 lilius
1194 942 1324 1015 iosaphat
1339 943 1549 1015 regnavitannis
1558 950 1633 1000 octo.

1002 1036 1115 1093 tranas
1124 1035 1195 1091 tuus
1207 1033 1300 1090 loram
1311 1036 1434 1106 regnauit
1447 1050 1519 1090 anno
1529 1049 1595 1090 nno.

1002 1125 1110 1183 Athaiia
1126 1124 1342 1196 regnavitannis
1357 1133 1472 1195 septem.

1003 1215 1068 1271 toas
1084 1213 1155 1270 lilius
1171 1213 1276 1269 haariae
1289 1214 1411 1284 ιιιιιιιι
1424 1213 1503 1268 annis
1515 1213 1560 1268 ld.

1002 1306 1127 1362 timasius
1141 1305 1213 1361 dlias
1225 1302 1289 1361 icas
1302 1305 1424 1377 regnavit
1441 1306 1521 1360 annis
1531 1305 1578 1360 ιι.

1005 1393 1128 1459 haurias,
1144 1394 1191 1464 qui
1207 1400 1235 1448 et
1248 1393 1329 1450 Orias
1340 1393 1411 1451 illius
1424 1393 1552 1469 Amasiae,
1567 1395 1696 1468 regnarit
1714 1411 1766 1452 ar-

139 1481 198 1540 llal.
222 1483 305 1552 lonii,
320 1485 384 1553 luna
396 1486 496 1556 prima
511 1485 559 1554 qui
580 1493 623 1541 est
648 1483 706 1539 dies
727 1482 831 1553 primos
847 1480 921 1537 tertii
971 1484 1071 1541 nisit

139 1575 242 1632 mensis
255 1574 369 1639 lunaris.
384 1581 516 1629 venenant
536 1573 570 1628 ad
591 1578 709 1629 mentem
725 1568 810 1636 Sinai,
826 1578 855 1624 et
873 1583 921 1625 ac·

1004 1574 1129 1631 leatham
1141 1573 1294 1632 illusorie
1308 1574 1520 1648 regnavitannis
1538 1588 1596 1631 ser.

140 1673 272 1737 ceperunt
289 1664 376 1735 legem
402 1664 458 1720 lieo
474 1664 600 1734 loquente
621 1663 655 1719 ad
675 1677 705 1718 se
726 1675 776 1732 per
798 1660 922 1732 angelum
1007 1664 1138 1721 Ezechias
1155 1664 1277 1736 regnaut
1289 1680 1368 1720 ansts
1379 1664 1422 1721 tt

139 1755 227 1826 pridie
242 1754 375 1809 Kalendas
382 1753 467 1819 lunu
483 1754 526 1810 die
544 1751 765 1824 quinquagesimo
781 1757 843 1820 post
858 1733 959 1821 attnil3
1008 1755 1145 1812 llanasses
1156 1754 1227 1811 lilius
1241 1755 1365 1812 Ezechiae
1375 1757 1498 1826 regnauit
1517 1756 1598 1813 annis
1608 1756 1657 1813 55.

140 1842 313 1908 occisionem,
331 1840 398 1897 leria
412 1841 538 1908 secunda,
560 1840 624 1895 luna
645 1847 752 1910 quarta,
765 1852 819 1908 quo
840 1837 922 1893 dicet

140 1931 267 1991 Pascha
260 1949 287 1989 ιιι
299 1931 416 2004 AEgypto
428 1930 640 1988 celebraverunt.

176 2025 280 2096 lloyses
302 2040 372 2080 anno
392 2024 454 2079 vitae
476 2038 531 2078 sne
555 2021 589 2078 80
613 2022 740 2078 eductum
756 2036 789 2076 ιι
805 2018 923 2092 AEgypto

1007 1847 1093 1903 hmon
1105 1846 1308 1904 dliusllanasse
1324 1848 1447 1919 regnauit
1464 1849 1544 1905 annis
1554 1850 1674 1908 duobus.

1008 1937 1095 1995 iosias
1113 1939 1184 1994 illius
1195 1938 1283 1994 Amen
1292 1938 1414 2010 regnaut
1430 1938 1563 1995 annishl.

1007 2027 1125 2085 Joachat
1139 2027 1211 2083 lilius
1222 2026 1390 2099 losiaequem
1401 2029 1521 2084 ιιιιιιιιιιι
1534 2027 1647 2085 Nechao
1655 2029 1763 2086 Pharao

141 2114 212 2170 rexit
230 2114 356 2185 populum
373 2114 420 2168 liei
433 2113 515 2168 lsrael
531 2113 559 2166 in
576 2113 682 2168 deserto
699 2112 778 2168 annis
789 2111 835 2178 id.
853 2126 923 2181 ouo-
974 2135 1021 2178 m
1034 2119 1144 2192 AEgyptt
1158 2119 1285 2192 perduxit
1296 2119 1325 2175 in
1346 2117 1503 2192 AEppptum,
1513 2122 1648 2190 regnavit
1663 2123 1761 2178 methi-

144 2216 202 2260 rnm
213 2204 301 2276 primo
319 2218 389 2283 anpo
408 2203 612 2260 tabernaculum
631 2203 747 2260 Domino
760 2204 922 2269 oonstmnit,
973 2212 1025 2269 hus
1037 2211 1135 2267 tribus

143 2304 170 2354 et
188 2304 289 2369 septem
306 2297 444 2353 mensibus
467 2311 547 2353 omne
566 2309 635 2367 opus
654 2294 809 2367 perficiens,
830 2308 924 2352 meuse
976 2337 1759 2358 .................

142 2387 239 2459 primo,
253 2402 316 2441 anot
308 2386 438 2442 'secundi
453 2385 539 2456 prima
550 2386 593 2442 die
609 2385 710 2441 mensis
721 2385 817 2451 erexit,
829 2398 925 2441 semn-
1352 2389 1383 2447 i.

142 2477 206 2533 dntn
226 2476 283 2533 dies
302 2475 432 2532 solares
426 2490 483 2546 tpso
500 2473 705 2530 annorutlial.
726 2473 839 2544 aprilis,
855 2473 924 2530 teria
975 2520 985 2538 .
1069 2521 1078 2538 ,
1114 2523 1123 2539 ,
1162 2521 1170 2538 .
1208 2521 1216 2536 .
1255 2520 1262 2535 .
1301 2520 1308 2536 .
1347 2520 1355 2535 .
1393 2518 1401 2533 .
1440 2518 1448 2534 .
1702 2517 1710 2532 .
1750 2525 1758 2540 ,

144 2568 227 2642 prima
241 2566 462 2634 ιιιιΝιοιιιιιι,
479 2566 506 2623 id
520 2574 561 2622 est
578 2581 653 2622 novae
668 2564 922 2636 lunaeprincipium,
1008 2571 1115 2629 nomint
1131 2569 1300 2629 silvatoris
1292 2585 1321 2625 m
1342 2581 1425 2625 carne
1439 2582 1474 2624 ιι
1488 2567 1559 2624 libro
1582 2567 1679 2625 lisdrae
1701 2585 1762 2640 pro-

141 2668 169 2716 et
183 2659 264 2731 primi
277 2674 378 2716 mensus
388 2658 515 2714 ιιιιιιιιι
533 2666 561 2714 ιι
572 2657 677 2714 Pascha
692 2656 864 2712 liebraeorum
881 2655 923 2712 le·
973 2664 1063 2735 phetas,
1087 2673 1117 2721 et
1137 2664 1251 2720 historia
1270 2661 1333 2718 lihri
1359 2660 1574 2717 lachahoeorum
1598 2670 1627 2717 et
1652 2660 1761 2732 insepti

143 2765 184 2804 ria
196 2749 321 2820 septima,
336 2756 434 2819 quarto
446 2747 537 2804 Nonas
553 2746 664 2818 Aprilis,
678 2745 741 2801 luna
759 2751 856 2816 quarta
878 2745 925 2802 de·
974 2763 1056 2826 atque
1084 2753 1205 2810 Africani
1236 2751 1445 2823 historiographi
1470 2765 1554 2821 nsque
1580 2752 1617 2807 ad
1639 2751 1761 2807 Romana

142 2843 211 2899 eima
228 2856 308 2912 uuam
321 2840 359 2895 illi
370 2847 494 2911 quartam
505 2838 637 2909 decimam
649 2836 729 2908 [trimi
743 2835 924 2893 messiiidlw
974 2852 1095 2917 tempora
1110 2843 1314 2915 comprehendit
1339 2856 1425 2898 annos
1439 2841 1501 2906 500,
1526 2851 1555 2897 ιι
1579 2841 1618 2896 ita
1642 2841 1675 2896 lit
1697 2852 1727 2897 ιιι
1746 2856 1761 2896 ι

142 2932 289 2990 secundum
307 2930 363 2987 dies
375 2930 483 2985 lunares
498 2927 632 3001 appellare
645 2934 852 2984 consueverunt.
974 2935 1168 2992 wntumttons
1184 2934 1277 2989 mundi
1299 2946 1384 3002 usque
1402 2931 1437 2986 sd
1461 2928 1639 2986 Nativitatem
1652 2930 1758 2987 nemim

178 3022 236 3079 lam
253 3023 353 3078 abhoc
368 3028 488 3093 tempore
504 3035 553 3090 per
576 3021 657 3076 duces
677 3027 704 3075 et
724 3018 830 3088 jndices
852 3032 924 3074 sum·
976 3023 1126 3082 salvatoris
1143 3024 1169 3079 in
1192 3037 1287 3090 eune,
1301 3037 1361 3093 ιιι
1378 3021 1451 3076 laeta
1468 3029 1511 3076 est
1527 3034 1602 3076 anno
1623 3018 1761 3077 οιιιιιιιιι

143 3133 216 3174 mam
238 3130 369 3171 annorum
390 3113 530 3184 requirere
545 3128 599 3169 non
611 3113 689 3169 nohis
703 3112 811 3167 ridetur
829 3111 926 3166 immo-
976 3116 1092 3174 casaris
1102 3114 1147 3181 ti,
1159 3114 1318 3186 colligantur
1327 3112 1494 3169 omnesanni
1506 3111 1588 3168 totu.

143 3205 269 3271 randum,
293 3219 355 3260 cum
374 3212 429 3259 tam
446 3204 584 3259 evidenter
608 3203 721 3259 historia
741 3202 803 3258 liltri
821 3201 926 3272 Regum
1012 3205 1106 3263 Sedet
1118 3206 1145 3261 in
1157 3206 1226 3261 libro
1238 3203 1442 3269 Chronioorum,
1461 3218 1542 3273 quem
1562 3202 1636 3260 idem
1655 3212 1763 3262 sanetas

143 3303 278 3352 testetur:
309 3293 409 3350 lactum
437 3301 479 3349 est
506 3293 588 3364 igitur
607 3292 872 3363 quadringentesimo
898 3299 927 3347 ei
975 3299 1018 3355 tir
1031 3314 1085 3356 non
1097 3299 1159 3370 plus
1173 3296 1289 3353 mirabili
1299 3295 1414 3352 ueritme
1427 3309 1509 3364 ιιιιι
1529 3294 1672 3350 celeritate
1689 3311 1757 3353 oona

143 3384 308 3457 octogesimo
319 3399 390 3440 anno
408 3384 569 3454 egressionis
582 3383 699 3439 liliorum
712 3382 794 3439 lsrael
810 3383 926 3439 deterre
974 3390 1128 3460 prehendit,
1157 3388 1266 3445 eosdem
1290 3400 1376 3442 annos
1401 3385 1483 3441 simili
1507 3384 1590 3440 modo
1617 3384 1763 3442 ιιιιιιιιιι

143 3478 253 3550 AEgypti
266 3477 293 3532 in
305 3491 377 3533 anno
392 3484 498 3548 quarto,
513 3489 605 3532 mense
621 3475 679 3542 zio,
700 3475 758 3545 ipse
769 3483 810 3531 est
825 3475 927 3531 mensis
976 3478 1137 3536 llehraicam
1149 3479 1290 3534 veritatem
1305 3492 1321 3532 a
1345 3476 1538 3536 constitutione
1558 3476 1666 3544 mnndi,
1683 3491 1763 3548 nsque

144 3571 280 3628 secundus
295 3571 367 3642 regis
380 3568 532 3625 Salomonis
552 3583 632 3639 super
646 3567 737 3633 lsrael,
752 3575 780 3624 et
793 3565 928 3624 aedificare
976 3570 1011 3626 ad
1021 3569 1195 3626 Nativitatem
1220 3567 1326 3626 domim
1349 3568 1378 3624 in
1398 3581 1481 3624 carne
1503 3566 1633 3624 similiter
1656 3568 1762 3626 adnata

143 3664 226 3735 coepit
242 3663 350 3718 domum
366 3661 482 3727 homiui,
498 3676 514 3717 e
530 3659 627 3729 quihus
648 3657 793 3715 subtractis
808 3657 826 3712 l
848 3656 926 3714 Salo-
978 3659 1027 3714 ιιι.

143 3756 230 3812 monis
243 3762 269 3810 et
282 3752 317 3808 to
332 3752 426 3819 David,
437 3750 599 3822 colliguntur
613 3764 706 3806 ornnes
719 3749 783 3805 anni
793 3747 827 3805 ah
840 3763 929 3820 egres·
1014 3748 1092 3805 Unde
1104 3747 1244 3804 sciendum
1258 3755 1301 3804 est
1323 3755 1404 3817 atquc
1419 3746 1575 3803 firmissime
1590 3747 1761 3812 credendum,

144 3863 176 3902 su
189 3844 305 3901 illiorum
323 3843 404 3898 lsrael
427 3857 461 3897 ιι
474 3840 590 3912 AEgypto
603 3855 687 3911 usque
702 3839 736 3896 ad
751 3839 868 3910 primum
882 3854 928 3895 au·
977 3846 1005 3893 et
1021 3836 1174 3893 nullomodo
1188 3837 1374 3903 dubitandum,
1391 3850 1485 3892 omnes
1505 3851 1594 3893 annos
1608 3839 1763 3895 aconstitu-

143 3951 207 3992 num
222 3933 296 4005 regni
309 3933 392 3988 David
404 3930 472 3998 tom
487 3947 502 3986 a
517 3931 605 4002 prima
621 3930 800 4001 promissione
811 3929 928 3986 Abrahae
978 3929 1050 3984 tione
1065 3929 1169 3997 mundi,
1188 3928 1336 3984 secundum
1349 3926 1508 3984 llehraicam
1524 3928 1672 3985 ueritatem
1685 3942 1764 4000 usqae

142 4038 228 4096 nsque
240 4023 274 4078 ad
294 4021 451 4092 predictum
472 4034 571 4075 annum
589 4019 706 4089 primum
732 4019 808 4090 regni
830 4017 926 4085 David,
978 4018 1011 4073 ad
1024 4018 1193 4074 eversionem
1207 4016 1459 4087 hierusalemque
1473 4015 1546 4072 lacta
1561 4026 1605 4073 est
1623 4019 1764 4075 undecimo

143 4115 252 4172 luerunt
264 4113 326 4168 anoi
342 4110 408 4179 8663
429 4126 444 4165 a
460 4110 601 4166 nativitate
620 4124 686 4166 uero
706 4107 822 4165 Abrahae
843 4122 928 4181 usque
978 4122 1052 4164 anno
1063 4106 1183 4164 Sedeciae
1197 4123 1213 4163 a
1227 4107 1473 4165 Nabuchodonosor
1487 4123 1540 4163 non
1552 4123 1635 4178 posse
1653 4109 1764 4181 amplius

143 4207 177 4261 ad
192 4202 317 4275 eumdem
335 4216 435 4257 annum
457 4209 520 4257 sunt
541 4201 605 4257 anni
617 4201 679 4258 stt.
977 4202 1067 4259 minus
1080 4202 1136 4258 lieri
1150 4220 1157 4256 ε
1173 4202 1221 4259 sed
1234 4202 1304 4259 sicut
1313 4217 1393 4274 supra
1402 4215 1459 4272 tam
1471 4203 1590 4270 ostendi,
1604 4204 1646 4261 ita
1659 4204 1763 4262 tenendi

512 4289 558 4348 ll.
978 4301 1050 4349 tunt.

178 4381 280 4452 Quarta
303 4379 392 4437 seculi
415 4387 482 4436 aetas
501 4379 595 4451 incipit
615 4395 736 4452 aprrmo
756 4395 827 4437 anno
851 4379 927 4453 regni
1014 4382 1149 4453 Quidquid
1163 4397 1228 4437 vero
1249 4381 1382 4453 reliquum
1405 4391 1527 4454 superest
1553 4392 1665 4456 tempus
1684 4401 1763 4457 usqne

143 4473 237 4541 David,
262 4480 289 4528 et
312 4479 467 4544 perseverat
492 4486 578 4542 usque
602 4472 637 4528 ad
664 4470 927 4542 transmigrationem
980 4473 1014 4531 ad
1032 4473 1177 4529 aduentum
1188 4472 1295 4530 uomtm
1307 4474 1335 4528 in
1356 4487 1439 4528 carne
1455 4474 1590 4545 melonum
1611 4485 1763 4534 nostrorum

142 4563 294 4635 Babylonis,
316 4560 467 4632 quaefacta
490 4571 532 4618 est
554 4576 604 4634 per
621 4561 868 4620 Nabuchodonosor
881 4577 927 4618 re·
967 4566 1027 4639 'qni
1039 4566 1181 4622 chronicas
1200 4566 1387 4636 seripserunt,
1408 4563 1511 4635 judicio
1533 4567 1671 4638 relinquo.
1701 4568 1763 4624 lia·

143 4667 214 4724 item.
227 4651 329 4706 hahens
344 4664 428 4705 illm!
436 4649 513 4719 1¹¹¹ta
528 4648 686 4706 *librilem
697 4649 840 4706 iimitem
858 4649 926 4717 ⁴7⁴3
979 4659 1044 4716 siin
1059 4658 1102 4715 lais
1121 4672 1175 4714 non
1194 4655 1313 4714 fallimur
1332 4657 1423 4724 annis,
1444 4657 1491 4728 qui
1514 4666 1579 4728 post
1597 4659 1763 4716 eversionem

140 4744 219 4814 juxta
245 4741 316 4797 LXX
348 4741 527 4812 lnterpretum
554 4740 756 4797 translationem
782 4740 897 4811 amplius
919 4758 926 4795 t
978 4747 1127 4805 Jerusalem
1151 4747 1338 4818 comprehensi
1373 4755 1446 4813 sunt,
1475 4747 1643 4819 colliguntur
1674 4763 1764 4806 omna

143 4834 330 4906 generationes
340 4832 417 4903 juxta
435 4842 564 4902 utrosque
579 4831 687 4888 codices
707 4831 751 4886 ll.
980 4839 1044 4894 anni
1063 4855 1079 4894 a
1096 4838 1250 4895 conditione
1266 4838 1359 4893 mundi
1376 4854 1463 4908 nsque
1482 4839 1517 4894 ad
1532 4849 1699 4910 praesetnem
1721 4855 1763 4895 ιιι

177 4924 263 4980 David
274 4939 321 4979 ιιι
333 4923 408 4993 prior
423 4937 457 4977 ιι
474 4923 544 4978 trihu
560 4921 629 4979 luda
648 4923 769 4996 regnauit
789 4923 868 4980 annis
881 4922 926 4980 to.
978 4946 1054 4998 num,
1072 4931 1117 5002 qui
1130 4939 1172 4987 est
1184 4929 1381 4986 lucarnationis
1392 4930 1496 4986 Domim
1515 4929 1681 4988 nostrilesu
1692 4931 1764 4989 Chri·

177 5015 305 5071 Salomon
331 5012 403 5068 illius
429 5012 513 5067 David
550 5013 673 5084 regnauit
697 5015 776 5071 annis
805 5014 852 5080 to,
882 5015 928 5085 qni
979 5020 1012 5075 sti
1027 5018 1091 5087 stt,
1110 5035 1164 5090 quo
1174 5020 1230 5093 pis
1244 5019 1439 5076 recordationis
1454 5028 1481 5075 et
1497 5018 1577 5076 honae
1590 5036 1763 5093 semperne·

143 5114 241 5177 quarto
265 5118 336 5159 anno
359 5102 434 5174 regni
458 5102 499 5157 sui
529 5102 663 5159 mdillcare
687 5105 770 5176 coepit
798 5105 928 5178 templum
979 5110 1072 5166 moriae
1085 5109 1197 5166 Carolus
1216 5111 1349 5182 gloriosus
1368 5111 1494 5181 princeps
1509 5127 1543 5167 ex
1565 5112 1619 5170 hoe
1642 5112 1765 5187 migravit

144 5196 257 5253 homino
279 5192 477 5260 inlerusalem,
497 5192 617 5249 collectis
637 5195 671 5250 ah
686 5209 797 5267 egressu
811 5195 928 5252 illiorum
979 5200 1086 5256 mortali
1099 5201 1206 5269 secuto,
1229 5203 1295 5259 etei
1309 5203 1510 5275 pinsprinccps
1527 5213 1632 5261 sancte
1651 5206 1701 5263 oet
1720 5204 1765 5261 Bt·

143 5283 225 5341 lsrael
235 5298 269 5339 ex
284 5282 401 5354 AEgypto
418 5281 497 5337 annis
507 5281 571 5349 480,
586 5290 616 5337 ιι
628 5281 730 5354 liegutn
744 5285 929 5356 qnoquelilter
981 5291 1070 5348 closite
1089 5295 1229 5349 catholica
1242 5294 1394 5351 ludovicus
1413 5296 1545 5351 suecessit
1563 5296 1691 5368 imperio,
1706 5296 1765 5355 anni

144 5372 297 5430 testimonio
314 5379 366 5439 cst,
389 5372 460 5442 qnod
477 5371 504 5426 in
520 5372 633 5444 liguram
656 5372 774 5430 universi
795 5377 925 5447 corporis
981 5379 1061 5435 titio.

144 5478 198 5534 quo
210 5463 237 5518 in
251 5464 303 5519 lroc
315 5463 413 5519 seculo
425 5462 528 5519 Christi
541 5465 690 5522 aedilicatur
707 5465 827 5524 Eeclcsia
845 5469 927 5523 nimi·
1019 5469 1071 5525 Sed
1093 5479 1124 5525 nt
1137 5471 1256 5540 apertius
1270 5481 1398 5543 appareat
1417 5474 1488 5544 qnod
1500 5473 1628 5542 dicimos,
1644 5486 1764 5549 eotnputa

145 5567 206 5608 rum
219 5558 321 5617 actum,
340 5566 400 5622 quc
422 5552 449 5607 ιιι
465 5553 554 5611 loturo
568 5564 688 5627 tompore
704 5559 843 5628 perlicitur
857 5560 929 5630 quod
982 5564 1091 5619 cosdem
1106 5578 1191 5619 annos
1208 5580 1256 5634 per
1267 5574 1391 5635 quartam
1410 5574 1525 5636 partem,
1544 5577 1574 5624 ct
1592 5568 1656 5624 dic:
1674 5577 1766 5641 quater

147 5641 275 5714 templum
294 5649 396 5713 septem
420 5645 499 5702 annls
520 5647 643 5717 perierit,
662 5659 689 5705 et
709 5652 822 5721 septimo
840 5653 927 5708 ootoui
982 5656 1072 5724 millo,
1096 5656 1181 5727 totu,
1210 5667 1237 5714 ct
1263 5671 1407 5730 supersunt
1428 5659 1496 5726 700;
1525 5668 1622 5731 (tuales
1648 5672 1765 5729 centua.
