3832 6120
158 256 207 316 ru
287 210 291 217 ’
654 252 682 308 s.
702 251 877 310 aeonium
897 247 1051 308 nerscorr
1068 248 1312 309 cuonouuusrs
1565 282 1572 298 .
1747 255 1796 314 ιιι

154 369 312 435 lucernam,
327 368 428 423 everrit
440 367 564 433 donnum,
581 352 719 435 quaesivi‘t,
734 374 763 422 et
776 366 888 422 invenit.
905 363 1027 425 lli-Aet
1053 361 1208 417 habitabunt
1231 367 1257 417 iu
1281 371 1306 418 te
1331 364 1381 433 filii
1408 365 1456 418 toi.
1483 363 1517 418 Et
1540 364 1662 435 gaudebit
1686 382 1799 435 aporiant

155 462 228 519 citur
249 467 387 524 etmater,
407 458 549 528 sicutipse
565 472 615 526 per
636 455 734 512 isaiam
755 456 885 527 loquitur,
906 455 947 511 di·
999 463 1267 524 superscrutemur
1292 454 1415 524 gaudebit
1430 471 1507 526 cuper
1530 465 1555 509 tc
1577 455 1648 512 licus
1671 466 1734 510 ttius
1765 457 1798 514 Et

156 568 221 611 cuens
237 569 243 607 :
262 550 399 619 Quomodo
411 551 434 605 si
450 552 492 604 cui
510 559 594 604 muter
612 549 758 616 blanditur,
773 550 811 603 ito
824 565 870 618 eqo
884 564 949 602 con·
999 545 1144 617 Apostolus
1156 554 1248 617 aperte
1261 548 1390 612 ostendit,
1407 550 1519 604 dicens:
1536 547 1610 604 Sicut
1622 549 1690 604 euim
1702 567 1799 620 corpur

155 645 257 700 tololm
287 660 340 698 uos.
366 643 436 697 lere
461 642 534 696 enim
559 649 586 696 et
608 651 696 697 mater
714 651 744 695 et
769 641 877 696 domina
896 646 948 703 est,
1000 649 1081 688 unum
1105 643 1165 701 cot,
1190 645 1214 689 et
1231 636 1345 690 membro
1370 636 1446 691 babet
1470 637 1568 701 multo,
1595 640 1684 692 ontnio
1709 651 1797 696 uatem

155 736 242 790 virtus
255 743 282 789 et
296 734 438 805 sapientia,
453 732 582 788 lortitndo
596 741 624 789 et
638 733 734 805 gloria,
748 731 913 787 resurrectio
923 737 951 786 ct
999 727 1115 783 membro
1128 730 1245 800 corporis
1266 747 1325 784 curo
1339 741 1390 786 siut
1405 728 1500 797 multa,
1514 749 1596 786 uuum
1609 749 1705 803 corpus
1724 742 1798 800 trent,

155 827 228 889 vita,
244 826 288 879 via
302 833 330 879 et
344 824 459 889 veritas,
474 824 637 879 illuminatio
657 832 685 878 et
699 823 788 890 salus,
808 830 951 878 eleutero
1000 819 1038 872 ito
1056 830 1079 873 ct
1100 818 1230 876 citrium.
1252 821 1357 877 Etenim
1376 824 1403 877 in
1422 840 1474 877 uuo
1493 825 1587 894 spiritu
1605 841 1693 879 omnes
1709 843 1755 880 noa
1770 826 1799 883 in

157 918 321 989 hujusmodi,
1000 925 1083 964 uuum
1097 926 1191 981 corpus
1206 912 1332 983 baptizoti
1345 930 1454 977 sumus,
1475 914 1527 967 sice
1539 913 1647 978 tudae,
1668 916 1721 969 sice
1736 933 1798 986 pett-

194 1009 226 1064 v.
248 1008 315 1062 illud
326 1022 433 1076 quoque
447 1021 501 1061 non
513 1007 603 1061 minus
616 1006 716 1060 mirum
729 1004 801 1075 quod
814 1003 910 1058 ancilla
924 1010 953 1058 et
1001 999 1076 1064 tiles,
1093 1002 1145 1055 aire
1160 1003 1241 1067 serui,
1262 1005 1314 1057 sice
1328 1003 1417 1070 littori,
1440 1014 1464 1058 et
1478 1022 1567 1059 orntrcs
1586 1007 1614 1060 io
1631 1024 1684 1061 uuo
1703 1010 1797 1078 spirito

156 1101 242 1156 amica
255 1100 339 1155 etiam
353 1106 440 1152 mater
454 1098 561 1152 Domini
573 1097 614 1152 sui
625 1112 685 1152 esse
697 1104 797 1167 potest,
815 1096 860 1151 illo
872 1095 952 1152 modo
1000 1092 1083 1162 voluti
1102 1109 1203 1146 sumus.
1228 1092 1296 1161 Quia
1315 1095 1440 1151 videlicet
1453 1096 1524 1151 hauc
1539 1097 1670 1153 unitatem
1685 1100 1797 1170 spiritus

107 1234 116 1245 .
156 1204 210 1261 quo
224 1190 355 1244 Dominus
369 1189 407 1242 ait
423 1206 430 1243 :
447 1187 601 1257 Quicunque
611 1189 681 1242 enim
694 1186 782 1255 fecerit
794 1185 952 1242 uoluntatem
1002 1183 1103 1240 Christi
1118 1183 1194 1240 iacit.

156 1279 247 1336 Putria
262 1280 323 1343 mci,
336 1279 421 1351 quiin
435 1278 505 1333 coelis
519 1289 568 1344 est,
588 1279 642 1349 ipse
657 1295 732 1333 meus
744 1277 828 1348 t'rotcr
838 1286 863 1332 ct
876 1293 953 1332 soror
1038 1275 1103 1331 lllll.
1123 1276 1186 1332 llaec
1208 1285 1272 1333 sunt
1290 1294 1351 1349 quta
1374 1278 1548 1337 ineffabiliter
1568 1279 1796 1350 jucundissimam

155 1380 180 1424 et
193 1379 278 1425 muter
288 1376 337 1424 cat.
355 1369 432 1438 Quod
449 1376 477 1424 et
493 1369 640 1440 Apostolus
657 1368 690 1423 de
705 1383 734 1424 se
748 1369 806 1438 ipso
820 1367 860 1423 ait
877 1387 883 1421 :
902 1365 951 1421 Fi·
1002 1373 1133 1436 praestant
1145 1369 1331 1423 avocationem
1346 1369 1396 1439 piae
1408 1377 1436 1424 et
1449 1369 1520 1425 lideli
1536 1370 1654 1438 animae,
1671 1381 1699 1428 et
1714 1373 1797 1430 talem

154 1460 212 1516 lioli
234 1461 296 1528 mci,
310 1477 374 1533 quor
391 1461 486 1515 iterum
498 1459 618 1531 portorio
637 1461 719 1514 donec
735 1458 863 1528 [omtctur
876 1455 953 1514 Citri-
1002 1457 1200 1524 avocationem,
1216 1457 1303 1528 qualis
1326 1460 1353 1513 in
1377 1461 1505 1531 praesenti
1525 1461 1581 1516 vita
1605 1477 1639 1518 ex
1658 1473 1797 1519 creatura-

155 1563 211 1610 stus
227 1555 254 1609 in
269 1554 349 1609 eolis.
1003 1563 1062 1602 rum
1086 1549 1314 1619 contemplatione
1335 1549 1408 1604 nulla
1435 1567 1495 1607 esse
1519 1561 1627 1623 potest,
1647 1562 1690 1621 et,
1711 1562 1741 1609 ut
1760 1555 1796 1609 ita

195 1645 236 1700 tt.
256 1643 320 1700 liaee
343 1643 502 1715 multiplicia
525 1643 636 1699 nomina
664 1643 757 1712 sponsi
780 1650 808 1698 et
832 1657 947 1714 sponsae,
1003 1639 1092 1697 dicam
1114 1640 1292 1706 confidenter,
1313 1642 1340 1697 in
1356 1644 1482 1699 omnibus
1498 1646 1627 1716 operibus
1640 1646 1688 1701 bei
1702 1647 1796 1703 risibi-

155 1734 258 1792 Christi
276 1742 304 1790 et
325 1734 467 1799 Ecclesiae,
484 1750 538 1790 non
555 1735 588 1790 de
607 1733 742 1804 aliquibus
760 1735 845 1807 gestis
864 1735 950 1790 histo·
963 1712 988 1772 Β
1001 1733 1072 1789 libus
1089 1741 1118 1788 et
1142 1733 1323 1790 invisibilibus
1340 1734 1413 1790 nulla
1437 1737 1533 1793 similis
1556 1739 1671 1794 inveniri
1695 1749 1795 1811 potest.

156 1825 221 1882 ricis
234 1826 317 1897 (sicut
338 1835 389 1893 est,
414 1841 475 1881 cum
498 1825 639 1898 Scriptura
660 1827 693 1882 de
716 1825 949 1893 Sara,'liebecea,
1000 1822 1039 1878 ile
1064 1823 1116 1878 bae
1137 1823 1298 1879 avocatione
1312 1824 1444 1880 Dominus
1463 1827 1587 1898 precipit
1606 1843 1655 1898 per
1675 1828 1797 1900 Prophe-

156 1917 257 1974 Rachel
282 1919 411 1989 loquitur,
436 1918 463 1973 in
485 1919 582 1989 quibus
611 1916 766 1987 conjunctio
794 1916 897 1973 Christi
923 1925 952 1973 et
1001 1920 1056 1968 tarn
1072 1930 1078 1968 :
1095 1912 1246 1984 loquimini
1266 1913 1300 1968 od
1319 1931 1365 1968 cor
1380 1914 1481 1981 lsrael,
1499 1927 1523 1972 ct
1545 1929 1651 1973 ooocotc
1668 1937 1737 1974 cnm
1757 1920 1797 1976 lle

156 2008 285 2065 Ecclesiae
299 2009 414 2082 irgurata
434 2009 503 2083 est),
519 2025 569 2065 nec
582 2009 615 2064 de
632 2023 666 2064 eo
684 2008 827 2064 locutionis
840 2023 949 2080 genere,
1000 2002 1053 2059 hae
1077 2003 1160 2060 ctiam
1185 2005 1227 2060 vir
1250 2021 1312 2061 cum
1334 2021 1388 2076 quo
1412 2016 1454 2063 est
1473 2009 1544 2065 Deus
1568 2009 1594 2065 in
1616 2011 1720 2066 visione
1742 2030 1796 2086 qua

155 2115 210 2170 quo
229 2101 256 2155 in
277 2102 358 2156 rebus
381 2100 555 2157 sensibilibus
579 2099 757 2174 significativa
780 2103 951 2171 praenuntia*
1000 2093 1119 2149 eludllll
1134 2110 1196 2151 eum
1211 2103 1300 2151 milet
1313 2111 1372 2162 ⁸1¹³,
1388 2098 1504 2169 mySllCO
1525 2114 1660 2165 sermone,
1674 2101 1713 2156 εἶθ
1728 2117 1798 2178 prta-

158 2193 232 2248 tione
250 2201 388 2263 ponuntur
405 2191 486 2265 (sicut
506 2201 548 2248 est
561 2207 638 2248 mons
658 2193 753 2249 domus
766 2193 951 2260 Domini‚ubi
1001 2186 1089 2257 cipit:
1111 2186 1179 2241 Doto
1201 2186 1314 2241 siceram
1334 2188 1510 2252 maerentibus,
1535 2199 1559 2245 et
1586 2191 1674 2245 uinum
1692 2191 1733 2247 liis
1750 2194 1796 2264 qni

157 2298 236 2339 utens
253 2277 397 2338 bominum
417 2292 445 2338 et
466 2283 562 2339 (lomus
584 2284 728 2339 ecclesiam
753 2283 899 2357 significat)
923 2290 952 2339 ot
1001 2293 1093 2331 omaro
1111 2286 1171 2331 suut
1191 2277 1289 2331 auimo.
1307 2276 1415 2343 Eilnut,
1435 2278 1663 2334 et‘ollioiacontur
1676 2283 1796 2352 egestatis

156 2373 242 2430 multa
257 2371 418 2441 lntjusmodi,
436 2381 574 2442 assumpta
598 2381 676 2439 sunt;
698 2373 746 2429 sed
759 2372 793 2427 de
811 2372 865 2427 iliis
884 2361 952 2427 locis
1001 2384 1066 2432 ruo,
1085 2377 1108 2421 et
1127 2366 1228 2422 doloris
1240 2368 1283 2422 sui
1298 2385 1350 2422 uon
1365 2368 1536 2422 recordentur
1550 2369 1673 2441 onrplius.
1693 2370 1730 2427 De
1745 2373 1797 2428 hac

157 2467 203 2522 ubi
220 2467 246 2521 in
262 2466 334 2521 illam
349 2466 504 2521 ordinatam
522 2466 705 2520 narrationem
722 2473 860 2536 gestorum
876 2463 951 2520 Scri·
1001 2465 1029 2512 el
1053 2455 1217 2524 Psalmlsllt
1236 2474 1297 2514 tum
1321 2458 1430 2514 besslum
1454 2459 1558 2515 diceret
1579 2475 1641 2516 eum
1670 2463 1716 2532 qul
1743 2479 1797 2518 ttau

157 2567 219 2614 tura
233 2559 406 2627 exsequitur,
421 2558 469 2613 sed
483 2564 588 2613 tantum
604 2557 720 2613 diversis
732 2555 887 2624 hujusmodi
900 2545 951 2611 uo'·
1002 2551 1121 2620 respexit
1133 2550 1160 2605 iu
1175 2551 1325 2606 vanitatem
1339 2558 1366 2605 et
1379 2551 1502 2607 insanias
1515 2550 1608 2617 salsas,
1622 2553 1665 2608 vel
1680 2554 1752 2609 sicut
1767 2553 1797 2610 in

156 2649 274 2704 minibus
289 2648 428 2704 Christum
440 2654 467 2702 et
479 2647 629 2702 Ecclesiam
643 2646 756 2712 indicat,
771 2647 839 2701 etin
853 2646 953 2715 quibus
1001 2641 1135 2697 liebraico
1161 2641 1279 2711 legitur,
1307 2643 1341 2698 ad
1364 2643 1506 2713 superbias
1529 2659 1693 2715 pompasque
1721 2661 1799 2702 men·

154 2742 244 2798 nullus
259 2743 297 2797 ita
318 2742 449 2811 insipiens
472 2749 514 2796 est
535 2748 566 2796 ut
582 2739 656 2794 aliud
669 2739 844 2809 quaerendum
859 2737 953 2795 existi·
1002 2732 1090 2798 dacii,
1114 2732 1255 2804 inquibus
1277 2743 1340 2789 sunt
1360 2735 1534 2791 avocationes
1557 2737 1707 2791 carnalium
1722 2754 1799 2794 nten-

157 2842 222 2900 met,
235 2834 287 2889 nisi
301 2832 438 2888 Christum
453 2839 482 2887 et
498 2829 659 2886 Ecclesiam.
971 2846 975 2852 ¹
1002 2826 1087 2892 tium,
1112 2825 1252 2896 subjunxit
1279 2845 1285 2882 :
1305 2826 1392 2882 llulto
1416 2828 1520 2898 iecisti,
1537 2838 1566 2883 ιιι
1590 2828 1702 2885 Dootine
1727 2830 1797 2886 licam

192 2921 248 2978 tlt.
270 2921 391 2975 hlirauda
408 2934 474 2975 vero
488 2919 643 2975 Conditoris
661 2918 816 2990 benignitas
834 2919 953 2975 ostendi·
1002 2933 1096 2984 meua,
1119 2918 1253 2973 rrtlrultilio
1272 2927 1317 2973 tuo
1332 2960 1339 2985 ,
1355 2927 1380 2972 ct
1399 2919 1599 2990 capitationibus
1615 2922 1667 2975 tuis
1684 2939 1736 2976 nou
1759 2931 1797 2976 cst

155 3019 216 3080 tur;
232 3028 295 3068 eum
318 3019 394 3067 tanta
411 3011 520 3090 unitate
539 3023 552 3052 ¹
574 3026 673 3085 eorpus
692 3011 775 3080 capiti
800 3012 950 3079 adhaereat,
1003 3006 1047 3080 qul
1060 3009 1155 3064 alatilia
1171 3009 1205 3064 tlt
1217 3011 1266 3065 tui.

155 3110 183 3161 ct
199 3110 280 3174 caput
294 3102 402 3174 corpori
424 3103 583 3173 praesideat,
608 3103 678 3159 sicut
696 3102 832 3175 Propheta
854 3105 954 3161 decan·
1039 3101 1085 3156 lll.
1100 3100 1171 3172 Ergo
1182 3101 1337 3173 quicunque
1347 3101 1548 3173 praedicationis
1558 3101 1675 3159 officium
1690 3113 1718 3159 et
1731 3105 1744 3144 lt
1759 3105 1798 3159 lo-

158 3203 197 3252 tat
223 3213 230 3250 τ
257 3194 349 3250 ltvduit
376 3211 417 3248 me
437 3195 595 3249 uestimentis
618 3191 729 3260 solutis,
751 3205 776 3249 ct
801 3195 952 3252 indumento
1004 3207 1065 3249 eum
1081 3192 1220 3264 regiminis
1243 3195 1383 3265 suscepit,
1398 3202 1427 3249 et
1449 3192 1562 3266 negligit
1580 3194 1607 3249 in
1627 3195 1669 3251 bis
1685 3197 1799 3253 summis

150 3287 265 3356 justitior
279 3285 450 3340 circmndcdit
464 3301 506 3339 me
517 3285 593 3357 quusi
606 3299 731 3357 sponsum
745 3285 896 3340 decoratum
909 3303 953 3340 co·
1003 3286 1096 3350 rebus,
1111 3286 1182 3354 quod
1198 3293 1239 3340 est
1253 3301 1388 3340 summum
1401 3285 1595 3341 misericordiae
1610 3285 1668 3354 Dei,
1682 3303 1798 3343 avocare

156 3394 240 3443 rouo,
257 3385 281 3431 et
295 3377 370 3448 quusi
385 3393 508 3447 sponsam
524 3385 645 3431 ornatam
666 3375 807 3431 monilibus
826 3378 891 3432 ouis.
918 3378 953 3433 Et
1003 3378 1106 3434 amieos
1125 3376 1256 3442 fidelium,
1276 3383 1303 3431 et
1324 3376 1422 3447 quaerit
1445 3376 1657 3432 consolationem
1682 3387 1710 3433 et
1734 3394 1798 3434 aro·

156 3477 220 3538 post
236 3469 326 3539 aliqua
350 3487 357 3523 :
383 3467 521 3559 llobituttit
542 3469 611 3522 cuim
631 3467 732 3536 iuuenis
758 3485 818 3522 curn
840 3469 950 3538 uirgine,
1003 3466 1344 3532 reclamationibus,
1366 3467 1394 3522 in
1418 3466 1430 3506 l
1450 3468 1621 3523 ornamentis
1641 3469 1796 3535 ructallicis,

835 3583 974 3643 BALUle
992 3581 1109 3642 NOTAE.

193 3676 327 3748 tcorpm
351 3677 440 3748 capiti,
455 3678 483 3733 id
502 3685 555 3741 est,
575 3676 701 3734 Christus
717 3678 856 3734 Ecclesia.
872 3678 950 3733 Chri·
1002 3678 1106 3749 gregati
1133 3693 1177 3733 an.
1201 3678 1254 3735 899
1268 3679 1302 3734 ad
1326 3676 1493 3734 Ludoricum
1521 3677 1599 3734 Pium
1625 3681 1795 3736 scribentes:

154 3757 213 3805 stus
226 3749 299 3803 enirn
314 3756 357 3804 est
371 3757 451 3832 caput
478 3748 616 3805 Ecclesiae.
641 3749 663 3804 E
683 3749 767 3821 isoopi
780 3758 871 3805 autem
885 3756 949 3805 sunt
1005 3766 1014 3799 ι
1038 3746 1201 3803 Sacerdotes
1213 3749 1313 3818 partim
1334 3748 1402 3820 negti
1423 3749 1504 3814 entia,
1517 3749 1616 3822 partim
1630 3750 1793 3821 ignorantia,

154 3818 277 3874 mamhra
304 3834 352 3874 cor
371 3834 428 3873 orrs
454 3816 568 3885 Christi,
597 3834 652 3888 quo
683 3827 727 3875 est
754 3818 885 3874 Ecclesia.
903 3818 949 3873 Sic
1001 3818 1101 3890 partim
1116 3819 1275 3888 eupiditate,
1292 3817 1318 3872 in
1338 3766 1512 3875 saecularibus
1527 3819 1642 3891 negotiis
1655 3828 1682 3875 et
1694 3820 1796 3877 sollici-

154 3888 227 3970 enim
242 3835 653 4014 ειτὶὺὶὲειιςςοιὶιιιΙΙρξριιά
668 3888 827 4015 ΙΙιιιιιιὸιὶιιιιι
843 3890 950 4015 asrchie-
1003 3889 1247 3944 tudinibusmnudi
1272 3888 1343 3943 ultra
1376 3904 1458 3959 quam
1470 3889 1613 3946 debuerint
1630 3904 1660 3945 so
1677 3905 1794 3962 occupa·

175 3969 549 4084 rsffipflrsrrnosaoearrgiafflfflg
562 3961 950 4101 εέΙιιιξιιιῖῗιῐιιιιδοηῆιιιιιιιιιιιιιῖιῗἶ
1002 3966 1108 4084 vetuli·
1123 3979 1232 4084 diuitiis.
1253 4029 1367 4085 Damnat
1378 4029 1486 4085 divitias
1500 4030 1529 4085 in
1554 4031 1690 4102 episcopo,
1705 4040 1735 4088 ut
1749 4033 1796 4102 qui

154 4113 208 4170 que
220 4108 325 4170 patrem
340 4098 489 4171 Scriptura}
501 4114 585 4154 saone
611 4099 754 4169 profitetur
781 4100 948 4164 testimonio,
1000 4098 1104 4154 Christi
1119 4101 1246 4171 pauperis
1267 4099 1356 4154 locum
1371 4101 1399 4154 iu
1423 4100 1545 4156 Ecclesia
1561 4110 1660 4157 teneat.
1682 4100 1736 4158 Sed
1751 4103 1794 4157 in·

155 4183 206 4223 nos
233 4183 341 4238 quoque
358 4170 481 4223 membra
506 4169 627 4239 corporis
643 4167 703 4236 ejus
729 4170 763 4223 ad
788 4170 949 4224 imitandum
1001 4169 1108 4240 telligit,
1123 4170 1230 4239 opinor,
1246 4186 1308 4223 curu
1321 4171 1546 4240 episcopumesse
1561 4171 1733 4241 culpandum,
1748 4172 1795 4243 qni

155 4243 238 4306 caput
251 4252 359 4293 summo
377 4238 505 4293 debemus
530 4239 629 4293 mentis
645 4238 743 4294 allecto
766 4239 918 4295 intendere.
936 4260 947 4293 i
1001 4239 1104 4295 divitiis
1120 4240 1190 4294 male
1213 4241 1306 4303 utitur,
1322 4241 1356 4295 ad
1372 4240 1465 4294 luxum
1491 4242 1627 4306 videlicet,
1656 4243 1689 4298 ad
1707 4242 1796 4298 lihidi-

157 4304 364 4362 Eideeumdem
378 4307 600 4378 Gregoriumlib.
629 4325 662 4376 rr,
690 4310 770 4380 epist.
797 4309 948 4375 anetho.
1001 4323 1076 4374 nem,
1092 4311 1246 4374 avaritiam,
1260 4319 1287 4364 et
1311 4311 1700 4368 ceteramalarummentium
1716 4311 1793 4368 vitia.

157 4392 205 4440 vu,
235 4378 315 4448 epist.
332 4377 393 4432 ll0.
961 4378 1069 4473 DNam
1084 4380 1129 4450 qui
1146 4395 1279 4451 pauperes
1292 4381 1388 4446 trtrtrit,
1411 4380 1543 4437 ecclesias
1567 4384 1692 4447 aedificat,
1708 4383 1794 4436 mittit

191 4448 206 4489 l
225 4446 324 4502 houm
339 4447 471 4518 regiminis
489 4451 612 4521 suscepit.
628 4451 747 4507 Audiant
759 4448 949 4522 episcopi-Ait
996 4455 997 4458 ’
1020 4450 1046 4505 ui
1061 4450 1173 4520 populos
1187 4451 1214 4505 in
1237 4451 1289 4505 ilde
1303 4451 1449 4515 instruant,
1469 4452 1493 4508 is
1507 4467 1572 4509 vero
1600 4468 1738 4522 nunquam
1752 4462 1794 4508 sat

155 4517 315 4589 hgohardus
331 4533 394 4573 eunt
407 4519 452 4589 qui
468 4520 671 4643 praeripeationis
687 4521 847 4647 officiumst
859 4522 948 4577 locum
999 4465 1152 4644 digesoerit,
1171 4522 1279 4576 tametsi
1295 4521 1442 4645 iniqmffls‘q's
1456 4523 1553 4646 bplteat
1564 4525 1717 4578 thesauros.

153 4602 172 4647 ι.
204 4589 294 4645 ’minis
308 4604 386 4645 susce
406 4592 465 4644 itet
490 4606 524 4645 ne
554 4591 603 4646 iit
629 4607 740 4649 oeraru
761 4607 796 4647 ue
827 4600 950 4647 atvena-
1095 4592 1318 4647 rnamentismeto
1342 4593 1398 4646 icis.
1425 4601 1468 4647 stu
1512 4593 1600 4648 isum
1629 4595 1728 4649 rariter
1743 4608 1792 4647 ex·

153 4603 233 4723 illarii,
259 4605 444 4729 aucupatigni,
476 4606 630 4729 piscgatigoni,
646 4608 825 4732 pectorisque
855 4663 946 4717 sacculi
1019 4662 1111 4717 rebrat
1131 4661 1209 4717 malis
1238 4662 1373 4733 episeopis
1399 4608 1686 4719 sanctospssermlrous
1708 4664 1794 4718 abitas

153 4729 372 4794 oblectamentis,
399 4732 472 4784 lrrrnc
502 4731 660 4801 episcopum
677 4748 730 4787 non
746 4748 816 4795 esse,
840 4732 888 4787 sed
902 4732 948 4787 de·
998 4675 1262 4796 lterevatlenacan
1287 4730 1434 4787 ilenricum
1457 4732 1644 4790 senonensem
1659 4734 1794 4802 arehiepi-

153 4805 317 4854 struetorem
335 4800 426 4869 operis
438 4799 543 4863 Dei,ae
556 4817 606 4872 per
620 4803 672 4858 hoc
697 4800 847 4870 adjutorem
869 4801 947 4857 Anti·
998 4817 1110 4873 scopum
1139 4804 1282 4858 scribens:
1303 4801 1455 4859 ‹Clamant
1478 4818 1544 4858 vero
1570 4804 1646 4868 nudi,
1673 4803 1793 4858 clatnant

153 4869 262 4926 christi.
280 4868 340 4924 Non
371 4869 715 4927 abhorrebatasententia
744 4873 947 4998 Agebardihr-
999 4870 1127 4937 famelici,
1143 4879 1357 4942 conqueruntur,
1377 4881 1405 4928 et
1418 4873 1513 4927 dieunt
1528 4892 1534 4927 :
1549 4873 1636 4930 Dicite
1649 4872 1793 4947 pontiilces

154 4939 271 5012 nulphus
286 4953 429 5010 episcopus
455 4937 667 5008 Aurelianensis,
696 4958 758 4998 cum
792 4958 832 4999 ace
852 4944 948 4999 adver·
998 4940 1026 4996 iu
1042 4940 1120 4997 lreuo
1136 4941 1280 5024 quidlacit
1295 4943 1414 4998 aurumi
1429 4941 1556 5013 Nunquid
1570 4959 1694 5000 aurunra
1714 4942 1793 4999 irena

155 5025 201 5065 nus
227 5010 383 5080 episcopum
411 5007 562 5065 Romanum
593 5011 764 5082 eloqueretur
791 5014 819 5069 in
843 5014 948 5085 synodo
997 5011 1104 5083 repellit
1117 5011 1205 5082 irrgus
1232 5013 1289 5067 sive
1312 5012 1456 5068 esurieml
1474 5011 1601 5069 lumenta
1630 5014 1793 5085 gradiuntur

153 5078 302 5151 llbemensi
319 5080 449 5135 aduersus
475 5077 656 5151 Arnrrlpbum,
683 5100 744 5155 cap.
771 5084 806 5139 28
823 5103 829 5138 :
848 5102 858 5135 t
876 5084 947 5150 Quid
997 5090 1094 5137 onusta
1121 5083 1246 5152 gemmis,
1260 5090 1289 5138 et
1305 5090 1397 5139 nostra
1423 5099 1476 5138 non
1492 5085 1595 5139 curatis
1621 5099 1702 5139 cntra
1721 5084 1791 5138 nrtda

154 5149 237 5215 hune,
252 5151 353 5221 inquit,
369 5150 672 5218 carcerariorum
687 5155 798 5210 sublimi
814 5155 885 5210 solio
903 5169 948 5208 re-
997 5151 1140 5222 caligulis?
1154 5152 1264 5217 Annuit,
1279 5153 1421 5219 catenula,
1437 5154 1630 5215 tintinnabula,
1641 5163 1668 5208 et
1682 5154 1792 5209 clavatae

154 5221 300 5288 ιίόιιιιιειιι,
313 5229 390 5278 reste
406 5236 542 5292 purpurea
564 5232 592 5278 et
605 5238 687 5279 aurea
703 5227 865 5289 radiantem,
881 5224 947 5295 quid
997 5223 1122 5292 quaedam
1136 5223 1272 5293 corrigiae,
1299 5224 1436 5293 multaque
1460 5225 1523 5279 talia
1543 5232 1599 5279 tarn
1614 5225 1735 5296 speciosa
1748 5239 1792 5277 co·

154 5287 237 5357 bunc,
251 5293 372 5362 inquam,
387 5307 447 5347 esse
465 5293 606 5348 censetis?
625 5293 757 5349 Nimirum
773 5295 795 5349 si
811 5295 946 5350 charitate
996 5290 1107 5356 loribus,
1124 5308 1206 5362 quam
1221 5293 1386 5353 ponderibus
1399 5295 1529 5364 pretiosa,
1549 5296 1683 5350 mulorum
1695 5295 1793 5364 depen-

154 5358 319 5428 destitultur,
346 5362 457 5432 solaque
481 5362 598 5418 scientia
624 5363 732 5419 inllatur
756 5372 784 5419 et
796 5363 943 5425 extollitur,
996 5361 1061 5417 dent
1079 5363 1248 5427 cervicibus,
1265 5363 1380 5418 fratrum
1395 5373 1487 5420 atatem
1502 5366 1632 5421 lateribus
1646 5380 1697 5420 nec
1709 5364 1792 5419 semi·

152 5426 393 5487 Antieltristusest
407 5432 433 5486 in
449 5433 549 5503 templo
564 5433 610 5488 ilci
632 5434 741 5499 sedens,
769 5444 797 5489 et
811 5449 840 5489 se
853 5441 946 5489 osteu-
996 5431 1096 5488 ciuetia
1127 5434 1290 5488 miserantes
1315 5435 1459 5504 apponitis.
1483 5455 1492 5486 ι
1513 5435 1606 5505 Neque
1621 5436 1655 5489 ab
1682 5435 1793 5494 institu-

153 5499 221 5554 oens
251 5509 378 5572 tanquam
409 5502 446 5555 sit
474 5502 555 5558 Deus.
574 5523 585 5556 t
603 5503 637 5560 Et
666 5520 773 5575 semper
800 5506 887 5559 visum
904 5511 946 5559 est
997 5509 1184 5572 toreotpatre
1209 5518 1259 5558 suo
1284 5505 1409 5559 dissentit
1424 5505 1522 5561 Petrus
1538 5505 1746 5561 (llarevallensis
1765 5504 1792 5559 in

153 5567 272 5624 aliemrm
293 5571 451 5641 adignitate
464 5572 624 5628 sacerdotali
639 5575 813 5630 sacularibus
829 5575 945 5646 negotiis
996 5572 1111 5642 epistola
1134 5587 1215 5642 quarn
1232 5575 1282 5630 snb
1303 5574 1412 5630 nomine
1434 5574 1499 5630 lesu
1517 5577 1617 5633 Christi
1631 5577 1740 5646 scripsit
1758 5576 1792 5628 ml

153 5645 181 5692 et
193 5638 419 5696 sollicitudinibus
431 5641 524 5697 muudi
539 5644 675 5714 occupari.
688 5643 762 5699 lstud
775 5645 847 5699 enim
861 5643 944 5699 etiam
996 5641 1180 5696 innocentium
1206 5643 1239 5698 tt
1264 5658 1361 5726 papam
1377 5646 1518 5701 etcuriam
1549 5645 1699 5702 llomanam
1721 5659 1793 5702 antro

153 5707 183 5764 in
201 5709 298 5782 seipsis
312 5709 422 5783 culpant
435 5710 553 5784 episcopi
565 5713 592 5769 in
605 5715 708 5784 syuodo
721 5714 868 5772 l‘arisiensi
881 5730 945 5770 con·
999 5711 1074 5768 1555.
1095 5710 1162 5768 liam
1173 5712 1201 5770 in
1216 5723 1304 5787 eapite
1314 5714 1349 5768 50
1361 5715 1398 5770 ita
1417 5715 1536 5786 loquitur
1551 5734 1557 5770 :
1580 5736 1589 5768 ι
1607 5716 1799 5772 Erltortatuur'
