3832 6120
145 275 199 331 tn
225 277 229 291 ⁴
688 274 795 332 Entsr.
813 279 860 335 ht)
879 278 1063 337 PROCERES
1083 277 1229 332 ntthltt.
1740 289 1756 343 ι
1758 289 1806 342 ῗ8,·

140 390 317 461 omnipotens
340 386 423 449 Deos,
448 401 568 441 omnium
592 387 716 443 conditor
733 398 761 446 ct
784 392 940 450 moderator
953 397 979 455 Α
992 398 1179 458 sequerentur.
1194 387 1286 443 Laesus
1300 401 1341 444 est
1356 389 1496 445 lllrilemun
1512 407 1527 445 a
1543 409 1623 447 seruo
1640 392 1788 466 dirrutum,

140 479 317 551 iustissimus,
334 476 380 547 qui
397 476 515 548 primum
526 477 664 533 homiuem
675 479 708 535 de
721 488 800 536 terrae
814 483 941 540 limoior-
992 495 1073 549 quem
1084 479 1185 535 Paulus
1202 479 1339 549 apostolus
1355 480 1381 535 in
1396 480 1510 537 viriculis
1523 484 1627 552 positus
1638 486 1670 539 ad
1687 486 1789 545 Christi

143 572 245 637 morit,
266 578 295 625 et
312 569 345 625 de
358 577 434 624 costa
448 569 507 640 ejus
529 568 695 639 adjutorium
707 570 746 626 illi
761 573 875 628 similem
889 576 940 633 sihi
991 570 1074 628 sidem
1090 570 1235 637 convertit,
1251 570 1323 627 sacri
1341 571 1512 644 baptismatis
1526 573 1599 630 lontc
1614 575 1717 644 abluit;
1738 595 1789 636 neu

143 663 227 727 iecit,
242 660 344 732 quique
357 675 390 715 ex
405 661 445 714 eis
463 675 543 714 omne
556 676 639 731 genus
654 662 802 719 humanum
816 668 894 735 quasi
907 683 940 723 ex
992 678 1074 733 supcr
1088 662 1130 717 his
1143 660 1284 715 Philemon
1298 664 1489 732 conqueritur,
1510 666 1558 720 sed
1580 666 1661 721 etiam
1677 670 1791 727 creden·

142 767 198 808 uno
211 750 284 806 loute
295 758 322 805 et
334 766 389 804 nna
402 749 494 805 radice
504 753 672 821 propagavit,
685 767 778 809 omnes
788 757 867 812 unius
877 773 942 813 con·
992 764 1048 810 tem
1061 763 1143 824 atque
1160 752 1328 823 baptizatum
1343 755 1421 824 quasi
1437 756 1543 811 viscera
1564 757 1685 828 Apostoli
1704 762 1790 818 susci·

142 843 255 899 ditionis
266 841 373 898 lecerit.
392 842 428 896 Et
442 841 505 898 licet
518 845 636 910 pcccatis
650 844 830 915 exigentibus,
843 844 940 915 justis·
991 848 1049 917 piat
1062 847 1234 902 admonetur.
1243 845 1317 913 eras
1329 861 1380 900 nos
1394 846 1571 902 auctoritates
1583 850 1659 918 sequi
1674 853 1788 920 cupien-

143 937 215 993 simo
229 945 257 992 et
277 935 463 992 occultissimo
477 937 535 1006 ejus
553 939 672 1008 judicio,
687 941 732 995 alii
755 943 871 998 divorsis
893 945 942 1000 ho·
991 945 1043 1004 tes,
1057 947 1086 993 et
1097 944 1274 1010 preceptum,
1287 936 1359 1005 quod
1369 937 1448 1007 quasi
1460 952 1492 994 cx
1507 938 1639 1006 imperiali
1653 940 1791 1009 protertur

142 1024 257 1080 nuribus
273 1025 422 1090 sublimati,
438 1025 484 1079 alii
498 1027 637 1083 servitutis
648 1028 716 1099 jugo
729 1031 850 1101 depressi
862 1040 941 1101 sunt,
991 1028 1168 1092 auctoritate,
1184 1026 1336 1098 transgredi
1352 1033 1513 1095 metuentes,
1536 1029 1674 1084 interduo
1696 1046 1790 1087 versa-

143 1120 184 1176 ιιι
206 1127 297 1175 tamen
320 1134 335 1173 a
358 1119 446 1175 servis
469 1120 608 1190 corporale
631 1123 812 1179 ministerium
826 1125 942 1183 dominis
991 1133 1053 1173 ntur
1066 1116 1195 1187 pericula.
1217 1114 1245 1172 Si
1260 1116 1332 1171 euim
1346 1125 1512 1188 pracceptum
1526 1117 1789 1186 illudobscrvamus,

143 1211 268 1267 exhiberi
280 1210 473 1277 minaverit,
493 1218 553 1266 uu·
575 1213 731 1269 interiorem
753 1215 890 1272 hominem
907 1218 943 1274 ad
991 1205 1120 1277 neglectis
1132 1205 1325 1261 ecclesiasticis
1343 1205 1456 1277 regulis,
1468 1205 1553 1264 Deum
1571 1207 1750 1278 oiicndimus;
1766 1215 1790 1270 si

144 1302 290 1375 imaginem
304 1316 381 1356 suam
399 1301 549 1368 conditum,
563 1304 629 1359 uulli
642 1305 797 1371 hominnm,
812 1307 878 1361 nulli
891 1323 941 1363 an·
991 1298 1041 1353 has
1054 1298 1204 1367 nndnifflnn
1220 1297 1392 1367 imperatoris
1414 1299 1627 1372 indignationem
1643 1319 1790 1372 rercrnurt

144 1394 277 1466 golornm,
295 1393 363 1448 nulli
377 1394 488 1450 omnino
501 1406 645 1461 creaturas,
659 1398 707 1453 sed
722 1398 773 1455 sibi
786 1399 835 1455 soli
849 1399 942 1457 voluc-
991 1389 1109 1443 unanime
1122 1402 1185 1444 ⁰⁰⁰¹
1199 1388 1214 1428 ¹³
1228 1388 1358 1460 magister
1372 1388 1521 1446 infidelium
1536 1388 1691 1448 indaennnnn
1702 1395 1792 1451 inens-

146 1487 183 1541 rtu
195 1501 256 1542 esse
268 1486 429 1557 subjectum.
446 1486 523 1543 unde
533 1495 562 1543 eu
573 1488 601 1543 qn
613 1488 672 1560 lege
688 1506 747 1557 sua,
761 1491 795 1547 de
807 1492 856 1548 pac
869 1508 942 1549 men.
991 1484 1085 1532 suntor
1096 1476 1175 1534 nobis
1186 1477 1367 1534 comminetur
1379 1489 1426 1532 sce
1438 1479 1536 1534 missos
1547 1479 1579 1534 de
1587 1481 1688 1551 palatio
1702 1483 1790 1539 addu-

144 1578 182 1632 tis
194 1580 334 1645 servitute,
357 1593 417 1648 quae
441 1578 480 1634 illi
501 1587 606 1636 tantum
628 1580 760 1649 debetur,
783 1585 939 1640 mandavit:
991 1575 1109 1634 eturnm,
1123 1567 1169 1637 ίιυἱ
1187 1583 1236 1639 pro
1250 1567 1402 1624 istiusfflfflii
1416 1569 1496 1624 libus
1511 1585 1561 1625 ¹³0⁵
1572 1571 1694 1642 iudicem
1708 1582 1735 1628 θῑ
1749 1574 1790 1630 di-

125 1668 470 1739 ,hominumhominurm
484 1672 604 1739 timebis,
620 1675 700 1729 earth
720 1675 772 1731 soli
785 1677 892 1731 menies.
908 1678 942 1733 lit
991 1659 1136 1731 Silifliassi·
1152 1658 1218 1727 0¹¹ae
1230 1674 1274 1715 ‘0⁸
1286 1675 1340 1714 ¹¹⁰⁰
1356 1660 1442 1715 ⁵⁰¹¹¹ffl
1462 1660 1542 1715 ¹¹⁰¹’is
1556 1661 1800 1732 perturbationem

144 1760 291 1832 Apostolus
315 1762 440 1817 eumdem
465 1762 624 1819 interiorem
648 1764 785 1822 homiuem
810 1768 843 1822 ab
867 1769 941 1824 omni
954 1760 979 1821 Β
992 1748 1090 1818 iffssfti
1110 1766 1204 1806 letum
1220 1751 1302 1807 ntinffl
1318 1752 1358 1806 tis
1375 1751 1421 1821 qui
1435 1751 1468 1806 ιι]
1483 1752 1563 1808 iidem
1577 1751 1656 1809 intiin
1667 1757 1800 1813 nnntnlt‘n

144 1865 227 1921 serus
239 1851 412 1919 otrannus,
428 1854 462 1909 au
480 1856 554 1910 omni
573 1856 722 1913 condimus
737 1865 764 1913 u
778 1861 886 1930 generis
898 1861 943 1916 ur.
991 1849 1285 1912 internuntiante
1311 1843 1417 1915 inserat
1442 1843 1791 1914 turritanensem

145 1941 246 1996 stantia
260 1942 375 1999 liberum
388 1960 449 2002 esse
462 1947 662 2015 demonstrans,
675 1949 713 2004 ita
729 1950 826 2006 docet:
840 1952 943 2024 Enyo.
992 1944 1034 1992 cst
1047 1936 1198 2007 prudentias
1212 1937 1358 1993 aestimare.
1372 1936 1458 2004 Unde,
1472 1937 1569 1994 Patres
1582 1941 1746 1999 sanctissimi
1757 1936 1791 1999 ati

142 2029 239 2087 liariter
253 2051 297 2089 ros
309 2045 420 2091 ueterem
433 2038 564 2093 homiuem
579 2055 639 2093 cum
655 2039 758 2095 actibus
770 2042 845 2112 ejus,
859 2053 883 2098 et
897 2045 941 2098 iu·
992 2029 1048 2087 Deo
1064 2032 1256 2097 tmaniiSSifflir
1279 2032 1337 2088 inne
1356 2040 1450 2088 nOSiln
1472 2031 1592 2103 pericula
1607 2034 1685 2104 quusi
1699 2043 1791 2091 restra

145 2123 255 2179 uiuentes
268 2143 372 2191 nouum,
388 2145 448 2182 eum
462 2129 507 2201 qui
520 2141 660 2186 reuertatur
671 2133 701 2187 iu
715 2135 886 2204 equitiomm,
902 2155 943 2193 sc-
991 2123 1043 2193 piis
1054 2123 1152 2178 ‘mimis
1165 2123 1377 2193 ιιιιθιιῧθΰῑθι»
1396 2122 1556 2177 intercedite
1570 2123 1640 2193 apud
1657 2124 1793 2180 Christia-

74 2208 80 2217 '
143 2215 261 2270 cundum
279 2219 420 2289 imcqr'nem
434 2220 492 2290 ejus
505 2225 551 2293 qui
565 2224 662 2278 creavit
681 2241 741 2279 eum
752 2241 762 2289 ;
780 2225 825 2279 uti
839 2244 892 2282 „072
904 2239 942 2285 m
992 2215 1134 2272 nissimum
1146 2225 1173 2270 et
1183 2215 1425 2271 clementissimum
1437 2215 1640 2287 imperatorem,
1657 2226 1686 2271 ut
1697 2217 1793 2288 hujus·

143 2304 249 2372 perutilis
266 2315 290 2360 et
302 2306 425 2373 toruos,
440 2311 606 2367 circumcisio
621 2322 645 2367 et
657 2317 826 2385 preputium,
841 2309 944 2374 Burbu·
992 2308 1064 2363 naudi
1085 2308 1306 2380 impetiifflssssfflffl
1325 2308 1358 2364 (Ῑθ
1376 2316 1470 2364 Sancta
1493 2307 1615 2364 Efflssssiss
1638 2308 1789 2380 iflsffl'iliffl'a

144 2409 191 2448 rus
207 2403 232 2448 et
247 2394 497 2466 Septimanorum
515 2400 595 2467 libem
610 2403 655 2457 aed
671 2405 759 2458 omniu
772 2416 796 2459 et
814 2407 842 2460 iu
858 2411 942 2463 ouum.
992 2411 1020 2457 ct
1034 2403 1106 2458 inter
1118 2401 1202 2457 multa
1218 2412 1245 2457 et
1257 2402 1377 2457 maxima
1390 2418 1451 2472 qum
1465 2402 1587 2471 piissime
1599 2412 1624 2457 et
1639 2401 1796 2471 justissime¹

142 2487 193 2542 itt
208 2487 339 2544 Christus.
992 2493 1020 2549 in
1032 2494 1130 2549 tradito
1146 2503 1174 2550 et
1188 2501 1350 2550 conservato
1373 2493 1425 2548 sibi
1445 2508 1460 2547 a
1478 2492 1588 2548 Christo
1602 2493 1723 2563 disponit
1737 2494 1790 2549 im·

177 2576 247 2633 Cum
264 2594 329 2651 ergo
344 2581 371 2636 hi
383 2583 428 2653 qui
443 2584 476 2638 ad
490 2584 654 2656 baptismum
669 2591 790 2657 veniunt,
803 2607 853 2664 per
866 2593 942 2666 agni·
992 2589 1077 2657 perio,
1092 2590 1174 2644 etiam
1190 2588 1253 2644 huic
1268 2588 1307 2644 rei
1320 2594 1430 2658 propter
1447 2601 1567 2641 amorem
1587 2586 1672 2656 ipsius
1686 2584 1796 2642 Christi

142 2669 245 2724 tionem
268 2669 409 2728 Creatoris
430 2675 458 2729 in
482 2676 613 2734 interiore
635 2680 802 2754 hominequi
819 2684 853 2740 ab
867 2687 942 2742 omui
992 2681 1248 2738 misericordissima
1271 2689 1299 2736 et
1320 2679 1401 2735 solita
1421 2679 1543 2735 bonitate
1569 2686 1728 2744 succurrat:
1754 2695 1795 2736 ue

141 2761 283 2816 seruitutis
292 2764 448 2820 conditione
457 2764 526 2822 liber
539 2776 590 2832 est
604 2783 785 2840 renoventur;
798 2788 858 2843 quae
872 2776 942 2832 ratio
992 2771 1099 2836 animan,
1112 2786 1146 2827 en
1160 2771 1259 2840 tinibnn
1277 2785 1344 2842 itinn
1366 2767 1488 2825 fidelium
1511 2770 1604 2841 nitenti
1619 2777 1745 2840 poterat,
1762 2776 1798 2825 tt-

142 2865 207 2906 esse
222 2860 311 2922 potest
325 2862 356 2910 nt
367 2856 394 2911 id
408 2858 480 2912 servi
493 2858 603 2930 absque
617 2863 752 2932 permissu
769 2864 941 2922 dominorum
992 2877 1041 2933 pro
1056 2877 1170 2932 quarum
1188 2861 1303 2918 salutem
1323 2861 1350 2915 in
1369 2859 1464 2915 diebus
1489 2860 1626 2929 passionis
1641 2857 1790 2915 Dourinicaa

141 2932 255 2999 suorum
268 2949 398 3019 nnnanni
413 2950 630 3020 prohibeantur,
646 2969 697 3011 nec
712 2957 816 3013 servire
831 2959 871 3014 eis
885 2958 941 3016 [teo
992 2952 1026 3007 ah
1039 2951 1185 3008 universali
1197 2951 1319 3009 Ecclesia
1331 2950 1387 3006 neo
1402 2948 1414 2989 t
1428 2949 1534 3021 publice
1549 2950 1728 3021 supplicatur,
1740 2950 1791 3005 ob-

140 3036 239 3104 liceat,
261 3039 313 3094 nisi
334 3040 472 3096 licentiam
491 3043 526 3099 ab
543 3045 698 3102 hominibus
713 3049 941 3119 impetraverint?
993 3043 1106 3100 sistente
1132 3042 1283 3100 infidelium
1312 3050 1340 3097 et
1360 3042 1417 3098 ⁰00
1441 3041 1643 3098 adversantium
1672 3040 1787 3106 duritia,

1812 1170 1818 1199 t

139 3126 222 3184 Certe
236 3129 262 3184 in
275 3130 391 3201 epistola
404 3133 439 3187 ad
458 3134 633 3218 Timotheum
652 3138 724 3194 idem
738 3140 885 3211 Apostolus
899 3129 974 3197 sicC
991 3137 1072 3192 ctiam
1089 3136 1155 3193 dicti
1169 3134 1296 3207 precepti
1311 3135 1456 3192 occasione
1470 3132 1568 3190 diaboli
1584 3132 1687 3203 laqueis
1701 3148 1788 3188 rema-

137 3221 286 3290 pracepit:
302 3221 457 3295 Quicunque
479 3234 541 3280 suut
564 3226 611 3281 sub
627 3228 694 3299 jatqo
712 3232 795 3298 serui,
818 3232 940 3289 domiuus

138 3325 203 3364 auos
217 3313 289 3366 omui
300 3313 400 3368 honore
420 3315 513 3385 aliquos
526 3312 711 3387 arbitrentur,
731 3337 763 3375 uc
778 3338 872 3377 nomeu
885 3323 939 3379 Do·

140 3403 209 3457 mirri
221 3413 247 3458 et
259 3405 380 3460 doctriua
393 3405 595 3478 blasphemetur.
614 3411 667 3478 Qui
678 3421 766 3468 autem
777 3413 869 3483 fideles
886 3415 938 3469 ltu-

140 3491 202 3548 mut
216 3494 352 3561 dominos,
372 3513 424 3551 nou
448 3509 633 3567 contemnunt,
657 3503 720 3573 quio
742 3502 838 3574 [ratres
852 3514 937 3571 aarum

140 3584 188 3639 aad
198 3588 279 3656 muqis
292 3589 485 3658 tertiumque
496 3591 586 3661 fideles
596 3603 667 3661 suut,
679 3603 708 3650 et
717 3606 817 3653 caetera
828 3597 855 3670 (ι
868 3597 935 3654 Tim.

140 3690 180 3740 ru,
198 3675 236 3748 l).
252 3677 281 3732 lu
295 3679 394 3750 quibus
407 3681 500 3738 verbis
514 3684 656 3742 evidenter
672 3687 706 3743 de
720 3689 846 3746 omnibus
859 3689 939 3746 Chri·

141 3765 240 3823 stianis
253 3768 351 3836 servis,
367 3772 415 3827 sed
434 3788 549 3842 quorum
563 3775 610 3829 alii
624 3775 759 3845 fidelibus,
779 3779 825 3835 alii
840 3780 938 3837 iulide-

141 3856 212 3913 libus
223 3858 340 3917 dominis
352 3864 518 3933 serviebant,
534 3866 664 3938 loquitur.
680 3870 716 3925 Et
734 3880 826 3928 mmen
841 3872 938 3930 iulide*

140 3947 208 4004 lium
219 3950 389 4009 dominorum
401 3957 488 4012 servis
497 3967 633 4030 praecepta
644 3961 801 4017 constituit:
815 3962 861 4033 qui
873 3973 939 4019 tuuc

141 4040 236 4113 utiquc
250 4044 338 4102 adhue
355 4045 524 4105 infidelitatis
538 4050 646 4107 viuculo
666 4059 823 4108 tenerentur
836 4054 937 4110 obstri-

140 4136 190 4202 cti,
205 4136 228 4191 si
244 4138 271 4192 in
284 4139 334 4193 hac
352 4156 382 4195 re
394 4154 489 4197 eornm
508 4142 607 4212 quihus
621 4145 776 4201 serviebant
794 4146 937 4203 arbitrium

990 3238 1074 3285 neunt
1086 3228 1239 3299 inplicata.
1256 3226 1336 3284 Certe
1349 3227 1377 3283 iu
1392 3226 1477 3283 sacris
1490 3224 1640 3281 canonibus
1654 3224 1788 3281 constitu·

991 3325 1058 3385 tum,
1074 3325 1105 3372 ut
1118 3319 1141 3373 si
1155 3317 1202 3389 qui
1217 3332 1251 3373 ex
1265 3316 1305 3373 eis
1320 3316 1353 3371 ad
1368 3316 1532 3387 baptismum
1546 3314 1687 3379 venerint,
1707 3313 1729 3370 si
1741 3329 1797 3368 vo·-

989 3409 1070 3466 luerit
1084 3410 1240 3482 episcopus,
1252 3408 1295 3466 vel
1308 3409 1421 3480 quilibet
1435 3407 1566 3474 lidelium,
1580 3405 1731 3462 redimendi
1741 3419 1789 3462 eos

989 3503 1090 3560 lrabeat
1113 3511 1275 3574 potestatem
1302 3502 1312 3574 ι
1323 3502 1391 3557 vide
1415 3502 1461 3556 lib.
1489 3500 1521 3555 dc
1539 3499 1605 3555 lud.
1631 3500 1764 3570 superstit.
1779 3539 1798 3562 ,.

989 3611 1049 3666 cap.
1068 3594 1105 3667 6).
1120 3595 1196 3662 Quod
1211 3610 1262 3650 uus
1277 3593 1456 3650 libentissime
1473 3591 1566 3648 lacere
1578 3593 1720 3662 cupimus;
1735 3590 1788 3646 hoc

989 3685 1176 3741 tautummodo
1186 3684 1357 3756 postulantes
1369 3692 1400 3738 ut
1412 3683 1453 3740 eis
1467 3682 1592 3738 veniendi
1609 3682 1643 3736 ad
1655 3681 1735 3736 fldem
1750 3680 1790 3736 la·

989 3774 1076 3831 cultas
1091 3774 1176 3830 libera
1195 3773 1340 3828 tribuatur.
1365 3771 1421 3828 liec
1444 3773 1496 3827 hoc
1513 3772 1630 3826 dicimus
1653 3769 1725 3839 quod
1747 3769 1789 3826 eia

990 3863 1061 3920 lilios
1085 3863 1127 3919 vcl
1151 3878 1246 3919 servos
1270 3876 1364 3916 eorum
1386 3859 1519 3915 violenter
1542 3857 1705 3913 auferendos
1725 3873 1789 3916 csse

990 3952 1149 4016 sentiamus,
1164 3950 1212 4008 scd
1225 3958 1255 4005 ut
1269 3951 1438 4007 venientibus
1449 3951 1482 4006 ad
1496 3947 1577 4006 hdcm
1589 3949 1623 4006 ab
1634 3947 1788 4008 inlidelibus

990 4043 1100 4099 licentia
1115 4058 1170 4099 non
1186 4049 1309 4114 negetur.

829 4237 966 4297 aauuzn
985 4222 1102 4297 norm.

176 4332 190 4360 ι
209 4319 293 4376 luter.
309 4323 381 4380 hcm.
395 4325 430 4380 ud
444 4328 586 4399 irucqiuem
597 4344 683 4385 suam.
697 4329 856 4401 agobardus
869 4345 934 4413 ergo

1022 4331 1036 4371 t
1058 4330 1167 4389 Publice
1186 4332 1359 4405 supplicatur,
1375 4329 1503 4384 nimirum
1522 4344 1572 4399 pro
1594 4328 1710 4395 ludaeis,
1735 4347 1789 4402 pro

141 4389 344 4473 similitudinem
357 4396 405 4453 bei
423 4407 538 4479 quaeest
557 4400 584 4453 in
604 4400 727 4466 homine,
745 4401 887 4485 constituit
905 4419 932 4458 ιιι
946 4403 973 4463 Ι)
986 4418 1102 4486 quorum
1118 4407 1295 4486 conversione
1308 4400 1422 4485 singulis
1440 4401 1521 4480 annuis
1542 4408 1603 4454 orat
1621 4400 1743 4484 Ecclesia
1757 4403 1785 4459 iu

140 4477 241 4525 anama,
257 4479 311 4518 non
325 4475 415 4522 autem
429 4485 458 4522 m
468 4484 592 4540 corpore.
609 4468 676 4527 vite
689 4480 767 4528 notas
785 4473 819 4529 ad
833 4483 934 4542 episto·
988 4475 1083 4529 diebus
1097 4473 1236 4529 Passionis
1248 4473 1406 4537 homimem,
1420 4479 1449 4526 ut
1461 4478 1498 4523 art
1507 4468 1676 4540 hgobardus,
1692 4472 1785 4537 idest,

139 4530 194 4595 lam
220 4531 256 4587 30
274 4533 342 4606 Lupi
360 4536 542 4594 l'errariensis
563 4549 591 4595 et
610 4542 644 4596 ad
666 4541 764 4598 librum
787 4543 820 4599 de
836 4543 935 4599 l'rihus

142 4601 356 4674 Quaestionibus,
371 4623 434 4680 paq.
450 4609 514 4664 lli.
528 4609 587 4665 hlia
602 4611 678 4667 luere
694 4610 849 4670 iudieomm
867 4614 933 4669 deli-

140 4681 281 4740 ramenta,
305 4678 351 4746 qui
371 4694 469 4750 corpus
487 4682 635 4737 humanum
659 4684 694 4738 ad
717 4684 862 4755 imaginem
885 4682 934 4739 llei

140 4741 242 4799 tactum
261 4749 409 4816 putabant,
428 4760 458 4805 nt
476 4751 635 4823 hgobardns
653 4753 748 4810 scribit
767 4754 794 4809 in
813 4753 883 4810 libro
900 4755 934 4810 dc

139 4812 260 4871 iudaicis
272 4820 523 4889 superstitionibus,
539 4838 600 4895 cap.
617 4824 659 4878 to.
676 4823 735 4892 Quo
756 4824 815 4879 loco
834 4823 935 4879 llasso-

140 4899 192 4940 uns
215 4886 356 4944 adnotavit
374 4892 401 4946 in
419 4895 541 4966 margine
558 4895 617 4951 haec
630 4894 785 4951 ludaeorum
808 4892 936 4965 figmenta

140 4955 168 5009 in
180 4951 284 5041 Cabala
293 4974 401 5043 quoque
411 4963 474 5035 legi.
794 5035 800 5047 ·

177 5025 191 5066 n
210 5025 340 5100 Muquter
353 5033 402 5102 aas.
418 5035 584 5090 iudeorum.
601 5034 748 5092 Evrardus.
770 5035 837 5092 liade
855 5050 938 5106 supra

139 5093 169 5177 iu
184 5098 257 5154 uotis
269 5101 304 5156 ad
322 5101 420 5159 librum
438 5105 471 5161 de
484 5105 622 5177 baptismo
640 5105 817 5163 ludaicorum
835 5109 938 5164 manci-

138 5180 257 5237 prorum.

177 5248 189 5276 ι
211 5236 307 5296 flium
320 5243 353 5298 de
363 5244 472 5316 putatio,
487 5247 576 5315 idest,
591 5249 689 5306 missos
703 5247 863 5305 dominicos.

989 4543 1056 4600 teria
1070 4553 1167 4616 quarta
1182 4544 1292 4615 llajoris
1302 4541 1491 4597 llebdomadec.
1505 4540 1601 4620 Exstat
1612 4541 1683 4621 enim
1697 4541 1786 4624 oratio

988 4630 1049 4687 qnae
1063 4623 1119 4670 tum
1136 4615 1265 4684 temporis
1274 4613 1408 4684 publicea
1422 4609 1608 4664 sacerdotibus
1623 4626 1650 4664 rn
1662 4610 1782 4668 uectem

989 4687 1119 4741 recitatur
1133 4701 1183 4756 pro
1204 4686 1255 4742 hac
1274 4697 1366 4739 carisa.
1388 4680 1534 4735 liliabanus
1557 4679 1583 4733 in
1604 4680 1674 4734 libro
1689 4689 1784 4761 contra

990 4755 1096 4812 lndaeos
1109 4773 1171 4828 cap»
1185 4756 1202 4810 l
1214 4757 1326 4827 loquens
1341 4752 1374 4807 de
1388 4749 1488 4805 ludaeis
1508 4767 1514 4804 :
1534 4768 1544 4832 u
1563 4749 1619 4804 luno
1637 4760 1787 4834 et'pejores

990 4828 1134 4893 haercticis,
1158 4829 1228 4883 sicut
1241 4842 1288 4882 eos
1306 4821 1426 4878 Ecclesia
1444 4820 1576 4875 catholica
1594 4836 1654 4876 esse
1667 4823 1782 4903 judicat,
1806 4838 1809 4861 ι

986 4914 1046 4968 qum
1062 4899 1089 4953 in
1103 4900 1198 4954 diebus
1210 4894 1357 4952 hominium
1368 4891 1506 4948 Passionis
1524 4899 1586 4960 post
1600 4893 1741 4947 lrtcrutrcos
1754 4901 1784 4960 et

986 4969 1183 5033 schismaticos,
1199 4978 1227 5024 et
1239 4981 1323 5039 prope
1335 4978 1463 5035 paganos,
1480 4963 1581 5031 procis
1597 4973 1667 5017 orat.
1687 4981 1698 5014 ι
1714 4961 1781 5046 item

986 5055 1047 5110 cap.
1061 5039 1095 5094 59
1112 5055 1119 5092 ι
1140 5057 1148 5090 ι
1166 5041 1222 5095 lmo
1240 5052 1334 5093 eorum
1349 5050 1441 5089 veram
1456 5033 1583 5114 salutem,
1599 5047 1648 5113 pro
1661 5047 1714 5113 qua
1728 5032 1782 5088 hc-

986 5110 1069 5167 clcsia
1090 5109 1245 5166 solemniter
1262 5122 1342 5162 orare
1363 5111 1527 5184 consuevit,
1542 5113 1785 5183 veraciternmqut-

987 5189 1093 5242 rentes,
1117 5195 1256 5237 servemus
1274 5192 1337 5250 erga
1361 5191 1408 5232 cos
1432 5173 1643 5229 ecclesiasticam
1668 5186 1781 5229 sinceri.

986 5260 1080 5308 tatem.
1098 5271 1106 5305 ι
