3832 6120
92 299 164 358 titt
659 291 860 351 mutuum
878 289 1156 350 ecetesttstmu.
1656 292 1723 349 iiii

91 414 177 472 tudini
189 412 332 484 suggesse,
344 418 375 466 ιιι
387 424 468 479 super
485 410 530 465 his
542 407 623 465 rebus
632 409 766 464 restitutis
775 423 879 479 prece·
892 412 918 472 Α
931 407 1035 478 religio,
1047 414 1076 464 et
1088 421 1138 477 pro
1150 405 1239 471 nobis,
1251 404 1364 477 corduno
1377 405 1507 478 proleque
1519 415 1624 474 nostra,
1633 417 1662 465 ct
1672 424 1723 479 prs

91 505 190 576 poenis
203 512 303 558 nostrae
315 500 549 557 confirmationem
566 500 620 555 sibi
639 501 881 571 duceinberemus.
933 498 1084 557 stabilitate
1098 497 1174 569 regui
1192 497 1279 553 nostri
1299 511 1394 554 seruos
1410 497 1516 553 Domini
1536 498 1592 556 iilic
1603 516 1725 559 comme·

91 595 174 665 tinius
184 592 355 662 petitionem,
368 591 433 660 quia
452 590 620 646 mundabitis
631 591 710 647 uobis
728 590 881 657 videbatur,
933 598 1030 645 unates
1043 588 1185 644 ardentius
1196 601 1278 643 orare
1290 585 1417 644 delectet.
1438 585 1664 676 Prreeepuumque
1676 606 1726 647 no·

91 682 262 741 meracum
274 683 424 754 perducere
439 681 594 738 curavimus
620 700 626 735 ι
646 689 797 737 sumentes
817 695 883 753 ergo
933 690 998 736 strae
1012 679 1186 736 auctoritatis
1203 677 1257 736 iliis
1271 677 1330 733 fieri
1346 675 1494 748 jussimus,
1512 694 1567 749 quo
1580 680 1727 738 coniirma·

90 774 225 845 iuhemus,
237 784 364 845 utsupra
376 774 531 829 nominatas
544 788 589 828 res
599 770 749 842 cozpertus
758 773 882 844 pseedieti
933 773 1023 829 simus
1035 772 1089 827 iilis
1102 779 1196 827 nostra
1209 770 1406 827 deliberatione
1418 779 1501 843 atque
1512 772 1624 829 decreto
1634 774 1727 830 omuia

90 866 250 924 monasterii
271 867 376 932 abbas,
398 879 624 933 successoresque
649 862 709 931 ejus
737 878 786 933 per
813 863 884 918 hanc
934 879 995 934 qnia>
1017 862 1233 933 predecessores
1255 862 1341 917 nostri
1363 861 1424 918 ioco
1446 862 1534 921 eidem
1556 871 1728 930 statuerunt,

90 966 192 1016 nostrai
203 956 376 1011 auctoritatis
388 953 623 1011 confirmationem
643 952 741 1009 abhinc
763 952 790 1006 ιιι
810 950 883 1006 intu-
935 956 993 1012 sine
1015 953 1135 1024 quandiu
1160 953 1196 1009 ibi
1220 955 1288 1009 ordo
1310 953 1433 1010 iioruerit
1456 956 1643 1021 monasticus,
1671 956 1730 1014 sire

91 1066 152 1106 rum
171 1048 331 1104 firmissime
354 1055 465 1104 teneant
493 1055 575 1116 atque
597 1045 774 1116 possideant,
796 1058 883 1114 neque
935 1045 1079 1114 deinceps;
1098 1051 1153 1099 ιιιιιι
1169 1059 1202 1100 ea
1215 1059 1276 1114 quae
1287 1042 1346 1114 jam
1360 1045 1633 1102 commemoravimus
1647 1062 1728 1117 quartu

51 1201 54 1205 ,
90 1144 240 1214 sqnoiibet
255 1142 373 1199 tidelinm
394 1144 495 1194 sanetae
508 1136 556 1191 Dei
578 1135 717 1200 Ecclesiae,
729 1143 811 1205 atque
836 1132 896 1190 no?
934 1152 967 1192 ea
985 1152 1046 1206 quur
1065 1136 1210 1206 preceptis
1232 1135 1293 1191 aliis
1313 1135 1490 1192 continentur
1504 1136 1537 1193 de
1552 1139 1681 1195 mercatis
1700 1147 1730 1196 et

90 1244 221 1298 strornm,
234 1233 277 1287 rei
291 1227 459 1300 acnjusiibet
471 1225 583 1282 lionoris
596 1234 643 1279 aut
664 1224 809 1294 potestatis
822 1239 884 1295 per·
933 1228 1077 1299 portubus,
1094 1243 1176 1297 quam
1191 1236 1219 1284 et
1233 1228 1268 1283 de
1282 1228 1390 1284 urbium
1406 1230 1490 1294 areis,
1503 1236 1531 1284 et
1546 1230 1574 1284 in
1587 1230 1657 1286 riilis
1670 1246 1730 1287 ser·

91 1341 157 1391 sona
173 1323 228 1377 nilo
239 1336 356 1391 unquam
377 1327 500 1389 tempore
513 1332 528 1370 a
542 1315 604 1385 jure
617 1315 739 1385 predicti
751 1322 884 1370 monaste·
935 1317 1024 1372 randa
1039 1325 1095 1373 tam
1110 1317 1207 1373 incolis
1222 1332 1304 1386 quam
1317 1317 1468 1384 incolabus,
1483 1327 1513 1374 ut
1525 1320 1639 1386 scilicet,
1658 1321 1731 1376 sicut

90 1417 125 1472 rii
145 1415 338 1477 subtrabatur,
349 1412 396 1468 sed
409 1411 498 1481 potius
512 1424 547 1465 ex
560 1408 612 1464 bac
626 1416 726 1463 nostrae
739 1407 885 1462 anctorita—
936 1406 1087 1463 anteriores
1100 1422 1132 1463 ae
1144 1406 1303 1463 decessores
1315 1408 1402 1464 nostri
1414 1409 1604 1475 decreuerunt,
1618 1410 1656 1465 ite
1669 1425 1731 1482 per-

92 1504 128 1560 tis
139 1502 344 1558 condmtatinne
356 1506 514 1571 perpetuam
540 1504 632 1553 sumat
655 1497 821 1552 drmitatem.
850 1496 885 1552 Et
936 1507 1065 1554 maneant
1079 1499 1248 1556 inconvulsa.
1275 1498 1349 1556 Saue
1369 1508 1477 1557 ιιιιιιιιιι
1495 1517 1590 1558 omncs
1613 1502 1731 1559 maxime

92 1605 123 1653 ut
138 1599 197 1653 haec
213 1595 363 1657 auctoritas
379 1593 480 1649 nostris
497 1591 649 1660 futurisque
662 1589 830 1660 temporibus
843 1589 885 1644 iu·
936 1588 1123 1660 nossessiones
1141 1591 1198 1662 jaun
1218 1591 1284 1647 dieti
1305 1592 1462 1648 monasterii
1485 1593 1646 1648 donationes
1668 1607 1731 1649 csse

92 1688 244 1744 violabilem
265 1695 347 1755 atque
361 1684 545 1741 inconvulsam
565 1683 688 1739 obtineat
711 1680 882 1746 firmitatem,
938 1681 1069 1744 iideiium.
1087 1683 1134 1751 qui
1149 1681 1251 1753 pradia
1264 1696 1315 1737 sua
1329 1697 1391 1738 cum
1406 1682 1548 1752 mancipiis
1562 1684 1597 1737 cb
1610 1696 1731 1737 amorem

93 1776 185 1833 sonuli
199 1776 283 1831 nostri
298 1775 476 1845 impressione
488 1788 549 1829 eam
558 1772 660 1844 signari
668 1770 810 1841 jussimus.
897 1758 921 1818 B
936 1769 1041 1827 Domini
1056 1779 1083 1828 et
1097 1771 1127 1828 S.
1142 1771 1252 1843 Sulpitii
1267 1770 1356 1828 eidem
1369 1772 1429 1829 ioco
1442 1773 1644 1844 cleleqarerunt.
1661 1773 1729 1840 Quia

127 1865 279 1922 Gundniius
290 1878 303 1906 ¹
314 1865 349 1921 ud
361 1867 448 1921 sicem
461 1865 595 1936 Fridugisi
609 1863 754 1934 recognovi
774 1870 802 1918 et
821 1861 885 1917 sub-
935 1878 1016 1929 sero,
1025 1872 1054 1918 ut
1067 1863 1154 1920 relatu
1164 1861 1220 1933 ium
1233 1864 1366 1920 nominati
1379 1866 1485 1921 abbatis
1496 1865 1651 1933 didicimus,
1663 1881 1730 1923 suus

90 1958 201 2027 serlpsi.
241 1991 244 1994 -
863 1955 870 1966 '
936 1955 1103 2027 induigentia
1127 1956 1308 2026 quommdnm
1332 1956 1389 2025 ipsa
1415 1956 1517 2013 inmitia
1538 1958 1731 2029 injudicando

128 2047 195 2102 bata
212 2063 248 2102 rr
270 2047 330 2102 iial.
345 2047 437 2114 biart,
456 2061 527 2103 nono
550 2047 790 2118 Christopropitic
803 2047 821 2104 8
834 2047 887 2103 im·
937 2045 1037 2102 dicitur
1052 2045 1138 2116 legem
1153 2060 1265 2102 seruare
1284 2045 1427 2111 servilem,
1447 2046 1482 2102 ob
1497 2047 1550 2103 hoc
1563 2049 1673 2117 quidam
1686 2063 1732 2104 ec-

93 2138 161 2208 perii
171 2137 262 2193 domni
278 2137 405 2193 Ludoviei
417 2137 533 2207 piissimi
543 2136 672 2208 Augusti,
683 2137 829 2193 indictione
841 2137 884 2192 ii.
936 2135 1026 2194 etesia
1040 2136 1212 2202 detrectant,
1236 2150 1300 2192 cusu
1322 2135 1375 2192 sibi
1397 2136 1560 2207 aliquotiens
1579 2135 1734 2210 junguntur

92 2226 191 2284 ictum
202 2228 366 2300 Aquisqrnni
381 2230 395 2271 i
409 2228 511 2299 palatio
527 2228 603 2300 regio
615 2228 644 2283 iu
663 2228 712 2284 iiei
724 2230 834 2285 nomine
847 2227 888 2285 ie·
937 2225 1066 2293 familie,
1088 2225 1249 2282 divisionem
1268 2240 1379 2282 serrare
1398 2226 1523 2297 legalem.
1549 2227 1627 2285 Unde
1642 2229 1732 2286 edem

94 2317 304 2374 beitenhmeu.
937 2317 1011 2375 testi
1029 2326 1125 2374 nostro
1138 2317 1280 2374 Rartlncbo
1292 2319 1396 2388 petenti
1416 2320 1533 2390 benigue
1545 2321 1732 2387 concedimus,

439 2408 531 2466 xcix.
937 2418 969 2468 ut
979 2409 1197 2479 quandocunque
1210 2408 1313 2465 familia
1327 2408 1357 2465 S.
1372 2409 1482 2479 Sulpicii
1496 2410 1606 2468 iauddae
1620 2411 1734 2468 alterius

183 2515 235 2557 eno
253 2515 421 2559 erruntcsust
438 2517 461 2559 s.
479 2518 596 2559 succurri
615 2518 792 2561 uosusrsnm.
938 2497 1062 2555 &20⁸5ae
1075 2513 1125 2568 i)er
1137 2498 1303 2555 fflssssubluiil
1318 2497 1377 2552 fuel
1378 2498 1400 2553 it
1415 2498 1557 2569 ⁰⁰ill¹¹²l²t
1573 2499 1677 2555 nullum
1690 2498 1733 2556 ia·

345 2593 435 2668 (Circo
449 2610 549 2648 anuum
562 2594 638 2667 bii.)
938 2587 994 2644 ciat
1007 2587 1207 2661 prejudicium,
1218 2586 1291 2656 quod
1305 2587 1414 2644 seruilis
1424 2590 1546 2646 cosiditio
1559 2589 1645 2662 legem
1658 2607 1735 2648 reta·

95 2680 185 2754 [Apud
200 2684 230 2738 u.
248 2682 392 2753 Bcuqnet.,
408 2682 515 2738 iiscseil
530 2685 575 2739 des
588 2685 737 2751 ιιιιιοιιιιιι,
756 2692 822 2742 tum.
836 2685 887 2754 Vi,
938 2676 1014 2735 (liure
1028 2676 1150 2741 cernitur
1161 2676 1324 2735 colonilem:
1340 2679 1387 2734 sed
1399 2679 1524 2736 cornibus
1536 2681 1564 2735 iu
1578 2681 1734 2752 incisasque

142 2753 280 2825 pansas,
293 2769 327 2810 0¹
341 2754 508 2811 cbmmiario
520 2754 642 2825 eiusdem
655 2756 839 2830 monasterii]
939 2769 1087 2827 secundum
1107 2769 1196 2841 legem
1215 2768 1371 2827 celebretur
1389 2770 1497 2827 divisio.
1523 2771 1636 2844 iusuper
1656 2781 1686 2830 et
1705 2774 1734 2831 in

131 2865 160 2920 in
178 2865 288 2922 nemine
306 2864 415 2921 nomini
435 2864 482 2920 liei
501 2873 530 2919 es
549 2864 701 2922 senatoris
720 2866 806 2923 nostri
824 2865 888 2923 iesu
939 2858 1014 2917 iiscis
1027 2859 1139 2927 uostris,
1150 2860 1197 2930 qui
1210 2859 1389 2918 ecclesiatici
1400 2861 1484 2919 inisse
1495 2871 1656 2930 nmeumur,
1668 2863 1734 2920 iilud

94 2956 209 3021 Christi,
222 2955 376 3012 hudcricus
389 2955 481 3012 diviua
493 2955 636 3012 ordinante
649 2957 819 3027 prouidentia
836 2958 888 3014 im-
939 2952 1125 3009 concedimus.
1143 2951 1212 3008 iilud
1225 2960 1257 3010 et
1266 2955 1418 3010 concedere
1431 2965 1459 3011 et
1474 2955 1576 3013 addere
1586 2957 1689 3026 placuit
1704 2964 1736 3014 ut

94 3057 205 3119 perator
218 3050 366 3120 Augustus.
937 3045 1003 3114 quia
1022 3059 1066 3100 res
1083 3044 1169 3116 ipsius
1186 3045 1240 3102 ioci
1258 3046 1377 3116 sparsim
1393 3046 1560 3114 dividuntur,
1580 3057 1609 3104 et
1625 3048 1735 3120 plurimi

129 3137 279 3208 impensam
293 3137 464 3194 castruino
480 3137 564 3194 mans
576 3145 619 3194 en
631 3137 809 3210 peninon
821 3106 1174 3195 sescenisnummis
1186 3151 1236 3209 per
1247 3138 1355 3210 snagan
1369 3137 1430 3195 toea
1443 3140 1581 3196 calonne
1595 3148 1735 3210 animas

95 3229 161 3284 iium
179 3239 335 3287 nostrorum
352 3230 469 3286 libenter
483 3244 623 3286 assensum
641 3231 762 3301 praebere
764 3269 819 3285 .....
833 3245 889 3300 quo
938 3227 1301 3300 conprensionem...
1317 3229 1581 3287 detrimentumque
1594 3231 1735 3301 patiantur

95 3323 199 3379 dulcius
216 3330 274 3378 ιιιιι
295 3324 409 3395 privetis
422 3339 504 3395 quam
522 3323 640 3394 publicis
658 3324 787 3380 studeant
804 3323 889 3379 iubs>
938 3333 1043 3384 rerum,
1056 3333 1146 3389 neque
1160 3318 1188 3374 ln
1202 3318 1330 3385 eisitute;
1348 3333 1404 3390 quo
1418 3327 1449 3375 et
1464 3320 1550 3376 tutius
1564 3334 1596 3377 ac
1608 3321 1734 3377 securius

95 3428 158 3470 rere
179 3414 327 3487 obsequiis.
357 3415 463 3472 idcirco
486 3415 593 3472 noverit
614 3414 782 3487 experientia
805 3422 888 3486 atque
938 3409 1129 3469 idmoonim
1140 3410 1259 3468 milicie
1270 3411 1396 3469 delectet
1413 3411 1550 3470 Praeterea
1561 3415 1736 3471 concedimuu

95 3502 227 3559 industria
241 3506 363 3561 omnium
376 3505 495 3561 iidelium
509 3512 682 3569 uestrorum,
698 3513 754 3560 tam
767 3517 888 3574 presen-
936 3503 968 3563 ia
978 3504 1107 3561 vestiaria
1121 3512 1149 3560 et
1160 3504 1294 3561 calcearia
1306 3503 1423 3561 fratrum
1435 3507 1649 3573 monachorum,
1664 3507 1735 3563 stem

65 3616 70 3621 ·
93 3597 162 3652 tium
177 3612 258 3668 quam
274 3596 446 3661 iutummm,
468 3596 540 3664 quod
562 3595 657 3650 adiens
677 3595 784 3664 imperii
802 3593 889 3649 nostri
938 3594 1029 3651 iuerat
1040 3595 1120 3661 obm,
1136 3610 1233 3651 omnes
1245 3595 1328 3651 serias
1340 3597 1471 3652 annuales
1486 3599 1600 3652 mercati
1613 3613 1676 3653 cum
1691 3599 1734 3654 iu-

95 3688 284 3744 ceisitndinem
296 3689 408 3758 quidam
429 3685 517 3741 idelis
537 3693 639 3750 noster,
661 3684 820 3740 iiunincbus
840 3698 889 3739 no-
938 3683 1065 3752 tegritate
1080 3691 1108 3737 et
1121 3683 1266 3749 districtu,
1288 3699 1323 3740 ex
1341 3691 1464 3740 tomento
1478 3686 1735 3758 quequeseptima-

95 3779 179 3841 mine,
194 3779 278 3831 abbas
292 3792 326 3831 ex
340 3776 505 3831 monasterio
524 3774 554 3831 S.
569 3772 695 3845 suipitii,
718 3773 791 3843 quod
805 3774 888 3831 situm
937 3773 995 3835 nali
1013 3774 1087 3830 ibam
1111 3775 1321 3832 redhibitionem
1350 3792 1432 3845 quam
1448 3778 1584 3848 adipsum
1599 3779 1735 3857 pertinere

94 3873 137 3922 est
150 3865 178 3918 in
192 3864 322 3921 suburbio
333 3863 462 3935 Biturigis
475 3863 604 3929 civitatis,
617 3862 715 3919 detulit
726 3862 754 3917 in
768 3868 889 3918 nostrum
939 3864 1030 3920 iocum
1043 3864 1216 3920 indulsimus.
1235 3864 1372 3921 Praeterea
1386 3874 1416 3922 ut
1430 3868 1518 3924 oulins
1533 3871 1649 3940 praesui,
1661 3871 1734 3931 uuile

94 3957 269 4029 presentiam
282 3957 399 4025 piurima
412 3964 547 4027 praecepta
560 3969 671 4025 regum,
693 3955 814 4025 ipsomm
829 3969 876 4010 mu
938 3964 1073 4027 potestas,
1087 3971 1138 4012 uec
1152 3956 1236 4014 ιιιιιιι
1253 3957 1325 4014 ultus
1341 3966 1436 4015 noster
1451 3961 1653 4018 mandanarius
1664 3961 1735 4019 inira

94 4047 233 4103 nilicentia
247 4048 389 4114 roborata,
407 4062 440 4102 ac
454 4045 768 4118 prelatoiococoiiata,
789 4047 889 4117 quibus
938 4049 1063 4121 ejusdcm
1085 4050 1245 4107 monasterii
1267 4050 1386 4107 claustra
1411 4059 1440 4107 et
1463 4052 1522 4109 ioca
1545 4054 1677 4112 damnare
1689 4055 1733 4112 rei

95 4137 286 4193 continebatur
298 4139 416 4208 qualiter
430 4138 464 4194 ad
477 4137 638 4208 petitionem
658 4137 786 4194 ahbatum
807 4146 889 4210 atque
939 4139 1111 4196 mmsionare
1122 4148 1287 4211 presumat;
1306 4148 1336 4196 ut
1348 4143 1384 4198 ob
1398 4142 1441 4198 sui
1453 4142 1605 4213 mmectuuu
1617 4153 1645 4201 et
1655 4146 1735 4215 quie-

95 4235 231 4283 reetomm
252 4228 386 4297 praeiibati
406 4228 525 4285 coenobii
546 4227 712 4284 iiberalitate
729 4229 888 4301 ¹principum
940 4240 995 4288 mm
1010 4233 1045 4289 ab
1061 4234 1103 4290 eis
1121 4249 1175 4289 nou
1194 4235 1281 4304 possit
1294 4234 1350 4291 uiio
1363 4236 1443 4293 modo
1458 4247 1551 4292 nostra
1566 4238 1658 4295 diuelli
1676 4253 1735 4294 me-

94 4329 253 4374 coneessum
275 4326 334 4385 est,
356 4327 387 4375 ut
408 4318 437 4375 S.
451 4319 542 4375 Patris
556 4318 665 4390 Sulpitii
680 4319 833 4376 reverentia
856 4334 889 4377 ae
939 4323 1035 4378 moria.
1062 4323 1097 4380 m
1116 4332 1147 4381 ut
1169 4334 1270 4381 nostra
1292 4325 1473 4383 ordinationis
1495 4343 1529 4385 nc
1549 4329 1736 4386 concessionis

94 4406 214 4480 dignitas
226 4411 276 4465 suh
290 4410 470 4467 immunitatis
485 4411 600 4468 tuitione
610 4410 713 4483 jugiter
724 4425 887 4483 permanere
939 4413 1088 4469 auctoritas
1097 4414 1139 4469 sui
1149 4414 1252 4485 rigoris
1261 4424 1419 4486 pometunm
1431 4416 1552 4473 obtineat
1564 4418 1732 4484 iirmitatem,

95 4498 210 4554 debeat:
227 4506 255 4555 ιι
268 4500 341 4555 nulla
359 4501 504 4572 judiciarie
524 4510 646 4573 potestm
666 4503 694 4559 in
713 4503 796 4559 rebus
812 4501 886 4572 elus·
899 4472 926 4534 D
939 4517 1021 4561 murm
1030 4505 1140 4575 propris
1150 4505 1635 4575 subtereamtirmarimuuteuuuii
1645 4509 1733 4567 nostri

94 4588 157 4644 dem
169 4589 328 4645 monasterii
341 4589 431 4661 aliquo
444 4591 525 4648 modo
537 4592 681 4659 damnare,
705 4607 794 4664 neque
812 4591 886 4648 intra
940 4595 1119 4666 impressione
1131 4597 1265 4669 assignari
1276 4595 1419 4667 jussimus.

95 4685 142 4734 aut
152 4685 230 4733 entra
243 4679 381 4736 etrinnru
395 4681 422 4737 in
438 4682 521 4749 areis,
534 4682 667 4748 ecclesiis,
679 4683 723 4740 vei
734 4683 805 4740 villis
817 4681 888 4740 iorn-
1322 4686 1354 4744 C.

94 4767 178 4821 ticum
193 4772 222 4821 et
235 4768 380 4824 rotaticum
394 4770 513 4840 erigere,
528 4769 706 4841 autaliquem
721 4786 830 4830 serrum
843 4772 887 4829 vei
1135 4793 1186 4834 nno
1199 4793 1369 4836 serisseris
1383 4794 1522 4838 rocosum.

94 4855 208 4912 liberum
222 4873 272 4928 pro
285 4860 398 4917 servitio
409 4861 517 4917 bomini
529 4863 650 4918 bannum
662 4863 772 4935 aliquod
784 4863 888 4919 iacien·
942 4867 1031 4942 [ilpud
1038 4868 1167 4934 sehsten,
1176 4870 1348 4942 Episcopatus
1358 4871 1664 4947 emertomenenpsg.
1671 4871 1731 4947 ιιι]

94 4953 149 5002 tem
163 4949 326 5021 distringere
336 4949 515 5026 [presumatp
532 4953 678 5011 liumiiiter
689 4971 754 5028 ergo
767 4957 845 5028 petiit
857 4966 888 5014 nt
977 4958 1006 5013 in
1029 4960 1139 5016 numine
1159 4960 1267 5017 bomini
1281 4961 1328 5018 liei
1350 4970 1378 5018 et
1395 4961 1545 5021 Salvmoris
1563 4966 1648 5022 nostri
1667 4963 1733 5021 iesu

94 5041 166 5110 qnod
188 5044 306 5112 sparsim
327 5045 534 5112 eoudnebutur3
561 5055 590 5103 et
609 5045 667 5118 jam
690 5048 887 5118 quodammodo
940 5051 1053 5120 Christi,
1071 5052 1323 5111 Ludusicusdiuina
1338 5056 1481 5114 ordinante
1494 5057 1661 5128 providenda
1676 5057 1730 5113 im·

93 5127 321 5198 labefactabumr,
345 5140 441 5190 uestro
461 5144 599 5208 praecepto
622 5137 830 5209 colligeremus,
854 5154 888 5197 uc
939 5144 1208 5217 peraturhngustus.

93 5220 176 5276 vetuti
193 5223 222 5278 in
236 5238 320 5278 unum
334 5223 546 5292 complectentes
564 5227 798 5288 mauronianus.
823 5230 886 5287 tua-
975 5235 1004 5292 Si
1028 5252 1092 5309 erga
1114 5236 1172 5294 loca
1194 5238 1294 5295 divirds
1315 5239 1432 5296 cultibus
1446 5241 1608 5312 mancipata,
1620 5248 1732 5313 pmpter

93 5309 150 5365 cuit
167 5311 260 5383 itaque
281 5312 483 5370 mansuetudini
505 5325 606 5374 nostrae
627 5318 814 5377 saluberrimis
827 5321 886 5391 ejus
938 5340 1059 5381 amorem
1084 5326 1132 5382 liei
1153 5325 1265 5398 eiusque
1287 5327 1315 5383 iu
1333 5329 1374 5384 eie
1394 5329 1461 5386 iocis
1481 5331 1533 5386 sibi
1555 5331 1730 5397 tumulantes,

94 5412 216 5456 annuere
224 5400 397 5470 precibus,et
406 5415 460 5470 quo
470 5404 556 5472 magis
567 5407 705 5478 magisque
714 5409 770 5466 iilic
780 5420 886 5468 crescat
937 5415 1068 5472 ιιιιιιιιιιι
1082 5416 1189 5484 potiora
1207 5416 1364 5487 brunner,
1382 5419 1526 5489 premium
1541 5421 1612 5493 apud
1635 5419 1729 5477 ιιιιιιιι-

132 5542 143 5570 ι
165 5529 314 5600 Episcopus
326 5527 462 5588 tielensis.
472 5530 599 5617 §lilibet
611 5534 680 5601 ιιι,
700 5554 885 5600 successorem
975 5546 990 5586 ι
1005 5546 1055 5603 Ubi
1064 5547 1212 5619 imperator
1223 5550 1340 5609 hiemem
1353 5567 1387 5610 er
1424 5554 1495 5618 inae
1507 5569 1600 5616 mense
1614 5559 1733 5616 Febma·

94 5600 363 5682 unctusiiruponem,
376 5599 505 5661 indonet
525 5603 566 5663 i‘n
582 5603 707 5677 fratrem,
727 5619 758 5666 ut
779 5621 885 5672 veteres
939 5616 981 5672 rie
999 5618 1109 5674 coniitia
1127 5619 1230 5686 babuit,
1246 5629 1315 5680 teste
1341 5614 1395 5697 Epi
1430 5626 1496 5685 surio
1518 5626 1547 5684 iu
1567 5629 1731 5699 hnnubbus,

95 5671 319 5743 annatespassm
333 5678 477 5729 testantur.
939 5687 1055 5760 aliisque
1065 5690 1293 5763 cbscuomepbis.
1399 5700 1402 5707 '
