3832 6120
92 236 156 295 trit

645 214 850 287 'urrunnun
869 200 1144 281 uenustissimi

1640 214 1711 271 iifl

89 351 201 415 Christi,
215 348 365 403 laudunicus
379 345 469 400 diuina
485 343 627 400 ordinante
641 340 810 411 prouidentia
825 338 875 393 im·
891 345 912 402 Λ
927 335 1024 404 prima,
1040 335 1137 388 berum
1148 308 1495 402 Arbnbto'patutoregto,
1508 325 1715 385 iuliolnombut

925 424 1050 479 feliciter.

89 448 200 512 perator
212 442 355 509 Atrgusttts.

127 550 155 608 Si
173 551 244 604 euim
259 564 290 603 ea
304 562 364 618 qua
380 544 472 600 indules
487 542 593 615 imperii
608 542 693 598 nostri
714 556 764 612 pro
781 554 874 594 eournr

89 639 337 717 opportunitatibus
364 637 434 691 inter
458 650 487 691 so
510 633 753 696 commutaverint,
777 630 877 685 nostris

89 732 283 791 coutlrmaruus
296 729 402 794 edictis,
416 725 582 798 imperialem
596 738 754 779 exercemus
765 736 878 777 consuc-

90 826 221 890 tudiucm,
244 830 272 877 ct
291 822 318 875 iu
336 820 507 890 postmodum
524 817 585 886 iure
602 813 756 869 itt-missino
770 828 878 866 mansu·

89 931 149 971 rum
165 912 370 969 essevolumus.
388 909 490 964 idcirco
505 905 610 962 noterit
624 906 743 959 omniunt
758 903 876 958 bdelium

88 1015 266 1068 nostrorum,
291 1010 345 1056 tam
370 999 543 1070 presentium
567 1011 648 1066 (piram
674 1003 702 1049 et
726 985 877 1048 br'turorum

89 1095 240 1169 sagacitas,
262 1092 323 1162 quin
338 1092 379 1144 riu
391 1087 553 1143 uenerabilis
568 1084 725 1140 lancradus
742 1085 825 1137 abbas
844 1098 877 1136 cx

89 1187 256 1245 morrastcrio
277 1182 348 1254 quod
370 1181 470 1236 dicitur
489 1178 620 1242 Prumia,
645 1184 830 1232 constructum
851 1172 878 1226 iu

89 1280 192 1336 bonore
214 1272 319 1327 Domini
344 1280 371 1325 et
394 1269 544 1325 saluatoris
564 1266 650 1322 nostri
673 1263 737 1320 lesu
756 1261 878 1327 Christi,

89 1367 167 1424 muts
189 1362 337 1435 suggessit,
359 1375 391 1416 eo
412 1360 558 1430 quodcum
574 1353 814 1427 quodamltontine
832 1368 880 1407 uo-

90 1458 162 1514 mine
181 1453 325 1508 Fulcbcrto
345 1450 378 1507 de
399 1447 560 1520 quibusdam
583 1446 666 1501 rebus
687 1443 878 1500 commutatio·

90 1562 153 1605 netu
168 1546 293 1610 iecisset,
313 1559 363 1616 pro
380 1541 521 1597 ambarum
534 1538 652 1610 partium
667 1537 877 1610 opportunitate.

91 1638 170 1695 Dedit
184 1638 265 1709 igitur
278 1634 425 1706 praedictus
438 1632 481 1686 vir
492 1630 651 1686 uenerabilis
663 1628 821 1684 Tarteradus
833 1628 880 1682 ab·

90 1730 139 1786 bas
159 1743 193 1784 ea
214 1727 319 1782 ratione
338 1722 460 1795 pradis-ti
483 1721 657 1786 monasterii,
678 1736 730 1776 uua
750 1736 799 1792 per
812 1736 877 1776 cou-

91 1836 200 1878 sensum
222 1827 249 1874 et
271 1814 471 1874 conhibentiam
491 1812 686 1868 monachorum
709 1812 807 1868 ibidem
831 1812 879 1867 dc-

92 1912 225 1984 gentium,
247 1907 361 1979 praelato
374 1905 505 1961 Fulberto
521 1903 554 1957 ad
569 1903 707 1973 proprium
724 1917 802 1958 suunt
817 1917 880 1970 pcr-

92 2002 237 2075 petualiter
251 1999 283 2055 ad
301 1997 471 2059 babendum,
495 1994 627 2064 quasdam
642 2008 686 2048 res
700 2009 761 2063 qum
775 1999 837 2048 sunt
852 1992 879 2047 iu

93 2110 161 2170 pago
175 2092 376 2154 warmacinse,
399 2091 425 2144 in
440 2088 501 2143 silla
520 2102 580 2159 quae
595 2088 694 2143 dicitur
708 2086 880 2142 flaconheim

93 2201 202 2244 mansos
215 2184 282 2238 dtros
302 2196 363 2237 cum
378 2179 513 2242 domibus,
530 2175 660 2239 edificiis,
677 2175 880 2241 tenuissimis,

93 2277 187 2349 pratis,
204 2273 288 2334 siluis,
302 2269 418 2341 pascuis,
434 2267 604 2336 adjacentiis,
616 2266 719 2319 exitum
736 2272 763 2319 et
777 2280 883 2334 regres-

93 2383 171 2432 sum,
184 2365 227 2420 rel
241 2370 479 2435 quantumcunque
498 2358 524 2412 in
542 2357 637 2412 cadem
651 2355 713 2410 uilla
729 2356 762 2411 de
777 2355 883 2410 ratione

95 2458 214 2533 predicti
229 2454 385 2511 turonastcrii
400 2451 527 2521 praesenti
543 2459 664 2519 tempore
679 2448 777 2504 ibidem
796 2446 883 2518 legiti-

96 2566 140 2608 rne
153 2550 254 2606 babere
266 2546 440 2618 dignoscitur.
459 2544 492 2598 Et
502 2549 612 2597 econtra
625 2541 651 2595 in
664 2539 884 2610 compensatione

95 2640 192 2698 barum
206 2655 296 2695 rerum
314 2637 387 2692 dedit
405 2635 550 2707 praedictus
567 2632 713 2687 Fulbertus
727 2645 760 2686 cx
774 2644 884 2701 proprto

96 2748 146 2790 ouo
160 2730 318 2804 praescripto
336 2728 516 2790 monasterio,
539 2725 667 2795 omnique
681 2721 884 2794 congregationi

97 2820 196 2878 ibidem
219 2822 274 2876 [teo
298 2835 347 2889 per
367 2826 487 2887 tempora
510 2815 659 2882 militanti,
688 2814 819 2884 quasdam
841 2827 884 2867 res

97 2930 158 2986 qnae
181 2922 245 2968 sunt
269 2912 296 2966 in
320 2910 414 2966 eodem
439 2922 527 2978 pago,
560 2907 587 2961 in
611 2903 674 2960 villa
700 2919 759 2974 qua
786 2902 885 2958 dicitur

97 3002 290 3072 (ilaollesbcim
306 3017 429 3057 mansum
445 3015 545 3064 omno,
564 3007 592 3054 ct
611 2999 638 3053 in
654 2995 803 3059 allavilla,
825 3010 885 3065 qum

97 3097 197 3152 dieitur
211 3095 323 3150 b'illaric
339 3107 462 3148 mansum
476 3105 570 3155 uuum,
587 3104 702 3144 necnon
717 3095 745 3141 et
762 3087 788 3141 iu
806 3086 885 3140 tortio

98 3187 158 3243 loco
180 3187 207 3241 ln
230 3183 292 3240 tilla
316 3190 488 3252 truncupautc
510 3177 739 3242 leiwrdesheim,
763 3175 887 3231 curtilem

99 3293 200 3337 uuum,
221 3273 345 3329 similiter
359 3281 386 3327 et
401 3274 427 3326 iu
442 3277 539 3340 qtrarto
555 3268 613 3322 loco
629 3267 730 3322 invilla
747 3264 824 3334 cujus
839 3281 887 3319 ro·

99 3369 225 3426 cabulum
238 3375 279 3422 est
290 3364 484 3426 lltrceunbcim,
497 3356 816 3430 duaspartesdejnmate
825 3370 886 3410 curu

101 3459 226 3515 terminis
248 3466 274 3510 et
298 3453 504 3511 laterationibus
523 3451 589 3506 suis.
618 3448 673 3503 llas
690 3463 755 3503 reru
769 3462 813 3502 res
827 3461 889 3500 cum

101 3550 241 3613 domibus,
266 3547 404 3610 aedibciis,
430 3544 527 3606 torris,
550 3541 651 3605 vincis,
676 3539 778 3610 pratis,
802 3538 888 3601 siluis,

100 3645 218 3717 pascuis,
231 3639 400 3708 atljaccntiis,
412 3637 516 3690 exitum
531 3641 559 3687 ct
572 3646 734 3702 regressum,
749 3629 792 3685 rel
805 3644 891 3698 quau-

101 3744 266 3802 tnrucunquc
281 3733 308 3784 in
322 3726 459 3798 praedictis
472 3723 540 3780 loeis
552 3720 678 3792 prasenti
692 3728 813 3789 tentporc
825 3717 892 3789 legi·

1278 511 1366 567 Cl'lll.

1145 637 1195 675 ruo
1215 636 1301 673 runnu
1322 633 1490 675 uosnsruuro

1230 729 1317 802 (.lruro
1335 729 1410 800 823.)

972 844 1061 917 [spuo
1074 845 1200 908 barton,
1214 844 1291 908 ibid„
1305 859 1336 898 er
1351 843 1489 898 chartario
1502 841 1677 914 Prumicusl.]

963 954 991 1010 lu
1013 956 1123 1010 nomine
1138 955 1242 1008 llotuiui
1259 962 1286 1008 ct
1301 952 1449 1008 saluatoris
1462 954 1548 1008 nostri
1562 951 1627 1008 lesu
1640 952 1718 1009 Chri·

927 1045 974 1109 sti,
983 1045 1133 1099 bodonicus
1143 1045 1233 1099 diviua
1242 1045 1384 1099 ordinante
1395 1045 1562 1115 procidentia
1573 1045 1719 1114 imperator

928 1137 1076 1207 Augustus.

964 1228 993 1284 Si
1009 1230 1204 1297 culmenque
1220 1226 1311 1281 tidelcs
1331 1226 1438 1296 imperii
1458 1228 1543 1283 nostri
1562 1241 1612 1298 pro
1625 1241 1719 1282 eorum

928 1317 1179 1388 opportunitatibus
1203 1316 1275 1369 inter
1297 1329 1326 1369 se
1349 1317 1593 1380 commutaverint,
1619 1316 1719 1371 nostris

928 1407 1123 1464 confirmamus
1143 1408 1255 1472 edictis,
1281 1408 1448 1479 imperialem
1472 1424 1632 1464 exercemus
1653 1422 1719 1463 cutt-

929 1500 1119 1561 suetudinem,
1144 1506 1172 1553 et
1195 1499 1246 1553 boc
1263 1500 1463 1568 inpostmodum
1481 1500 1543 1570 jure
1565 1499 1721 1555 firmissimo

930 1603 1089 1644 mansurum
1112 1587 1320 1643 essevolumus.
1347 1589 1451 1644 ldeireu
1472 1591 1578 1645 nouerit
1600 1590 1721 1645 omnium

892 1680 1048 1762 Bildeliutu
1068 1688 1238 1743 nostrorum,
1262 1681 1436 1750 praesentium
1455 1680 1558 1736 scilieet
1575 1690 1602 1736 et
1619 1680 1722 1736 iuturu-

931 1786 1001 1836 rnnr,
1016 1770 1158 1833 industria,
1174 1771 1238 1840 quia
1251 1771 1294 1824 vir
1307 1770 1470 1826 uenerabilis
1483 1771 1624 1827 llildoinus
1638 1773 1723 1828 abbas

931 1861 1057 1929 sacrique
1072 1861 1164 1932 palatii
1185 1863 1272 1917 nostri
1295 1877 1416 1917 summus
1436 1861 1593 1932 capellanus
1607 1863 1724 1919 innotuit

930 1951 1086 2006 eelsitudini
1103 1959 1212 2015 nostrae,
1228 1965 1261 2006 co
1275 1952 1346 2020 quoad
1358 1951 1499 2023 religiosus
1512 1953 1555 2007 vir
1568 1951 1725 2007 lauet-adua

932 2043 1015 2099 abbas
1034 2044 1191 2099 monasterii
1211 2042 1431 2110 Prurrtiaeensis,
1456 2060 1518 2100 cum
1538 2044 1654 2115 quodam
1676 2045 1726 2099 bo-

932 2133 1006 2189 nriuo
1024 2135 1134 2189 nominc
1152 2132 1321 2204 Opilionem,
1344 2134 1377 2190 de
1397 2135 1559 2205 quibusdam
1581 2136 1724 2208 mancipiis

932 2227 1171 2284 cummutationem
1185 2224 1323 2281 iecissent.
1340 2225 1419 2282 Dedit
1432 2228 1514 2297 igitur
1523 2227 1669 2297 praedictus
1680 2227 1724 2282 riu

933 2317 1097 2372 venerabilis
1108 2317 1266 2371 Tancradus
1280 2331 1315 2371 ex
1329 2318 1435 2372 rationo
1447 2318 1554 2387 praelati
1566 2320 1724 2375 monasterii

933 2405 977 2461 sui
995 2404 1213 2468 Promiaeeusis,
1235 2405 1308 2475 quod
1325 2414 1368 2460 est
1380 2413 1568 2461 constructum
1584 2406 1612 2462 iu
1624 2408 1727 2462 bonore

933 2491 1040 2547 bomini
1061 2499 1088 2546 et
1109 2491 1259 2548 Salvatoris
1282 2493 1368 2548 nostri
1387 2492 1450 2548 lesu
1465 2493 1587 2559 Christi,
1611 2508 1728 2550 cinsen-

858 2627 864 2641 .
934 2583 1022 2639 tlenae
1045 2581 1165 2654 ejusdem
1189 2585 1400 2655 congregatione
1421 2584 1528 2655 prelati
1550 2586 1726 2651 monasterii,

934 2673 1065 2748 predicto
1083 2672 1189 2743 opiloni
1211 2674 1347 2744 mancipia
1367 2683 1472 2744 septem
1492 2675 1536 2730 bis
1556 2675 1727 2741 nominibus,

936 2764 1142 2828 Tbeoabarium,
1157 2763 1338 2830 Grimoldum,
1350 2764 1565 2837 Tbeotgaudum,
1578 2765 1730 2821 Werintru·

935 2854 1001 2919 dian,
1016 2852 1131 2918 (luzam,
1147 2853 1321 2918 lluulindam,
1337 2853 1509 2910 liertuulam.
1527 2855 1561 2910 Et
1574 2863 1685 2911 econtra
1700 2856 1728 2910 iu

936 2944 1156 3014 compensatione
1170 2945 1267 3000 borum
1283 2944 1480 3012 mancipiorum
1496 2944 1570 3000 dedit
1584 2944 1730 3015 praedictus

898 3033 1015 3108 (20pilo
1030 3048 1064 3089 ex
1084 3048 1135 3088 sno
1151 3034 1263 3103 proprio
1284 3034 1319 3088 ad
1339 3032 1514 3101 jamdictum
1535 3034 1731 3089 monasterium

938 3123 1072 3194 mancipia
1086 3138 1146 3178 auu
1161 3124 1203 3178 bis
1219 3125 1383 3190 nominibus,
1397 3124 1597 3190 Germuudum,
1616 3124 1731 3195 Reginc-

937 3229 1013 3278 rum,
1029 3213 1219 3276 Nortberttuu.
1240 3214 1419 3277 Beruoldnm,
1439 3214 1630 3276 Tbiedoldum,
1648 3212 1732 3270 llant-

938 3320 1057 3366 tuarum,
1075 3302 1267 3374 winigodum,
1288 3303 1452 3374 liutgerum,
1473 3302 1659 3374 wigiradum,
1679 3301 1732 3356 Bu-

938 3409 1080 3459 tuauuum,
1093 3393 1301 3458 willisuindam,
1317 3392 1517 3458 Tbieodulium,
1531 3392 1730 3453 Theotliudaru,

937 3481 1083 3538 Austilam.
1101 3482 1179 3538 llrrdc
1196 3490 1225 3537 ct
1241 3483 1309 3538 duas
1323 3481 1550 3538 commutationes
1565 3481 1623 3551 pari
1638 3490 1733 3535 tenore

939 3574 1121 3642 conscriptas,
1147 3573 1326 3642 manibusque
1345 3573 1478 3627 bonorum
1493 3571 1632 3626 bominum
1654 3574 1733 3627 rubo

940 3673 1025 3728 ratas,
1037 3679 1066 3719 se
1079 3678 1135 3732 prae
1147 3662 1274 3717 manibus
1288 3662 1388 3716 babere
1399 3660 1515 3731 professi
1529 3668 1600 3715 sunt.
1619 3660 1673 3716 Sod
1684 3677 1733 3730 pro

941 3755 1047 3824 integra
1071 3751 1199 3808 strutitatc
1222 3753 1361 3821 petierunt
1384 3750 1537 3806 celsitudini
1561 3761 1681 3814 nostrat,
1704 3759 1734 3803 ut

103 3827 169 3881 time
183 3823 283 3877 babere
297 3828 325 3874 et
338 3817 476 3889 possidere
491 3812 669 3885 dignoscitur.
691 3811 768 3867 Unde
782 3817 810 3864 et
823 3810 892 3865 duas
942 3843 1015 3916 ipsas
1028 3841 1254 3899 commutationes
1266 3841 1356 3896 denuo
1371 3855 1421 3910 W
1435 3848 1559 3896 nostrum
1575 3838 1669 3911 [pm
1683 3854 1733 3895 m,

101 3911 328 3970 comunitatioues
342 3906 399 3978 pari
413 3919 507 3959 tenore
523 3903 702 3973 conscriptas,
715 3901 893 3970 manibusque
941 3932 1016 4005 m]
1036 3931 1253 3987 mansuetudinis
1270 3939 1435 4001 paeceptum
1451 3929 1557 4000 plenius
1570 3929 1734 3986 mmmm

100 4005 234 4063 bonorum
247 4000 385 4056 ltorniuutu
398 4012 454 4068 prae
466 3996 590 4051 manibus
601 4010 630 4050 se
641 3994 744 4049 babere
754 3990 893 4062 protessus
942 4022 1113 4083 deberemus,
1126 4034 1241 4089 quorum
1255 4017 1430 4090 petitionibus
1442 4018 1576 4089 denegare
1587 4017 1733 4083 noluimus,

102 4103 155 4160 est,
167 4093 214 4148 scd
229 4108 277 4163 pro
293 4091 396 4159 integra
412 4086 541 4140 brruitute
554 4083 632 4154 petiit
644 4081 832 4137 celsitudinem
845 4093 894 4134 no-
943 4112 991 4169 κά
1010 4111 1155 4181 unicuique
1176 4109 1295 4165 fidenam
1315 4116 1472 4164 nostrorum
1491 4105 1565 4176 pum
1584 4108 1734 4179 petentium

103 4195 205 4250 stram,
226 4191 257 4238 nt
274 4183 346 4250 ipsas
361 4176 588 4234 commutationes
605 4173 693 4227 denuo
707 4186 757 4242 per
771 4178 893 4225 nostrum
944 4203 983 4257 pu
1001 4217 1052 4259 nos
1070 4199 1237 4257 concessisse
1258 4208 1340 4267 alque
1362 4197 1389 4252 in
1411 4196 1537 4253 omnihus
1558 4197 1736 4254 00„me

104 4272 321 4332 mansuetudinis
345 4276 509 4341 praeceptum
533 4262 697 4366 confirmare
723 4260 891 4316 deberemus.
945 4295 1111 4368 comm
1128 4292 1321 4362 pmcppienpes
1336 4306 1401 4363 ΠΕΟ
1410 4289 1548 4361 jubemus,
1561 4300 1591 4347 up
1604 4293 1734 4364 quidquid

105 4366 225 4435 0¹¹⁰l¹¹¹¹¹
240 4360 417 4434 P⁰¹l²i⁰¹¹ib¹¹⁵
432 4358 565 4428 denegare
579 4354 716 4411 ”⁰¹⁰'mus
733 4365 892 4414 ³³⁸⁰”sum’
905 4376 933 4438 b
944 4406 1008 4462 pars
1018 4391 1091 4460 juste
1102 4396 1131 4443 et
1141 4386 1338 4444 rationabiliter
1348 4386 1427 4441 alteri
1441 4386 1554 4441 contulit
1566 4388 1648 4456 parti,
1659 4388 1736 4442 dein-

105 4459 153 4515 scd
166 4459 236 4512 sicut
248 4453 394 4521 uuicuique
407 4449 526 4504 daleliutu
541 4455 695 4501 nostrorum
711 4443 785 4513 juste
798 4449 893 4512 peteu-

107 4549 185 4609 tluur,
200 4547 236 4599 ita
251 4559 301 4597 nos
314 4541 367 4595 illis
381 4537 550 4595 concessisse
564 4544 645 4606 atquc
659 4533 835 4590 confirmasse
849 4546 896 4586 co-

106 4636 239 4711 gnoscito.
263 4629 457 4701 precipientes
474 4642 538 4699 ergo
553 4624 695 4696 jubemus,
716 4630 746 4677 ut
765 4621 896 4693 quidquid

108 4743 171 4801 pars
192 4725 264 4797 juste
286 4731 315 4779 et
339 4719 537 4777 rationabiliter
560 4717 639 4773 alteri
666 4716 780 4773 contulit
803 4715 895 4785 parti,

107 4819 235 4886 deinceps
253 4830 302 4884 per
320 4813 390 4867 bauo
409 4819 531 4865 nostram
554 4807 741 4862 auctoritatem
762 4804 824 4875 jure
850 4805 897 4859 br·

108 4910 229 4966 missimo
244 4914 334 4962 teneat
346 4913 428 4973 attpre
443 4902 596 4973 possideat,
617 4905 645 4954 et
665 4898 747 4953 iaciat
765 4896 895 4969 quidquid

109 5001 233 5058 volucrit.
257 4999 291 5055 Et
312 5006 340 5052 ut
361 4997 419 5051 buc
439 4993 589 5049 atucwritas
608 5007 657 5061 per
669 4991 760 5046 lutura
775 4999 895 5059 tempora

108 5089 290 5149 inviolabilem
302 5089 424 5144 obtineat
438 5086 603 5148 denuitatem,
614 5091 642 5138 et
656 5084 689 5137 ala
703 5080 828 5136 omnibus
840 5094 897 5134 me·

107 5182 161 5240 lius
178 5183 303 5238 credatur
318 5185 403 5246 atque
419 5184 605 5240 conservetur,
628 5172 720 5228 annuli
739 5172 826 5227 nostri
845 5171 897 5226 iur-

109 5275 249 5346 pressiouc
268 5266 369 5340 signari
386 5262 526 5334 jussimus.

147 5380 292 5439 Dorarrdus
304 5378 434 5432 diacones
449 5375 484 5430 ad
496 5375 584 5430 uicem
596 5373 730 5458 integrat
743 5370 897 5442 recognovi.

149 5493 216 5550 bata
231 5491 292 5545 ldus
304 5485 443 5550 Octobris,
458 5499 528 5538 anno
541 5482 650 5538 Cirristu
670 5481 787 5553 propitio
800 5477 834 5533 ld
848 5479 899 5533 im-

112 5582 290 5665 putidorum
311 5576 439 5634 Ludoriei
462 5575 577 5645 piissimi
599 5574 730 5646 Artgusti,
753 5569 899 5628 irulictiune

944 4497 1009 4552 ceps
1032 4497 1080 4551 pcr
1102 4480 1173 4536 banc
1195 4485 1318 4533 nostram
1340 4477 1531 4532 auctoritatem
1552 4477 1615 4547 jure
1637 4476 1736 4530 tirmio-

944 4575 1014 4631 simo
1038 4581 1129 4628 teneat
1152 4579 1234 4641 atque
1254 4569 1407 4639 possideat,
1433 4576 1463 4622 ut
1485 4565 1616 4638 quidquid
1640 4567 1737 4623 caindo

944 4664 1037 4720 lacere
1053 4661 1185 4728 nolucrit,
1211 4659 1296 4715 libero
1318 4660 1346 4714 in
1367 4658 1494 4714 omuibus
1514 4655 1671 4727 perfruatur
1692 4672 1737 4712 ar-

945 4757 1029 4814 bitrio
1052 4755 1166 4810 faciundi
1189 4752 1321 4824 orridquid
1344 4750 1467 4822 clegerit.
1494 4750 1529 4805 Et
1552 4757 1583 4803 ut
1606 4749 1665 4804 lraec
1688 4763 1737 4803 au-

948 4849 1061 4904 ctoritas
1088 4846 1165 4901 duma
1193 4846 1344 4909 babeatur,
1373 4851 1402 4897 et
1428 4856 1477 4912 per
1497 4840 1587 4896 lutura
1616 4851 1737 4910 tempora

949 4941 1240 5004 meliusconserretur‚
1249 4937 1282 4992 de
1292 4935 1390 4991 annulo
1401 4941 1494 4989 nostro
1503 4929 1738 5003 snbtosjussimus

949 5030 1071 5101 sigdlari.

984 5121 1128 5177 limandus
1141 5119 1271 5174 diaconus
1284 5119 1317 5173 ad
1327 5117 1413 5172 uicem
1426 5112 1557 5184 Fu‘degiri
1571 5109 1736 5181 recognovit.

985 5215 1054 5268 [tata
1074 5228 1101 5267 n·
1121 5209 1180 5266 liat.
1197 5206 1382 5278 Septembris,
1407 5216 1478 5259 anuo
1495 5200 1603 5257 Christo
1622 5195 1739 5267 propitio

952 5306 986 5362 ld
999 5303 1106 5374 imperii
1125 5300 1216 5355 domni
1235 5296 1362 5352 Ludotiei
1382 5291 1496 5364 piissimi
1513 5287 1643 5360 burgasti,
1666 5285 1738 5343 lodi.-

951 5401 1042 5456 utone
1060 5398 1085 5450 l.
1112 5394 1209 5448 Actum
1229 5391 1425 5446 Coustmentcs
1446 5382 1538 5456 [Forte
1555 5374 1739 5452 Conliueutes]

951 5504 1033 5561 super
1046 5484 1196 5551 lloscllam,
1210 5481 1237 5536 in
1253 5479 1300 5535 bet
1315 5477 1424 5534 nornine
1435 5474 1560 5531 iclicitcr.
1578 5469 1674 5527 droco.
