3832 6120
141 284 194 341 stt
678 288 779 345 tresis
796 287 867 345 etto
885 285 986 342 Ftblts
1003 286 1166 344 subortas
1184 288 1239 344 etl.
1328 295 1332 299 '
1722 294 1776 350 ils

141 404 168 458 in
181 399 322 487 palatium,
338 407 365 452 et
380 407 519 467 assumpta
542 399 568 453 in
588 402 757 461 consortium
774 401 853 472 qussi
871 400 937 468 legi·
950 405 976 462 Α
988 397 1067 453 aliter
1079 398 1125 454 bic
1139 400 1241 455 sentire
1259 400 1330 466 vuit,
1345 410 1441 470 penset
1466 400 1585 470 qualiter
1609 406 1780 463 contradicat

142 498 209 552 livua
223 493 361 563 coujun,t
382 491 454 560 quod
478 506 538 547 esse
561 489 617 559 iarn
639 493 792 549 nullatenus
816 501 933 564 poterat.
985 487 1114 559 Apostolo
1128 490 1229 546 dicenti
1244 509 1251 543 :
1266 489 1302 544 Et
1324 490 1482 557 anuntiant,
1496 508 1555 562 qsoe
1570 494 1778 565 estsimuiqcro·

141 583 279 641 Cobomm
294 581 386 650 itaque
401 580 516 650 turpiter
533 588 562 636 et
589 581 747 638 indecenter
773 583 800 636 in
826 581 936 652 lastigie
986 594 1044 634 rsrn
1059 582 1188 644 seruitum
1204 588 1232 635 ει
1249 581 1341 636 videat
1359 595 1442 650 quam
1458 581 1594 638 veraciter
1605 585 1707 640 dictum
1721 586 1778 643 sit:

141 671 237 744 regali,
254 670 332 742 prius
345 668 445 729 malum
461 671 536 725 auxit
554 679 583 726 et
594 672 793 742 multiplicavit.
807 671 848 726 Ad
861 671 937 742 quod
984 667 1073 723 Radia
1086 669 1202 723 omnium
1214 669 1345 723 maiorum
1360 680 1398 725 est
1409 671 1539 741 cupiditas
1552 688 1561 727 :
1574 689 1654 743 qoam
1670 674 1780 745 quiden

141 765 228 819 bouus
242 760 314 815 tilius
331 759 396 828 quid
420 773 501 830 agere
524 759 634 815 debirit?
656 760 784 830 Numquid
806 760 935 816 dissiuvu·
985 767 1305 827 appetentes,erraoerunt
1316 776 1332 813 a
1341 759 1404 827 fide.
1419 758 1448 815 si
1456 775 1528 841 prgo
1539 763 1675 833 cupiditas
1687 779 1781 823 errare

140 852 215 907 lare?
231 849 359 919 Nunquid
374 848 473 904 silere?
495 848 620 919 lt'nnquid
633 851 788 920 quiescere.
813 851 871 907 liora
897 852 935 906 lta
984 845 1051 901 lacit
1065 864 1080 903 a
1096 848 1160 913 lide,
1175 857 1202 904 et
1216 849 1331 904 avaritia
1349 850 1557 906 simulacrorum
1579 862 1622 909 est
1640 855 1778 921 servitura
1818 876 1821 880 ·

138 940 242 1011 placuit
254 939 292 995 illi
311 938 507 994 indormitabili
528 939 617 1006 oculo,
637 941 683 1010 qui
710 942 830 998 custodit
851 942 936 998 lsrael
984 941 1056 1011 quod
1068 941 1168 996 malum
1181 953 1316 1008 remanet,
1328 943 1400 1012 quod
1412 959 1466 998 aon
1488 945 1521 999 de
1539 946 1633 1000 radice
1647 948 1781 1017 cupidita·

139 1047 233 1098 ειιιιιιι,
252 1029 301 1085 scd
323 1029 466 1086 suscitavit
484 1030 596 1100 spiritus
617 1029 745 1097 tiliorum,
759 1040 787 1086 et
800 1047 935 1088 couvene-
985 1033 1019 1087 tis
1033 1032 1154 1088 oriatur?
1178 1032 1294 1103 Pmpter
1313 1034 1386 1103 quod
1400 1033 1517 1090 fideliter
1528 1035 1711 1108 colligendum
1725 1046 1777 1105 est,

139 1132 204 1178 runt
227 1124 327 1180 iterum
355 1122 389 1177 ad
415 1121 609 1178 succidendam
629 1123 776 1177 recidivam
799 1123 934 1178 malorum
983 1136 1080 1177 earnes
1103 1122 1270 1191 appetitores
1299 1122 1467 1189 divitiarum,
1490 1124 1592 1195 gloriae,
1617 1136 1645 1181 et
1666 1127 1780 1183 lionoris

138 1216 262 1285 stirpem.
278 1212 421 1268 Timebaat
431 1212 504 1266 enim
514 1227 548 1266 ue
562 1212 633 1283 patri
646 1212 769 1268 eveniret
781 1212 846 1267 illud
861 1211 934 1282 quod
984 1211 1132 1277 secularis,
1147 1220 1228 1280 atque
1243 1213 1388 1282 primatus,
1399 1228 1482 1281 quam
1504 1229 1558 1268 uon
1583 1215 1661 1287 longe
1683 1217 1777 1272 absint

139 1306 172 1360 de
184 1302 302 1374 quodam
325 1316 389 1372 rege
413 1299 554 1370 Scriptura
567 1309 662 1356 sancta
676 1302 804 1371 loquitur,
818 1301 931 1356 diceus:
984 1300 1018 1354 ab
1038 1299 1171 1355 idolorum
1184 1300 1300 1355 cultura.

140 1398 227 1469 lqitur
240 1413 293 1452 nan
307 1394 358 1463 [rit
378 1393 448 1449 niter
459 1393 521 1449 talis
535 1403 563 1447 ιιι
583 1392 684 1461 debat,
698 1395 743 1464 qui
768 1392 933 1448 renundatus
1020 1387 1065 1442 xl.
1086 1387 1149 1443 llaec
1163 1396 1308 1458 propterea
1327 1386 1460 1455 dicimus,
1474 1400 1505 1446 ut
1517 1393 1693 1449 ostendamus
1708 1394 1779 1450 mala

139 1499 177 1545 cst
187 1499 216 1544 st
230 1488 328 1559 faceret
341 1488 441 1542 malum
456 1487 483 1540 in
508 1495 646 1557 conspecta
664 1485 782 1541 Domini.
810 1483 933 1539 Conciic-
984 1490 1011 1536 et
1034 1483 1104 1537 bona
1127 1461 1318 1551 antiquorum,
1336 1483 1416 1537 malis
1439 1484 1569 1539 ethonis
1596 1496 1780 1555 congruenter

139 1582 174 1636 rit
184 1582 254 1635 enirn
268 1596 328 1634 cam
340 1577 448 1634 lezabel
460 1593 527 1633 naor
538 1594 600 1643 sna,
610 1586 634 1631 et
649 1575 834 1631 abominabilis
846 1575 932 1645 [actos
984 1572 1083 1643 aptari,
1100 1581 1128 1629 ει
1142 1572 1185 1627 ιιιε·
1199 1571 1246 1640 qui
1261 1582 1357 1627 errant
1370 1572 1398 1626 ιιι
1422 1588 1493 1628 uovo
1512 1574 1621 1644 populo.
1645 1576 1678 1629 Et
1692 1591 1778 1645 quan-

138 1681 185 1727 m,
984 1681 1066 1737 quam
1089 1662 1183 1718 debat
1207 1662 1361 1719 concitante
1381 1679 1410 1718 se
1428 1678 1514 1719 uxore
1537 1680 1586 1719 sua
1610 1669 1778 1726 erraveritis

173 1760 208 1816 x.
221 1759 274 1816 Sed
289 1759 358 1815 lorte
369 1760 468 1829 aliquis
481 1759 594 1814 diverse
605 1757 753 1814 voluntatis
768 1758 849 1814 bomo
860 1772 932 1812 amo
946 1766 969 1824 Β
984 1758 1053 1822 ιιιιε,
1073 1766 1102 1812 ει
1125 1771 1157 1810 ea
1172 1756 1291 1811 auctrice
1311 1757 1510 1826 perpetraverit
1522 1755 1629 1812 lacinus
1654 1758 1719 1814 illud
1743 1759 1779 1816 de

139 1864 202 1906 rere
216 1850 319 1907 nitatur
341 1850 400 1907 baec
417 1851 500 1906 verba
514 1849 662 1922 scripturae
676 1859 788 1915 sanctae,
800 1848 933 1920 'anquam
982 1856 1071 1903 morte
1084 1846 1190 1902 Naboth
1207 1845 1392 1913 iezrabelitae,
1407 1855 1549 1916 correptus
1560 1854 1652 1903 ιειιιειι
1665 1850 1699 1905 ab
1717 1848 1776 1905 Elia

139 1943 364 2009 inconvenientia,
380 1956 413 1998 co
428 1943 501 2013 quod
523 1952 664 2014 sequatur,
678 1945 707 1997 in
722 1952 837 2007 tamum,
852 1953 880 1997 ut
894 1958 934 1997 sr-
980 1937 1123 2008 propheta,
1140 1951 1194 1992 non
1205 1945 1353 2001 correctus,
1375 1937 1531 2006 compulsus
1543 1946 1585 1993 εει
1602 1953 1681 2009 agere
1691 1938 1778 2008 poeni-

136 2043 260 2103 queretur
272 2032 345 2089 idola
356 2034 581 2090 Amorrlrccormn.
607 2035 720 2091 Noverit
741 2035 865 2105 quisquis
890 2034 934 2089 ilie
981 2027 1112 2083 ιειιιιειιιε
1127 2042 1180 2097 qua
1192 2027 1300 2082 acdona
1314 2027 1482 2096 poenitentiae
1489 2027 1559 2082 mala
1567 2029 1618 2085 sibi
1632 2030 1776 2084 imminen-

136 2133 189 2189 est,
204 2141 258 2181 non
273 2140 353 2194 posse
369 2125 498 2181 evacuari
517 2126 723 2196 congruentiam
739 2126 768 2180 in
785 2125 837 2180 hoc
862 2124 932 2180 loeo.
981 2119 1017 2174 tia
1031 2118 1146 2185 distulit,
1158 2133 1211 2173 non
1222 2118 1342 2174 abstulit.
1356 2118 1411 2174 lloc
1422 2120 1445 2174 si
1457 2128 1530 2175 recte
1540 2120 1776 2190 perpendatur,‚li·

136 2214 271 2282 Quoniam
283 2224 404 2286 tempore
417 2215 485 2285 logis
499 2215 527 2270 in
537 2216 622 2270 veteri
636 2215 734 2286 populo
751 2214 824 2270 idola
847 2222 874 2270 et
897 2215 934 2271 si-
982 2209 1064 2278 quido
1080 2207 1252 2263 demonstrat
1266 2215 1398 2277 quantum
1410 2215 1525 2263 noceant
1538 2223 1637 2263 uxores
1651 2208 1728 2262 malae
1739 2207 1778 2263 vi·

135 2307 255 2362 nvulacra
272 2305 462 2378 significabant
471 2319 566 2361 omnes
579 2320 687 2360 errores
698 2305 725 2359 ιιι
737 2321 807 2360 novo
816 2303 928 2376 populo,
983 2292 1096 2356 rissuis.
1107 2298 1177 2354 lebu
1189 2307 1380 2370 autem,quem
1391 2299 1522 2354 Dominus
1533 2300 1675 2356 suscitavit
1689 2300 1717 2354 iu
1732 2316 1776 2356 re-

136 2407 259 2466 tempore
274 2396 401 2451 videlicet
415 2395 518 2466 gratia.
537 2394 606 2448 Nam
621 2396 719 2463 etipse
740 2396 807 2450 ordo
830 2396 930 2450 borum
983 2408 1043 2465 gem
1052 2392 1085 2446 ad
1094 2380 1259 2461 puniendam
1271 2392 1381 2446 domum
1391 2390 1776 2462 dehabetejusdcccptrieem

133 2487 283 2540 verborum
298 2484 334 2537 ita
348 2483 538 2553 intelligendus
549 2491 591 2539 εει
607 2500 613 2535 :
627 2482 824 2538 Abourinabilis
846 2480 932 2539 laetus
984 2499 1109 2549 uxorem,
1120 2483 1184 2538 licet
1201 2491 1333 2539 eternam
1356 2484 1438 2537 vitam
1461 2499 1514 2538 non
1538 2484 1731 2554 promeruerit,
1744 2498 1778 2538 eo

134 2585 177 2632 cst
191 2576 307 2631 diversis
323 2575 515 2644 cupiditatibus
532 2581 560 2629 et
575 2573 721 2638 illecebris,
735 2580 764 2627 ut
774 2572 857 2628 etiam
874 2572 932 2629 evi·
984 2575 1057 2647 quod
1073 2590 1089 2629 a
1105 2575 1225 2645 peccatis
1244 2574 1388 2630 ieroboam
1406 2590 1460 2630 non
1473 2577 1629 2641 recesserit,
1644 2576 1706 2645 quia
1720 2582 1777 2629 stu-

135 2671 234 2726 denter
250 2670 284 2725 ad
298 2668 400 2724 cultum
418 2675 511 2723 rueret
523 2666 667 2722 idolorum.
689 2664 818 2736 Quisquis
840 2673 931 2721 antem
984 2666 1060 2721 diose
1073 2664 1197 2721 exercuit
1212 2663 1330 2720 ultiones
1346 2664 1454 2720 Domini
1464 2665 1497 2720 de
1507 2664 1627 2732 lezabel,
1639 2674 1667 2721 et
1681 2667 1777 2721 domus

820 2756 956 2814 BALUle
973 2755 1091 2812 NOTAE.

173 2868 185 2894 r
199 2853 273 2919 Quod
285 2867 340 2906 erse
350 2848 500 2905 vraiintcnas
510 2857 622 2921 poterat.
633 2848 730 2904 Exstat
742 2863 809 2904 sane
819 2849 847 2904 ia
859 2848 929 2903 libro
979 2862 1113 2902 consensu
1137 2845 1267 2902 Grimaldi
1281 2845 1424 2902 Pinneusis
1438 2847 1569 2917 episcopi,
1589 2847 1667 2918 juxta
1691 2846 1775 2920 legere

136 2925 231 2995 quinto
252 2919 446 2991 capitularium
469 2919 523 2985 lex,
546 2934 603 2989 qua
628 2928 739 2974 cavetur
764 2935 797 2974 ne
822 2918 928 2982 mulier,
979 2916 1101 2970 Lotbarii
1116 2917 1297 2986 imperatoris,
1324 2932 1383 2985 quae
1405 2925 1495 2972 exstat
1511 2919 1538 2972 in
1563 2918 1633 2973 libro
1655 2935 1674 2974 ιι
1697 2919 1778 2990 Legis

136 3009 197 3065 quae
209 2999 315 3062 sponte,
327 2998 374 3046 aut
386 2991 480 3055 invita,
494 2989 585 3045 velum
604 2997 728 3044 sanctum
749 2990 775 3044 ιιι
791 2996 872 3058 capnt
884 3002 929 3042 ac·
980 2986 1196 3056 Langobardor.,
1221 2987 1263 3041 tit.
1284 2985 1311 3052 6,
1336 3002 1395 3057 cap.
1418 2986 1445 3040 i.
1465 2987 1575 3042 iuterim
1599 2987 1776 3057 sisenandus,

135 3065 250 3134 reperit,
265 3062 329 3116 illud
344 3074 463 3130 unquam
478 3060 606 3114 dimittat.
631 3059 694 3114 ilaec
715 3067 779 3113 sunt
793 3060 875 3113 rerba
889 3072 931 3112 ca·
944 3060 967 3122 (2
982 3058 1065 3112 bomo
1076 3056 1208 3124 Francus,
1223 3057 1306 3126 coepit
1319 3056 1422 3110 ambire
1432 3057 1542 3127 nuptias
1554 3058 1634 3114 istius
1644 3058 1777 3125 mulieris,

135 3136 200 3206 pitis
213 3135 263 3188 lli
275 3132 394 3204 ejusdem
410 3131 491 3186 libri:
507 3149 516 3181 s
531 3130 717 3199 Qualicuuque
730 3129 810 3190 modo
822 3128 930 3194 mulier,
982 3141 1149 3197 uxoremque
1173 3136 1265 3197 postea
1290 3127 1376 3181 duxit.
1403 3125 1488 3194 liujus
1513 3128 1553 3182 rei
1578 3127 1649 3182 lama
1664 3144 1725 3183 cunr
1742 3126 1778 3184 ad

171 3204 309 3260 rmitteute
323 3201 455 3258 canonice
469 3201 527 3256 viro
544 3215 602 3263 suo,
622 3208 669 3254 aut
690 3214 723 3254 co
735 3200 874 3263 defuncto,
890 3214 933 3255 re
980 3195 1085 3266 jvvviiccs
1100 3197 1255 3265 imperiales
1272 3197 1450 3266 pervenisset,
1467 3197 1597 3253 internata
1619 3198 1653 3254 lis
1673 3207 1716 3254 cst
1730 3198 1778 3254 ad-

148 3291 192 3329 um
209 3281 330 3330 sanctum
349 3273 375 3326 ιιι
386 3278 468 3341 caput
481 3271 627 3340 acceperit,
639 3278 686 3324 ant
707 3277 813 3337 sponte,
834 3277 881 3321 aut
892 3269 932 3323 ιιι-
982 3282 1077 3322 versus
1092 3267 1272 3322 sisenandum
1288 3282 1452 3336 uxoremque
1471 3266 1529 3337 ejus
1544 3284 1559 3321 a
1573 3267 1678 3324 llaione
1694 3268 1779 3323 ailre-

135 3347 203 3410 vita,
218 3345 247 3399 ln
267 3358 299 3398 eo
312 3349 469 3414 permaneat
491 3341 612 3403 omnino,
637 3355 687 3394 nec
700 3339 830 3394 dimittat.
847 3358 857 3390 ι
878 3337 932 3393 scd
982 3345 1044 3392 cato
1057 3337 1185 3392 Ludovici
1201 3338 1382 3407 imperatoris,
1397 3338 1443 3407 qui
1467 3336 1597 3393 lerninam
1612 3339 1684 3393 illam
1703 3336 1779 3394 adul·

137 3417 221 3479 istud,
231 3416 337 3484 opinor,
348 3411 551 3482 intelligendum
563 3419 606 3466 εει
614 3411 733 3467 devidua
745 3425 805 3479 quae
816 3423 845 3464 se
855 3425 892 3478 sp·
904 3424 933 3463 n-
983 3409 1044 3463 tcrii
1059 3409 1205 3474 accusavit,
1224 3408 1303 3479 juxta
1324 3408 1410 3479 legem
1432 3407 1683 3479 Langobardorum,
1706 3409 1779 3478 quod

137 3497 165 3542 te
191 3484 300 3549 velavit,
324 3499 379 3538 non
402 3493 492 3538 autem
512 3484 545 3536 de
559 3481 671 3536 muliere
685 3496 734 3551 per
754 3481 810 3535 vim
833 3479 930 3535 velata.
982 3488 1042 3546 post
1067 3489 1222 3550 susceptum
1245 3494 1353 3533 sacrum
1378 3478 1512 3543 velamen,
1538 3495 1647 3534 rursum
1667 3481 1726 3534 viro
1746 3495 1778 3535 se

136 3557 204 3612 Nam
220 3555 293 3626 quod
306 3553 345 3608 ait
357 3553 410 3618 lex,
424 3566 484 3607 eam
499 3551 604 3607 resilire
617 3566 671 3605 non
684 3565 765 3620 posse
779 3565 840 3620 qnae
850 3548 931 3604 ctiam
982 3550 1172 3620 conjunxerat,
1188 3549 1301 3618 ideoque
1313 3564 1456 3618 personam
1469 3549 1702 3615 substantiamque
1715 3549 1775 3619 ejus

137 3627 223 3682 iuvita
236 3625 324 3681 velata
334 3631 386 3689 εει,
411 3623 482 3677 vlane
495 3622 680 3678 necessarium
695 3631 737 3676 est
750 3629 781 3674 ut
799 3619 932 3690 intelliga-
1001 3620 1053 3673 arti
1075 3618 1168 3689 palatii
1190 3619 1328 3688 pertinere
1352 3617 1451 3674 debere
1469 3616 1618 3682 asserebat,
1635 3619 1778 3672 secundum

137 3712 199 3752 mus
211 3697 244 3750 de
255 3711 286 3750 ea
297 3709 357 3764 quae
378 3639 502 3748 adnitere
516 3692 663 3763 perpetrati
684 3692 808 3747 convicta
822 3699 875 3754 est,
889 3700 932 3743 at·
982 3634 1073 3758 fagea.
1094 3690 1132 3743 Ea
1145 3697 1235 3742 autem
1248 3695 1335 3743 exstat
1350 3689 1378 3742 in
1397 3688 1467 3743 libro
1479 3687 1598 3742 secundo
1610 3686 1688 3757 Legis
1706 3686 1779 3741 Lan·

137 3767 238 3836 qneob
251 3763 443 3834 bocipsumiu
464 3762 629 3818 monasterio
644 3762 768 3816 concludi
787 3762 873 3832 jussa,
888 3774 934 3815 ro-
982 3760 1173 3825 gobardorum,
1191 3759 1232 3812 tit.
1250 3757 1276 3822 6,
1289 3773 1349 3828 cap.
1364 3758 1390 3822 i,
1405 3767 1432 3810 et
1446 3758 1492 3811 lib.
1509 3773 1540 3821 ιι,
1556 3758 1599 3810 tit.
1615 3757 1660 3820 57,
1673 3772 1732 3826 cap.
1749 3756 1776 3810 l.

136 3837 209 3892 lente
222 3835 329 3890 marito.
344 3833 413 3887 Nam
436 3833 508 3889 nulla
523 3833 567 3887 len
584 3832 649 3887 sinit
670 3846 768 3886 uxores
782 3839 873 3885 castas
888 3821 934 3882 ab·
981 3826 1017 3881 dt
1030 3828 1195 3882 sisenandus
1210 3827 1316 3898 negavit
1336 3841 1396 3880 eam
1410 3826 1529 3880 induisse
1548 3834 1652 3881 vestem
1668 3827 1777 3908 religio-

136 3907 223 3961 ducia
241 3904 359 3968 avaritie,
374 3903 472 3960 nisiex
493 3917 628 3957 consensu
650 3902 777 3970 partium,
795 3907 824 3952 ut
836 3905 933 3952 vacent
982 3897 1035 3951 nis.
1049 3897 1149 3951 Verum
1167 3911 1228 3948 cnm
1254 3902 1347 3965 postea
1363 3894 1432 3949 llaio
1457 3894 1598 3964 probasset
1611 3911 1671 3950 carn
1695 3894 1778 3951 luisse

137 3975 267 4039 orationi,
284 3975 361 4045 juxta
374 3974 519 4029 eonsilium
540 3971 672 4040 Apostoli.
689 3971 742 4024 scd
764 3969 874 4023 tametsi
889 3967 934 4023 da·
982 3965 1106 4027 velatam,
1124 3965 1227 4020 ‘udices
1250 3965 1405 4033 imperiales
1425 3966 1636 4033 pronuntiarunt
1650 3976 1676 4020 et
1688 3965 1777 4020 Gundi

137 4062 231 4101 remus
244 4046 330 4115 legem
344 4058 398 4098 aron
412 4059 473 4098 esse
484 4042 647 4111 ambiguam.
662 4040 728 4094 nibil
740 4038 861 4094 ollicerot
872 4053 934 4092 cau·
983 4036 1069 4103 ipsam
1083 4043 1111 4090 ot
1161 4051 1194 4089 na
1208 4035 1266 4105 ejus
1278 4038 1344 4091 lisso
1354 4035 1460 4091 addicta
1476 4052 1484 4101 ;
1501 4034 1601 4090 indicta
1616 4036 1696 4089 etiarn
1709 4035 1778 4090 mul-

137 4131 174 4170 sae
191 4115 370 4186 imperatoris.
394 4113 461 4167 Nam
477 4127 565 4182 neque
583 4108 674 4165 iudith
697 4109 828 4164 canonice
843 4108 931 4162 return
984 4114 1009 4160 ta
1023 4106 1170 4161 solidorum
1193 4113 1383 4161 sexcentorum
1406 4103 1566 4170 sisenando,
1588 4115 1618 4160 et
1629 4104 1777 4161 solidorum

137 4193 302 4255 susceperat,
321 4197 408 4253 neque
423 4182 611 4239 consentiente
626 4179 735 4242 raras-ito,
750 4178 796 4234 scd
815 4193 863 4248 per
879 4178 932 4232 vim
982 4185 1090 4231 centum
1120 4177 1296 4247 uinquaginta
1305 4175 1459 4231 Arnelbodo
1471 4175 1526 4230 lilio
1536 4176 1657 4232 Justonis
1669 4185 1697 4231 et
1707 4175 1778 4231 Garn-

138 4264 166 4310 et
182 4266 294 4310 metum.
310 4255 402 4323 ltaque
420 4253 530 4307 dubium
551 4267 603 4306 non
618 4259 676 4304 erat
696 4251 760 4319 quin
780 4264 841 4303 eam
855 4248 934 4302 mari-
982 4245 1020 4312 di,
1043 4247 1091 4316 qui
1131 4246 1175 4300 uic
1198 4245 1371 4301 vuatrimonio
1394 4255 1589 4302 consenserat:
1610 4263 1670 4316 quaa
1694 4247 1776 4301 nvulta

138 4334 224 4382 tusre
260 4335 316 4381 tere
364 4331 429 4390 sset,
445 4324 467 4378 si
480 4321 570 4379 vellet.
590 4320 672 4374 Aliud
695 4320 834 4375 obtinebat
848 4320 881 4373 de
896 4317 935 4371 vi·
982 4316 1136 4372 dmellredo
1147 4317 1246 4371 indicta
1264 4324 1306 4370 εει
1325 4314 1402 4383 juxta
1425 4316 1450 4372 le
1468 4333 1510 4372 em
1532 4316 1701 4388 Luitprandi,
1717 4333 1778 4386 opum

138 4397 208 4452 duis.
250 4412 295 4450 am
309 4393 327 4448 il
339 4394 362 4449 is
376 4395 510 4463 deponere
529 4390 650 4446 velamen
662 4399 784 4445 sanctum
804 4403 857 4444 non
871 4388 933 4442 licc—
944 4409 971 4468 D
983 4394 1073 4442 exstat
1086 4388 1114 4441 iu
1134 4386 1203 4441 libro
1227 4386 1343 4441 secundo
1364 4385 1444 4456 Legis
1487 4386 1713 4457 aogobardorunr,
1733 4387 1776 4440 tit.

137 4465 194 4529 bat,
216 4464 369 4535 presertim
391 4463 460 4532 apud
485 4460 681 4533 Langobardos
703 4457 779 4527 cnjus
796 4459 835 4513 rei
858 4457 932 4512 clara
983 4456 1029 4522 57,
1050 4472 1110 4527 cap.
1127 4457 1153 4510 i.
1168 4456 1264 4510 llatvvm
1279 4464 1321 4511 est
1336 4463 1426 4510 autem
1436 4455 1567 4525 judicium
1589 4457 1660 4510 istud
1681 4457 1777 4511 ariver-

138 4543 247 4589 exstant
261 4537 432 4590 documenta.
454 4532 488 4586 Et
506 4528 722 4601 quandoquidem
738 4529 845 4584 occasio
858 4527 932 4593 tulit,
983 4543 1029 4581 sus
1048 4525 1138 4581 Gundi
1160 4527 1186 4578 in
1210 4525 1375 4579 monasterio
1393 4534 1495 4578 sancte
1516 4524 1658 4578 Trinitatis
1678 4524 1779 4578 Garsau-

138 4603 249 4660 aderam
265 4603 417 4672 exemplum
433 4603 548 4657 istorum
571 4600 657 4654 ferme
677 4608 837 4669 temporum,
851 4598 884 4652 de
897 4596 935 4652 ie·
983 4597 1082 4652 mensis
1095 4612 1166 4650 anno
1177 4595 1212 4648 ιιι
1236 4595 1363 4648 ludovici
1376 4595 1398 4648 ll
1414 4595 1593 4663 imperatoris,
1614 4609 1709 4648 ιιιειιεε
1728 4596 1782 4649 be·

137 4677 209 4730 mina
225 4676 341 4744 quadam
356 4673 543 4743 Langobarda,
556 4685 615 4739 qnae
629 4670 780 4793 imficrante
795 4667 933 4723 Ludovico
983 4668 1095 4722 cembri.
1118 4666 1185 4720 Dein
1207 4664 1357 4718 Ludovicus
1380 4665 1449 4718 bona
1470 4679 1529 4732 quac
1551 4663 1659 4717 socrant
1677 4663 1775 4728 Guudi,

137 4743 159 4799 ll
172 4747 212 4801 Pii
228 4751 324 4814 nepote
334 4743 445 4798 inultata
457 4750 500 4798 est
510 4739 657 4794 amissione
686 4755 798 4793 enorum
810 4750 932 4803 surorum,
982 4736 1148 4792 monasterio
1170 4733 1343 4789 casauriensi
1367 4733 1442 4788 dedit
1462 4750 1491 4789 nv
1516 4732 1575 4788 Kal.
1595 4733 1690 4795 linias,
1706 4749 1777 4787 anno

136 4815 244 4872 obeam
258 4814 384 4869 videlicet
406 4827 526 4875 sarisam,
542 4809 614 4878 quod
638 4816 699 4878 post
719 4818 874 4878 susceptum
887 4822 934 4863 ve-
983 4807 1114 4876 vigesimo
1136 4807 1231 4874 quinto
1256 4803 1361 4875 imperii
1382 4805 1436 4867 sui,
1454 4804 1480 4857 id
1494 4812 1545 4869 εει,
1558 4820 1634 4863 ,avano
1652 4803 1713 4857 875.
1730 4804 1778 4856 lle-

138 4884 226 4940 lamen
240 4884 389 4955 religionis,
406 4883 506 4937 nubere
528 4887 746 4949 presumpserat.
768 4879 821 4932 lies
835 4879 871 4931 ita
886 4876 934 4930 ha·
982 4893 1044 4931 rum
1058 4877 1121 4946 qnia
1143 4877 1213 4931 bona
1231 4890 1292 4945 quae
1312 4873 1390 4930 iusto
1410 4872 1521 4928 dederat
1537 4875 1615 4930 uxori
1636 4889 1701 4936 strae,
1723 4890 1777 4927 non

138 4954 192 5009 bet.
208 4952 462 5017 lustouaustaldio,
475 4951 584 5005 natione
596 4948 728 5013 Francus,
741 4948 811 5003 inter
827 4947 933 5030 Lango·
982 4947 1052 5002 bene
1065 4948 1183 5002 discreta
1207 4952 1285 5000 erant
1303 4960 1319 4998 a
1334 4946 1413 4999 bonis
1434 4945 1591 5009 liberorum,
1613 4959 1656 4998 rcs
1678 4944 1776 4997 iterum

137 5024 237 5081 bardos
260 5025 406 5086 habitabat,
434 5022 524 5092 ibique
550 5034 663 5074 uxorem
686 5020 801 5074 duxerat
824 5032 934 5072 nomine
983 5031 1076 5072 coram
1097 5015 1235 5085 judicibus
1259 5015 1385 5070 ventilata
1410 5024 1452 5068 est
1476 5016 1503 5069 in
1525 5015 1607 5069 Teate
1630 5028 1701 5066 anino
1724 5011 1777 5066 stt

138 5091 236 5148 Gundi.
253 5093 363 5149 Licebat
378 5106 444 5148 sane
459 5092 484 5146 ei
504 5090 598 5144 vivere
609 5088 669 5158 lege
694 5089 792 5159 patria,
805 5088 828 5143 ει
841 5089 868 5141 ιιι
881 5087 934 5141 inl-
983 5102 1076 5142 mense
1089 5088 1230 5155 Augusto;
1246 5096 1274 5140 ει
1290 5086 1375 5141 curtis
1388 5085 1421 5140 de
1434 5084 1605 5139 blonactiano
1625 5082 1779 5149 adiudicati*

138 5163 177 5219 tio
199 5164 375 5220 babitationis
399 5176 456 5218 srva
480 5161 552 5217 inter
575 5159 769 5242 Langobardos
794 5156 935 5228 protessus
983 5167 1025 5213 est
1047 5156 1224 5221 monasterio,
1244 5164 1407 5225 peractaque
1425 5164 1557 5225 praterea
1579 5164 1622 5209 εει
1643 5154 1775 5208 bonorum

139 5231 235 5290 luisset
250 5235 321 5305 apud
343 5234 461 5305 judices,
475 5230 544 5285 velle
567 5245 597 5284 se
620 5244 712 5283 vivere
729 5229 876 5284 secundum
898 5227 935 5280 le·
982 5227 1103 5283 lustonis
1113 5226 1207 5281 divisio
1217 5227 1289 5282 inter
1300 5226 1368 5281 lilios
1379 5226 1437 5294 eius
1447 5236 1473 5278 ct
1485 5225 1689 5277 nrouastcrium.
1701 5222 1777 5278 lianc

138 5318 199 5372 gem
217 5304 396 5360 Francorum.
422 5302 474 5357 Sed
489 5300 584 5356 maluit
597 5299 697 5370 eligere
718 5300 803 5370 legem
828 5298 932 5368 Lango-
983 5298 1136 5361 historiam,
1150 5312 1209 5367 quae
1221 5297 1354 5367 plurimas
1371 5311 1414 5349 ros
1425 5294 1546 5349 continet
1558 5300 1650 5347 notatu
1669 5293 1774 5364 dignas,

139 5373 295 5440 bardorum,
321 5373 446 5430 fortassis
463 5373 490 5426 vi
504 5372 594 5425 victus
615 5370 727 5433 amoris,
769 5369 821 5423 uod
845 5368 932 5423 Gorrdi
983 5368 1083 5438 placuit
1097 5369 1191 5436 paucis
1211 5381 1359 5430 enarrarc;
1376 5379 1457 5434 quam
1480 5364 1600 5419 eruimus
1612 5380 1627 5417 c
1640 5363 1773 5418 veteribus

140 5442 224 5499 nollet
233 5444 300 5500 alias
311 5445 337 5500 ei
350 5445 461 5499 nubere.
476 5441 544 5496 Nam
554 5440 597 5494 lex
607 5385 845 5510 Langobaraorum
856 5437 933 5492 valde
984 5441 1052 5494 actis
1069 5437 1139 5492 illius
1151 5437 1212 5502 ενι,
1233 5451 1293 5506 quae
1305 5437 1413 5490 exstarit
1425 5434 1453 5487 in
1475 5433 1639 5489 chartulario
1653 5433 1775 5503 ejusdem

139 5510 297 5570 iavrvrabilis
310 5523 370 5570 erat
394 5513 532 5569 uxoribus.
552 5510 616 5566 llaec
629 5525 694 5580 ergo
707 5525 768 5564 cum
783 5508 871 5562 viruvu
885 5523 933 5563 ex·
984 5508 1150 5571 vaonastcrii,
1164 5520 1278 5576 queque
1290 5514 1352 5574 post
1364 5512 1442 5559 notas
1452 5505 1525 5559 edita
1536 5506 1666 5586 reperies,
1679 5502 1774 5564 lector,

139 5584 256 5649 tulisset,
281 5585 499 5666 desideriumque
522 5581 651 5636 exstincti
675 5594 729 5635 nau
755 5585 846 5648 posset
865 5577 932 5646 pati,
983 5578 1115 5634 beneficio
1136 5577 1246 5631 Antonii
1262 5574 1356 5630 ilionis
1376 5572 1531 5643 llerovailii,
1555 5575 1606 5630 vrri
1621 5572 1775 5640 ειιιιιεειιιιι,

140 5655 373 5711 sanctimonialem
398 5655 519 5709 habitum
538 5650 626 5706 induit
642 5648 670 5703 in
687 5648 853 5704 monasterio
867 5663 931 5702 san·
984 5650 1133 5718 lucrumque
1148 5647 1296 5702 studiorum
1308 5644 1379 5700 bono
1390 5645 1456 5700 nati.

141 5731 193 5781 ctae
203 5725 304 5796 ilaris,
319 5725 462 5796 telumque
470 5723 522 5781 sibi
536 5734 617 5792 super
629 5727 710 5792 caput
722 5718 860 5792 imposuit,
871 5732 932 5776 cum
