3832 6120
170 316 220 373 tit
641 317 670 375 S.
690 318 864 377 AGOBARD!
884 319 1038 378 uniscunt
1058 323 1296 381 tununnensts
1749 331 1805 390 stt

170 434 296 504 spiritum
313 432 466 488 dieentern:
496 432 637 503 Eqrediur,
655 443 680 488 et
702 450 747 489 era
758 436 866 507 spiritus
888 452 960 490 unen·
975 440 1000 498 Α
1014 443 1120 492 testate.
1141 437 1175 492 iit
1191 441 1335 495 uiderniius
1349 440 1412 506 iiiia,
1425 441 1594 510 eieuaturest,
1613 454 1637 499 et
1651 447 1731 502 nutes
1746 465 1804 506 suu-

169 527 225 581 dau
238 527 267 581 t'ru
278 541 322 580 ore
337 526 452 580 omnium
464 526 648 596 prophetarum
660 527 730 598 ejus,
745 528 772 582 id
785 531 842 595 est,
854 529 959 600 decepti
1010 527 1075 596 cepit
1099 544 1158 582 eunt
1176 530 1208 583 ui
1230 529 1313 585 ocutis
1334 548 1435 586 eorum.
1465 532 1581 604 Cumque
1595 537 1761 593 intueremur
1774 541 1804 597 iu

169 618 370 688 01⁶0&prOE
395 619 479 688 mgis,
497 625 528 673 up
539 618 699 674 amnem
711 618 746 675 ,(1
768 618 857 674 iocum
872 620 916 675 uhi
933 621 959 675 ei
1010 615 1100 670 emtam
1111 629 1214 673 euntem
1233 621 1308 674 ritum
1321 662 1329 686 ,
1344 639 1401 677 ecce
1420 624 1474 677 duo
1496 624 1544 679 uiri
1561 620 1700 683 astiterunt
1721 630 1803 699 juata

168 717 351 782 puratnsernt
364 710 501 765 interitus.
1009 705 1069 761 ittet
1086 708 1114 762 in
1127 708 1237 764 uestibus
1249 710 1325 778 aidis,
1341 713 1386 783 qui
1405 724 1429 768 et
1442 714 1564 770 dixerunt
1580 736 1586 771 :
1616 716 1671 772 Viri
1682 718 1801 789 Gaiiioi,

204 802 248 860 Vl.
265 802 347 859 istius
365 801 472 858 sinistri
480 800 617 858 exereitus
631 809 679 856 nut
689 803 816 872 princeps
836 808 884 855 sut
899 815 959 856 ma·
1008 798 1155 866 unitatem
1165 803 1317 872 aspicientes
1329 805 1356 859 in
1366 804 1457 860 cetum
1466 806 1537 862 titre
1546 809 1634 874 tetus,
1645 813 1692 881 qui
1701 830 1804 869 arumn-

166 910 249 965 gnus,
276 893 422 950 inridendo
443 900 537 948 sanctu
560 893 618 947 uiro
631 888 694 958 iub,
714 892 844 962 expetivit
853 907 916 948 eum
929 898 960 946 ut
1008 898 1148 960 ptuuena
1169 892 1239 947 uotis
1251 894 1398 962 adonium,
1422 898 1460 951 rie
1480 899 1561 953 ueniet
1579 902 1801 971 quemadmodum

168 985 220 1040 sihi
230 984 425 1040 uonuederetur
437 998 453 1038 a
464 982 589 1048 Domino,
601 998 655 1039 non
663 982 698 1038 ad
707 981 876 1051 probandum
888 981 961 1052 quud
1009 979 1110 1036 uidistis
1119 998 1180 1036 eunt
1189 994 1292 1039 euntem
1304 986 1331 1040 in
1342 987 1444 1042 cuium.
1470 988 1552 1046 Sedet
1561 1006 1625 1062 ergo
1635 992 1663 1047 in
1674 1008 1706 1048 ea
1717 1010 1802 1052 carne

167 1078 270 1133 iactum
283 1083 325 1132 est
337 1090 387 1146 per
395 1088 458 1129 enm
470 1072 578 1128 umente
589 1071 645 1137 ito,
660 1072 707 1127 sed
719 1071 753 1126 ad
761 1069 960 1141 reprobandum
1008 1086 1091 1142 quum
1114 1074 1261 1143 assumpsit
1276 1090 1325 1145 pro
1339 1076 1428 1145 nubis,
1449 1078 1483 1133 ad
1499 1080 1622 1136 dextrum
1647 1080 1748 1153 Patris,
1772 1095 1801 1142 et

167 1162 602 1240 qundmultitudinirnaiitiaesnn
615 1160 795 1217 desiderabat
830 1159 959 1231 {injussi-
1008 1166 1137 1216 tentnrus
1161 1167 1204 1216 est
1229 1161 1256 1216 in
1279 1162 1364 1233 gioria
1376 1164 1500 1234 judicare
1518 1168 1594 1225 riuus
1615 1178 1644 1226 et
1666 1183 1799 1236 ntortuos,

167 1260 247 1317 nistri
266 1257 404 1315 exereitus
417 1257 545 1328 prinueps
562 1255 678 1310 aooemit
689 1254 723 1309 ud
736 1255 854 1325 pntnum
871 1252 960 1308 hunti-
1008 1249 1085 1321 etius
1102 1253 1179 1325 regni
1190 1270 1242 1310 non
1257 1256 1391 1312 eritdnis.
1410 1259 1444 1314 Et
1455 1260 1513 1331 ipse
1527 1272 1569 1329 est
1580 1267 1799 1337 propitiatioprn

167 1365 241 1416 nent,
260 1348 330 1405 bene
343 1347 480 1403 mianum
492 1360 508 1400 a
520 1345 592 1400 huno
603 1343 661 1400 Deo
675 1344 825 1408 conditum,
840 1342 902 1412 igne
918 1341 960 1397 in·
1007 1344 1252 1413 peccatisnostris,
1277 1348 1323 1417 qui
1341 1358 1383 1403 est
1397 1352 1475 1406 testis
1485 1351 1588 1420 nterim
1603 1355 1799 1427 primogenitus

167 1441 293 1497 ridentiue
304 1453 465 1503 suouensus;
490 1444 519 1491 et
541 1435 649 1504 decepit
663 1448 696 1489 nu
720 1433 959 1504 praevaricatorem
1008 1440 1187 1501 moeniorum,
1214 1443 1242 1491 et
1263 1438 1389 1508 princeps
1411 1455 1505 1509 regunt
1531 1450 1622 1510 murm,
1644 1444 1736 1517 Agnus
1750 1446 1799 1502 not

167 1534 243 1599 taut,
262 1539 344 1602 atquo
362 1527 523 1586 omnimodae
551 1524 712 1595 oorrupteln
735 1523 859 1594 subiecit,
875 1530 904 1579 et
924 1521 959 1578 de
1008 1524 1054 1592 qni
1071 1525 1142 1580 tollit
1161 1530 1390 1597 peecatamnndi:
1415 1532 1462 1601 qui
1481 1532 1519 1588 ita
1533 1532 1658 1590 laudatur
1673 1553 1736 1593 curn
1748 1538 1799 1593 Pn-

166 1623 299 1681 mietate
323 1620 481 1691 angelornm
494 1613 658 1687 depositum,
684 1616 789 1670 socium
816 1612 867 1668 sibi
883 1611 957 1677 teuit,
1009 1621 1050 1669 tre
1061 1615 1095 1670 ab
1107 1617 1210 1688 angelis
1225 1637 1231 1672 :
1248 1617 1354 1676 Sedenti
1367 1623 1393 1676 in
1408 1624 1501 1680 tireno
1519 1636 1543 1681 et
1554 1628 1628 1699 deno
1643 1629 1797 1696 benedictio,

167 1722 249 1785 utque
259 1712 295 1768 de
306 1712 366 1768 tuoe
376 1710 497 1782 angelica
509 1709 688 1772 abstractum,
702 1706 822 1762 tenebris
833 1705 959 1762 suissuis·
1008 1711 1032 1757 et
1045 1703 1138 1770 donor,
1151 1715 1176 1760 et
1188 1706 1283 1777 pieria,
1299 1720 1323 1764 et
1337 1721 1452 1780 potestus
1468 1715 1496 1769 in
1519 1717 1617 1772 secuta
1628 1719 1797 1776 soeeuiornm.

163 1803 279 1878 ingerit,
294 1809 323 1859 et
333 1809 442 1858 aeoernae
455 1800 537 1855 morti
550 1799 698 1863 ,obnoxium
710 1796 836 1853 reddidit.
869 1796 959 1852 Donni·
971 1773 995 1833 Β
1008 1791 1042 1847 Et
1058 1793 1164 1862 qnando
1175 1797 1279 1852 uenerit
1299 1798 1326 1854 in
1336 1799 1479 1871 tnaiestutn
1492 1820 1539 1861 sua
1549 1815 1578 1862 et
1587 1806 1686 1876 Patris,
1699 1810 1740 1867 sic
1761 1813 1798 1867 ti-

166 1913 219 1955 nns
242 1904 334 1953 autem
351 1908 457 1951 summe
472 1894 561 1948 bonus
578 1898 606 1946 et
618 1890 689 1961 pins,
715 1896 745 1944 ut
760 1896 816 1944 turn
831 1903 956 1958 magnam
1007 1885 1125 1940 metitur
1139 1888 1172 1942 nb
1183 1888 1223 1945 eis
1234 1904 1303 1958 quus
1312 1892 1483 1962 judicaturus
1497 1906 1549 1966 est,
1564 1908 1595 1953 ut
1615 1900 1706 1956 dicant
1717 1918 1797 1960 mon-

166 1989 273 2045 mpnam
286 1993 438 2058 waurei,
450 1991 506 2039 tum
518 1996 646 2053 magnum
657 1979 763 2045 tuntas,
776 1979 850 2036 misit
859 1979 956 2035 Filium
1008 1974 1080 2030 tibus
1091 1983 1118 2032 et
1133 1980 1231 2046 petris:
1251 1983 1344 2039 dedite
1356 2001 1434 2057 super
1445 2004 1503 2054 nus,
1517 2000 1542 2044 et
1556 1989 1707 2048 abscondite
1720 2012 1767 2049 nor
1781 2013 1798 2050 u

165 2094 246 2137 suum
256 2079 341 2134 Deum
354 2076 482 2140 Verbum,
505 2082 536 2129 ut
555 2070 722 2141 ιιιοιὶοιιιι,
744 2069 847 2136 idest,
874 2070 957 2125 horno
1007 2065 1075 2135 iocre
1087 2068 1201 2123 sedentis
1212 2087 1292 2141 supra
1309 2074 1444 2142 tironum,
1454 2079 1517 2132 etad
1531 2080 1573 2134 ira
1583 2081 1798 2154 ammonendum

165 2185 258 2236 rurus,
274 2168 486 2225 ethubitaretin
508 2165 596 2231 nobis,
616 2165 643 2221 id
667 2172 721 2232 est,
741 2163 957 2221 inhumanitate
1006 2156 1075 2209 uenit
1094 2156 1150 2212 dieu
1169 2175 1278 2231 maanus
1293 2163 1448 2235 irnipuiut,
1460 2176 1486 2221 et
1509 2171 1568 2240 quit
1585 2173 1679 2241 poterit
1701 2178 1799 2228 utare?

166 2261 296 2335 penem,
313 2274 395 2333 qm
420 2258 537 2329 summit
560 2272 611 2330 pro
622 2256 702 2313 „obp
728 2255 807 2328 (Aug,
822 2256 850 2310 ,·„
860 2252 955 2319 sm„
1008 2240 1271 2314 Transacto,0mnes
1279 2250 1358 2307 eteoti
1371 2267 1406 2309 ex
1424 2254 1550 2312 omnibns
1562 2259 1697 2330 gentibus,
1709 2270 1737 2316 et
1748 2262 1797 2317 tri·

166 2351 306 2424 fruetur)
320 2366 354 2407 en
369 2349 456 2415 nobis,
473 2349 561 2413 idest,
576 2362 610 2404 ex
624 2355 720 2403 sauma
733 2345 845 2416 Virgine
857 2345 892 2400 ud
904 2344 957 2398 hoc
1005 2333 1263 2409 Βῑιῑιιιιιιῑιθιῶίι,
1279 2351 1307 2399 θῑ
1322 2343 1431 2416 finiti&
1442 2354 1522 2403 erunt
1535 2356 1639 2405 ιῑιιιῑθι
1648 2361 1710 2406 ιιιῑθ
1721 2354 1797 2408 thm-

164 2452 315 2519 praeparate
326 2452 356 2501 ut
367 2442 519 2506 aestatim
541 2441 680 2496 habitaret
701 2446 792 2494 autern
806 2435 955 2507 oorporati·
1005 2442 1070 2482 nuru
1084 2428 1112 2482 in
1124 2439 1269 2503 conspeetu
1279 2432 1358 2504 igni,
1367 2441 1395 2490 et
1409 2436 1501 2492 amicti
1515 2437 1592 2495 stolis
1606 2439 1686 2506 nnis,
1700 2447 1728 2496 et
1738 2441 1797 2512 pat·

165 2548 218 2603 rer,
232 2551 286 2592 nun
310 2533 479 2607 spiritaliter,
504 2528 829 2593 utinsanctiseaeteris,
852 2527 954 2593 idest,
1006 2532 1058 2574 tun
1082 2519 1109 2573 in
1124 2522 1365 2591 manibuseorum,
1389 2533 1418 2583 et
1435 2526 1591 2584 clamabunt
1615 2545 1681 2586 noce
1697 2547 1795 2606 magna

165 2626 351 2700 monegunde,
374 2621 589 2692 siuntscriptnm
603 2628 666 2677 est:
693 2618 745 2686 Qui
766 2618 883 2674 adierat
902 2615 958 2671 Do·
1006 2608 1148 2666 dicentes:
1171 2610 1557 2687 SatuuDeonaatraquiuedet
1571 2621 1819 2690 asperrimorum,¹
1853 2656 1862 2681 n

165 2718 248 2783 uduo,
259 2731 328 2771 unus
337 2713 445 2786 spiritus
455 2721 503 2768 ert.
523 2710 574 2780 Qui
584 2710 647 2766 linet
658 2709 775 2766 Domino
788 2708 955 2771 adhaereant,
1006 2709 1030 2754 et
1044 2701 1126 2771 dana.
1154 2700 1193 2757 De
1209 2702 1433 2773 quibusdieitur:
1448 2704 1485 2760 tit
1496 2717 1558 2762 auru
1568 2709 1613 2778 qui
1628 2721 1750 2764 uenerunt
1761 2710 1795 2765 de

164 2815 193 2864 et
204 2806 276 2863 Deus
285 2805 375 2862 initiis
387 2803 502 2868 habitet,
515 2818 569 2857 non
583 2808 674 2857 tannen
686 2799 784 2856 exinde
798 2796 916 2854 efficitur
928 2802 958 2850 nt
1005 2789 1174 2848 tribulatione
1187 2809 1293 2864 muana,
1304 2804 1329 2848 et
1340 2794 1459 2851 taverunt
1471 2797 1553 2852 stetur
1566 2816 1640 2864 aaut,
1653 2808 1679 2853 et
1690 2798 1796 2854 deuita-

164 2902 205 2959 tiii
217 2901 274 2958 sint
295 2897 464 2960 naturaliter,
491 2896 562 2952 sieut
585 2893 731 2950 inchristo
748 2890 853 2946 habitat
868 2887 957 2945 omnis
1007 2889 1098 2935 terunt
1111 2898 1155 2937 eur
1170 2882 1334 2956 insanguine
1351 2887 1429 2958 dani.
1455 2886 1657 2944 ideusuntunte
1672 2890 1794 2944 tironum

164 2989 304 3063 plenitudo
323 2986 472 3043 divinitatis
484 2983 674 3055 uorporniiter,
693 2989 724 3038 ut
745 2979 817 3036 Deus
837 2977 873 3034 sit
894 2976 959 3033 sub-
1007 2971 1067 3040 Dei,
1081 2983 1106 3030 et
1117 2975 1232 3031 seruiunt
1243 2976 1268 3032 ei
1279 2978 1322 3032 die
1334 2989 1358 3033 et
1374 2987 1448 3035 nocte
1468 2981 1496 3036 in
1508 2981 1602 3053 tempto
1617 2983 1691 3054 ejus;
1714 2983 1796 3053 etqui

164 3079 341 3139 mmmm
373 3076 439 3146 θῦε
463 3075 630 3141 humanius,
652 3089 686 3129 θ,
709 3086 764 3143 quo
784 3084 846 3127 οὓς.)
863 3069 955 3140 ςωρῑι,
1007 3061 1077 3117 tedet
1093 3062 1123 3118 iu
1134 3064 1239 3132 tirrano,
1251 3066 1352 3122 inabitat
1363 3086 1442 3140 super
1454 3088 1508 3126 eat.
1537 3071 1599 3126 Non
1613 3074 1737 3139 esurient,
1752 3090 1798 3127 ne-

164 3187 221 3228 nun
236 3169 308 3226 uliud
319 3183 382 3225 esse
401 3166 490 3238 putuit
505 3181 588 3236 quum
604 3163 675 3221 Deus
692 3172 720 3219 et
745 3162 841 3218 unicus
859 3159 956 3226 Filius,
1007 3169 1057 3226 aue
1068 3155 1156 3212 sitient
1168 3156 1290 3229 amptius,
1307 3176 1389 3232 neque
1403 3161 1478 3217 cadet
1489 3180 1567 3234 super
1578 3162 1637 3218 iiior
1650 3163 1700 3230 soi,
1716 3181 1797 3236 neque

167 3262 230 3332 quia
240 3258 397 3331 unigenitus
413 3268 478 3311 earo
492 3252 581 3309 iaetus
599 3258 654 3317 est,
679 3249 758 3306 utsii
774 3263 855 3304 uerus
876 3247 957 3313 Deus,
1007 3243 1078 3300 uduo
1089 3254 1185 3313 ustum·
1198 3249 1321 3320 quoniam
1333 3250 1433 3321 denus,
1445 3254 1491 3324 qui
1505 3254 1532 3306 in
1543 3252 1628 3308 medio
1644 3254 1732 3308 tironi
1747 3264 1795 3318 ert,

167 3367 250 3410 uerus
270 3351 362 3416 homo,
385 3361 456 3402 unus
470 3345 552 3401 Dens.
589 3343 624 3398 Et
646 3341 710 3398 licet
734 3338 807 3395 atiud
829 3340 865 3394 sit
882 3351 957 3402 earu,
1008 3346 1076 3408 repet
1095 3337 1164 3404 ittou,
1190 3349 1216 3394 et
1228 3339 1336 3397 deducet
1347 3341 1408 3397 ittae
1427 3343 1463 3398 ad
1481 3345 1540 3399 uite
1551 3345 1635 3415 [enter
1655 3362 1795 3416 aquarum,

166 3446 241 3504 ,itud
251 3443 393 3509 diviuitas3
415 3447 576 3496 nontamen
591 3436 649 3507 ipse
665 3435 734 3491 nlius
758 3442 800 3490 est
820 3433 848 3491 iu
863 3447 957 3500 carne,
1006 3436 1032 3483 et
1050 3428 1177 3501 uirterpet
1192 3430 1264 3487 Deua
1278 3449 1380 3488 omnem
1395 3433 1540 3505 lacrymam
1552 3451 1584 3490 eu
1598 3435 1680 3491 acutis
1694 3453 1795 3491 eorum.

166 3539 235 3595 atius
249 3534 425 3592 indivinitate
439 3548 448 3598 3
468 3529 516 3587 sed
531 3536 648 3599 utruque
669 3541 740 3581 nnus
753 3524 959 3582 ChristusDeus
1007 3516 1042 3572 it't
1060 3517 1152 3576 latitia
1167 3523 1324 3593 sempiterna
1338 3541 1417 3596 super
1432 3536 1510 3597 caput
1523 3543 1625 3593 eorum,
1637 3527 1707 3597 paud
1719 3537 1797 3582 umet

167 3631 271 3694 homo,
300 3628 477 3698 permanente
497 3620 639 3689 utriusque
665 3625 769 3672 natatus
793 3616 908 3672 ueritate
931 3625 960 3673 et
1007 3608 1126 3666 dutitiam
1140 3613 1299 3682 obtinebunt,
1322 3626 1347 3671 et
1361 3617 1530 3688 inpietdotor
1543 3627 1568 3672 et
1582 3621 1704 3689 pemitnr.
1733 3619 1798 3676 iine

163 3719 339 3791 mmm
368 3714 396 3770 id
417 3721 470 3779 ω,
491 3727 546 3768 „m
565 3719 669 3767 mma„
689 3709 857 3766 humanitate
875 3707 957 3764 indi.
1007 3699 1103 3756 ciuitas
1117 3701 1176 3769 net,
1201 3704 1228 3759 id
1248 3712 1292 3759 est
1303 3705 1466 3761 universitas
1483 3707 1606 3762 omnium
1628 3718 1796 3774 sanctornm,

167 3810 317 3874 vinnm,
340 3819 430 3876 mue
445 3818 576 3859 mmm
600 3801 742 3856 divium
760 3800 788 3856 p„
801 3797 957 3855 pumma.
1007 3805 1060 3845 ttorr
1073 3791 1379 3866 metamaucensium,
1396 3806 1425 3850 ut
1436 3796 1541 3852 tueeant
1553 3798 1581 3853 in
1591 3814 1633 3853 eu.
1658 3798 1730 3854 Nam
1741 3801 1797 3854 eta-

167 3913 240 3958 tem:
265 3900 312 3972 qui
333 3914 368 3956 ex
382 3907 498 3968 utruque
519 3909 589 3951 unns
601 3894 821 3961 Cinistntiieus,
841 3893 880 3949 ita
893 3894 959 3950 ado-
1007 3882 1072 3937 ritus
1084 3882 1134 3937 Dei
1152 3881 1308 3939 itiuminuuit
1318 3901 1387 3951 eum,
1403 3896 1428 3941 et
1440 3885 1547 3942 lucerna
1566 3887 1623 3958 ejus
1639 3897 1677 3942 est
1693 3888 1794 3959 danus.

167 4002 244 4049 mm.
261 4006 322 4047 mm
331 3991 413 4046 pm
435 3998 464 4044 ω
477 3986 546 4042 pujo
559 3986 595 4041 ab
614 3987 688 4042 omi
701 3994 838 4052 cmm,
870 3993 957 4040 uisu.
1006 3971 1155 4030 Etdieetur
1171 3976 1196 4030 ei
1216 3994 1222 4030 :
1240 3974 1302 4031 Non
1315 3976 1439 4031 audietur
1452 3977 1522 4032 uitro
1543 3979 1668 4051 iniquitas
1684 3979 1711 4034 in
1725 3988 1796 4034 terra

167 4083 260 4154 penius
270 4081 400 4144 diximus,
422 4079 493 4134 sicut
509 4077 825 4146 adorabaturanteqnam
840 4076 957 4131 vernum
1007 4070 1065 4129 tna,
1077 4065 1183 4119 nunnae
1198 4074 1222 4119 et
1234 4065 1355 4121 eomritio
1366 4067 1520 4124 interminio
1535 4070 1597 4134 tuit,
1621 4079 1646 4124 et
1661 4071 1796 4142 occupauit

160 4183 232 4230 mo
244 4171 340 4226 pem:
367 4170 431 4240 qui,
446 4167 659 4223 inconversibili,
669 4166 768 4232 defigas,
783 4180 844 4235 ,με
865 4165 958 4221 tumn.
1007 4149 1080 4207 ruiuu
1098 4171 1187 4210 muros
1200 4164 1269 4223 tuos,
1291 4165 1315 4210 et
1329 4167 1414 4227 portes
1434 4167 1494 4214 tuae
1510 4158 1638 4214 laudatio.
1675 4159 1797 4216 Nouerit

162 4260 330 4319 nentntttter
342 4259 528 4315 infirmitatem
541 4265 674 4323 nostram,
698 4257 726 4313 in
740 4272 795 4329 qus
808 4258 877 4313 muri
899 4274 959 4329 pos.
1007 4244 1055 4301 nit
1069 4246 1182 4318 amptius
1196 4247 1236 4304 uui
1254 4248 1439 4307 adducendum
1449 4270 1496 4325 per
1511 4254 1590 4320 diem,
1616 4272 1662 4310 nee
1675 4255 1798 4327 splendor

169 4354 216 4421 ,ξς
228 4352 347 4423 sumptu
360 4350 618 4414 incarnationem,
635 4363 686 4405 nee
698 4349 784 4405 minui
795 4350 894 4420 popuii,
908 4365 958 4406 μω
1007 4335 1078 4393 tunm
1097 4337 1309 4407 iiiuminaiitte,·
1337 4343 1443 4399 sederit
1466 4347 1513 4401 titi
1528 4346 1656 4402 Dominus
1671 4349 1698 4402 in
1713 4347 1798 4402 iurem

161 4445 273 4517 mest,
970 4430 1201 4525 Duempiternam,
1217 4442 1241 4486 et
1251 4432 1322 4489 dieue
1335 4444 1396 4492 tuus
1408 4437 1437 4490 in
1448 4437 1654 4512 pieriamltuam.
1680 4439 1742 4495 Non
1755 4458 1799 4495 oe·

160 4550 165 4557 ·
207 4535 260 4591 vu,
280 4531 957 4604 vemsneusepgoervemsh0m0‚upu31)0mi.
1009 4519 1077 4576 eidet
1091 4520 1214 4579 uttrutot
1227 4534 1297 4591 tuus,
1325 4536 1349 4582 et
1371 4527 1434 4583 iuna
1447 4539 1494 4585 tuo
1507 4548 1558 4586 non
1572 4533 1720 4588 minuetur:
1735 4532 1799 4604 quie

169 4642 222 4683 nus
234 4634 331 4681 noster
348 4621 427 4680 lesus
438 4623 574 4690 Christus,
592 4623 666 4678 uenit
681 4623 715 4679 ad
741 4621 907 4692 passionem,
930 4631 960 4678 ut
1009 4611 1138 4668 dominus
1162 4616 1212 4669 erit
1232 4616 1279 4672 tiit
1290 4618 1317 4673 in
1337 4617 1421 4674 iucem
1433 4621 1628 4693 sempiternam,
1647 4632 1671 4676 et
1686 4623 1798 4695 campie-

168 4715 303 4786 perferret
313 4715 417 4768 ,omnin
433 4713 476 4768 iliu
489 4728 551 4784 qun
569 4713 603 4768 de
624 4713 671 4767 ilio
698 4713 876 4781 praenuntiata
896 4723 961 4768 sunt
1010 4705 1107 4761 buntur
1124 4707 1179 4762 dies
1201 4707 1287 4764 tuetur
1306 4712 1354 4766 tui.
1387 4709 1507 4783 Pupulus
1528 4722 1615 4767 autem
1631 4722 1693 4769 tuus
1711 4732 1799 4770 onmes

160 4810 220 4880 'per
229 4806 393 4877 Scripturas.
418 4805 494 4860 Unde
506 4804 728 4872 comprehensus,
750 4811 779 4858 et
790 4802 900 4875 ligatus,
915 4804 961 4859 iia-
1005 4798 1085 4868 inuri,
1097 4801 1124 4854 in
1133 4812 1286 4872 perpetuum
1295 4804 1484 4859 itureditubunt
1497 4814 1603 4860 terram.
1628 4805 1664 4861 Et
1677 4806 1799 4862 uidebant

159 4897 294 4972 euitatus,
309 4895 417 4959 irrisus,
435 4901 464 4950 et
476 4893 503 4948 in
515 4908 596 4949 cruos
607 4906 764 4964 suspensus,
781 4907 843 4949 enm
857 4894 962 4950 renuet
1010 4899 1097 4961 pennu
1109 4891 1214 4962 ,iustum
1236 4903 1321 4961 tuum,
1340 4902 1364 4948 et
1377 4895 1463 4949 cuncti
1478 4912 1549 4966 repes
1563 4894 1688 4968 inetytum
1701 4905 1775 4952 tuum
1789 4915 1799 4963 ,·

171 4991 237 5044 ituru
247 4996 278 5041 nt
290 4992 423 5057 potestne
435 4982 544 5055 propria
553 4991 666 5053 poneret
680 4983 797 5039 nttirnntn
811 4997 899 5052 suunt,
914 4999 962 5055 po-
1010 4990 1035 5036 et
1047 4982 1182 5039 uocabitur
1194 4983 1241 5038 tibi
1254 5001 1349 5039 nomen
1367 5001 1471 5052 nouum,
1495 4985 1564 5058 quod
1584 5004 1613 5042 os
1629 4985 1736 5042 Domini
1751 5004 1800 5042 no·

172 5089 271 5136 testate
283 5081 382 5135 iterum
392 5092 453 5135 enm
467 5077 766 5148 sumpturus,elanrsns
776 5093 960 5150 rocennaguu,
1010 5073 1129 5152 minavit.
1156 5072 1192 5128 Et
1209 5076 1261 5128 eris
1275 5091 1373 5130 corona
1389 5074 1482 5146 piorie
1495 5079 1523 5132 in
1541 5096 1621 5133 manu
1636 5078 1751 5142 Domini,
1776 5088 1800 5132 et

172 5170 257 5227 meir:
281 5169 496 5226 commmittens
509 5179 547 5225 eat
560 5181 569 5221 :
594 5177 622 5225 et
635 5169 764 5226 inclinato
780 5172 960 5241 mpioetradi.
1011 5163 1134 5218 diadema
1145 5166 1219 5235 requi
1232 5165 1259 5220 iu
1269 5182 1350 5220 manu
1362 5165 1412 5221 liei
1426 5168 1476 5223 tui.
1509 5167 1572 5224 Non
1587 5169 1719 5224 uocaterir
1729 5169 1801 5223 uitra

172 5260 213 5318 dit
224 5263 359 5333 spiritum.
402 5261 488 5318 Natus
513 5268 603 5316 autent
621 5275 685 5316 reru
702 5261 864 5327 nativitate,
894 5277 963 5319 vern
1010 5251 1151 5320 derelicta,
1166 5264 1191 5308 et
1201 5263 1271 5309 terra
1282 5265 1328 5310 tua
1340 5257 1655 5330 mortuaeaiitnrumpiiuu
1666 5259 1802 5326 desotata3

173 5352 264 5406 munis
287 5353 416 5408 sustinuit
441 5367 533 5408 rerum
552 5351 716 5422 passionem,
732 5352 852 5421 suscepit
871 5368 962 5408 veram
1012 5344 1057 5401 red
1072 5345 1202 5401 meatem
1216 5347 1335 5404 uniuntur
1348 5367 1406 5405 meu
1417 5351 1445 5405 in
1456 5368 1496 5415 ea,
1510 5361 1534 5406 et
1549 5361 1680 5407 terrama
1694 5353 1802 5408 intrati-

173 5447 300 5502 mortem,
328 5455 390 5495 tera
402 5440 703 5497 earnisresurreutinne
717 5440 828 5510 praiuit
840 5457 868 5495 se
877 5442 963 5512 ipsum
1012 5447 1086 5505 tatur
1097 5440 1161 5511 putu
1173 5440 1329 5511 eompiacuit
1346 5442 1459 5498 Domino
1473 5447 1501 5499 in
1512 5455 1546 5510 te,
1558 5454 1581 5499 ot
1593 5455 1665 5499 terra
1672 5454 1719 5498 tua
1728 5444 1805 5499 inira-

174 5527 404 5598 uinttmdiseipuir'r
424 5530 452 5583 in
470 5528 560 5584 multis
577 5529 748 5598 arquruentir,
759 5543 806 5598 per
818 5527 874 5582 dies
895 5545 963 5598 puu-
1013 5530 1147 5586 ditabitur.
1172 5531 1309 5588 Habitaiit
1326 5536 1395 5591 enirn
1402 5535 1507 5605 iuuenis
1522 5554 1580 5590 cum
1591 5536 1698 5606 uirpine,
1720 5545 1744 5590 et
1756 5537 1805 5590 ita-

173 5619 297 5691 drapintu
307 5636 436 5691 apparens
447 5623 484 5676 eit
490 5633 515 5676 et
531 5621 640 5692 inquens
654 5621 686 5675 de
710 5637 788 5690 repno
801 5619 859 5687 Dei,
888 5635 963 5674 ntan-
982 5656 989 5671 ι
1013 5622 1130 5678 ditabunt
1141 5625 1203 5679 inte
1215 5625 1266 5694 fitis
1276 5627 1325 5680 tui.
1334 5625 1368 5680 Et
1382 5627 1503 5698 pandebit
1517 5645 1626 5698 sponsus
1638 5644 1717 5697 super
1728 5643 1803 5698 upon·

174 5708 284 5767 ducavit
296 5718 323 5764 et
336 5709 404 5767 bibit
415 5725 506 5766 oorsrn
520 5713 569 5775 eis,
594 5728 647 5768 nort
662 5713 836 5812 necomitam,
857 5713 904 5769 sud
915 5729 964 5784 po-
1013 5731 1081 5781 sum,
1096 5725 1121 5770 et
1133 5717 1257 5788 pandebit
1265 5734 1344 5790 super
1356 5729 1380 5774 te
1392 5719 1462 5775 Deus
1481 5729 1552 5774 tuus.
1580 5720 1641 5774 Non
1657 5718 1764 5773 intraiit
1777 5719 1806 5773 in
