3832 6120
138 264 207 320 tusa

699 248 902 331 'blateis-ma
922 246 1198 303 nttctdtstashcs.

1697 242 1764 297 tusa

136 379 248 442 Christi,
263 375 424 440 hadericus,
442 374 532 428 dirirm
544 372 686 426 ordinante
700 369 855 431 clementia,
872 367 924 419 im·
939 366 965 425 Α
977 361 1068 417 lenti-a
1078 372 1179 418 nostrae
1189 372 1219 416 ut
1233 362 1375 416 transitum
1387 359 1546 428 eiperriam
1559 357 1672 427 regiam,
1681 370 1765 425 quam

135 479 246 542 perator
259 468 405 537 Augustos.

171 565 282 621 Constat
292 578 350 627 nos,
366 561 456 617 divina
468 562 609 616 ordinante
619 559 718 630 gratia,
732 555 839 613 ceteris
850 569 923 608 mor-

135 653 234 708 talibus
260 652 480 722 supereminere:
500 650 570 704 unde
592 656 700 718 oportet
714 657 742 701 ut
761 645 838 716 cujus
855 657 924 714 prse-

135 742 256 798 eellimus
269 757 379 797 munere
393 743 549 797 studeamus
563 741 650 795 modis
660 739 786 795 omnibns
796 735 925 791 ecclesia·

135 834 209 889 sticis
222 834 303 889 rebus
316 849 393 904 opem
410 833 490 888 lcrrc.
508 833 610 888 Idcirco
624 838 716 886 notum
729 829 788 883 lieri
801 825 925 882 uolumus

134 923 261 978 omnibus
288 921 412 978 lldelibus
436 922 548 986 nostris,
563 919 742 991 presentibus
770 914 874 972 scilicet
897 920 925 968 ct

135 1012 244 1077 lutaris,
259 1028 307 1067 seu
321 1012 522 1068 successorihus
547 1009 648 1064 nostris
676 1006 800 1063 lidelibns
823 1011 924 1060 sauctae

136 1103 183 1157 lici
196 1102 334 1165 Ecclesiae,
343 1103 405 1171 quia
416 1101 517 1171 placuit
528 1098 604 1154 nobis
614 1113 663 1168 pro
675 1096 808 1150 mercedis
825 1103 924 1149 nostrae

135 1202 291 1263 augmento,
309 1200 337 1246 et
349 1202 456 1246 aeterna
471 1188 697 1246 remunerationis
715 1186 815 1248 lructu,
827 1200 924 1254 quam-

135 1283 197 1338 dam
230 1283 319 1336 villam
353 1299 413 1351 quas
437 1290 478 1337 cst
505 1282 531 1335 in
563 1280 699 1335 territorio
731 1275 923 1348 hlagalunensi,

136 1374 213 1443 cujus
235 1375 392 1430 vocabulum
407 1384 451 1429 est
464 1374 613 1438 villanova,
634 1373 704 1427 sieut
716 1387 776 1426 carn
790 1369 925 1425 liebertus

136 1479 229 1518 comcs
243 1465 269 1517 in
289 1462 448 1518 hcneheium
464 1463 566 1527 habuit,
581 1461 704 1516 ecclesie
728 1458 756 1515 S.
775 1459 848 1514 Petri
872 1456 926 1511 ila-

138 1557 302 1629 galonensis,
312 1557 368 1621 ubi,
378 1558 561 1622 beoaaetore,
572 1556 731 1626 Argerimus
744 1559 853 1624 praeest,
861 1551 926 1621 quia

137 1661 243 1707 constat
265 1667 325 1706 eam
347 1666 381 1706 ex
394 1650 530 1722 praedictis
546 1650 626 1705 rebus
653 1649 748 1712 luisse,
773 1643 926 1701 cumomni

976 459 1089 508 stratam
1104 456 1161 508 sive
1176 452 1318 506 calciatam
1331 451 1434 514 dicunt,
1446 449 1566 517 ejusdem
1580 463 1656 516 aquas
1670 461 1766 501 conee-

975 545 1113 610 dercmns,
1139 545 1256 615 qualiter
1277 541 1432 615 [quatenus]
1451 543 1484 597 ad
1499 541 1656 611 pradictum
1669 553 1765 594 mona·

975 635 1088 690 sterium
1109 636 1210 690 nostris
1230 645 1258 690 et
1278 635 1377 689 laturis
1392 633 1563 703 temporibus
1588 631 1691 700 absque
1716 628 1767 684 ali·

975 724 1053 794 cujus
1076 727 1268 796 impedimento
1284 727 1376 781 venire
1401 712 1553 794 potuisset:
1568 733 1596 777 et
1619 722 1646 775 in
1671 721 1768 776 eodem

975 815 1035 872 loeo
1050 815 1119 870 velle
1142 823 1252 885 pontem
1275 816 1381 881 lacere,
1410 824 1442 869 at
1468 812 1671 868 transeuntibus
1700 808 1768 865 nihil

976 907 1197 978 impedimentum
1215 915 1297 962 esset.
1320 904 1401 976 Cujus
1420 905 1553 976 petitioni,
1570 904 1633 972 nuta
1645 903 1719 972 justa
1740 907 1769 956 et

975 998 1104 1068 praedicto
1117 998 1282 1052 monasterio
1293 996 1367 1052 utilis
1379 1011 1439 1051 esse
1451 994 1604 1058 videbatur,
1621 1005 1767 1047 assensum

975 1089 1151 1158 praebuimus,
1162 1096 1189 1142 ct
1203 1087 1339 1142 licentiam
1351 1088 1539 1157 aquaeductum
1552 1099 1601 1154 per
1610 1083 1767 1153 predictam

975 1184 1088 1232 stratam
1104 1193 1174 1244 csse,
1199 1188 1303 1233 tautum
1322 1187 1350 1233 ιιι
1364 1194 1431 1249 pons
1455 1177 1571 1246 desuper
1594 1175 1654 1228 talis
1679 1173 1765 1231 heret.

976 1268 1021 1337 qui
1034 1269 1236 1323 transeuntibus
1247 1269 1312 1322 nihil
1323 1270 1440 1333 obesset,
1453 1266 1648 1322 concessimus.
1664 1263 1767 1318 ldcirco

976 1358 1147 1428 precipimus
1162 1367 1244 1428 atquc
1252 1359 1379 1427 J'nbemns
1393 1368 1422 1413 ut
1436 1357 1525 1413 nullus
1537 1356 1650 1426 quilibet
1666 1355 1767 1408 nostris

976 1457 1027 1497 nec
1061 1441 1161 1519 laturis
1190 1445 1357 1515 temporibus
1386 1444 1493 1515 aliquod
1520 1440 1689 1498 obstaculum
1721 1449 1769 1493 aut

976 1534 1209 1605 impedimentum,
1238 1537 1279 1590 rel
1294 1534 1622 1591 ealnmrriamrectoribus
1645 1529 1768 1601 praedicti

977 1626 1135 1681 monasterii
1145 1628 1178 1682 de
1191 1628 1321 1696 praedicto
1333 1628 1492 1698 aquaductu
1513 1625 1604 1679 lacere
1624 1631 1670 1677 aut
1694 1622 1768 1692 iuge-

139 1743 293 1812 integritato
308 1742 430 1805 reddere,
445 1743 482 1796 ita
503 1741 634 1795 duntaxat
649 1748 680 1795 ut
693 1739 823 1810 quidquid
838 1744 926 1791 recto-
940 1733 964 1792 B
979 1731 1039 1771 'ele
1058 1727 1214 1788 lffaefflmih
1234 1719 1281 1774 sed
1300 1717 1402 1789 absque
1417 1716 1497 1771 ullius
1521 1713 1693 1770 i⁰f0⁵¹³²i⁰¹¹⁰
1715 1713 1768 1766 ¹¹⁰⁰

140 1848 183 1888 res
210 1848 242 1888 ae
256 1833 370 1887 ministri
386 1833 604 1901 praedicassetis
628 1832 755 1900 deinceps
768 1844 817 1899 pro
831 1843 928 1898 oppor-

140 1924 254 1978 tunitate
285 1924 369 1994 ipsius
390 1925 512 1979 ecclesian
526 1924 559 1979 de
574 1923 668 1978 cadem
691 1922 753 1977 villa
779 1921 821 1975 rel
843 1920 877 1974 de
895 1919 927 1974 iis

138 2029 199 2085 qna
224 2015 257 2068 ad
281 2029 339 2069 eam
369 2016 496 2069 moderno
521 2024 641 2086 ternpore
663 2014 809 2086 pertinent,
837 2012 928 2067 lacere

140 2104 279 2166 noluerint,
304 2105 388 2159 libero
400 2106 538 2175 potiantur
552 2105 665 2161 arbitrio
675 2107 709 2161 ad
724 2107 782 2160 haee
792 2101 940 2172 iacienda„

140 2196 173 2251 Et
198 2199 258 2253 ideo
274 2200 398 2254 omnihus
415 2200 597 2269 praecipimus,
618 2217 650 2255 ae
673 2215 723 2270 per
749 2200 799 2255 bas
823 2198 928 2252 litteras

139 2291 292 2354 statuimus,
318 2298 349 2343 nt
373 2291 460 2345 trullus
483 2291 596 2360 quilibet
618 2290 736 2347 lideliam
760 2298 927 2352 nostrorum,

140 2389 195 2432 tam
206 2381 379 2448 presentium
394 2397 475 2450 qnam
488 2379 651 2445 [ιιιιιιοιιιιιιν
669 2380 824 2450 predictam
838 2378 928 2432 villam

140 2485 202 2524 eum
226 2471 351 2525 omnibns
363 2471 396 2525 ad
419 2486 448 2526 se
463 2470 660 2541 pertinentibus
672 2470 704 2525 de
724 2468 853 2540 predicta
866 2467 929 2521 sede

140 2560 310 2625 abstrahere,
337 2569 383 2614 aut
405 2560 506 2630 aliqrrid
531 2561 702 2625 imminuere,
727 2567 773 2613 aut
803 2557 930 2627 injustam

141 2649 381 2719 interpellationem
396 2649 518 2719 ingerere
527 2658 687 2720 praesumam
703 2649 864 2714 scd,sienta
880 2665 929 2703 no-

139 2738 182 2794 bis
197 2740 344 2809 injunctum
362 2750 414 2806 cst,
427 2748 454 2796 et
466 2757 514 2811 per
529 2743 599 2796 hane
609 2750 729 2795 nostram
740 2741 930 2795 auctoritatem

140 2831 275 2899 praedicte
293 2829 413 2886 ecelesiae
438 2831 638 2894 confirmatum,
663 2831 845 2901 imperpetuo
870 2845 930 2900 per-

141 2928 260 2972 maneat.
279 2918 312 2973 Et
325 2928 354 2973 ut
377 2921 436 2974 nac
452 2921 597 2975 atteteritas
612 2919 726 2974 druritcr
741 2921 882 2982 habeatur,
903 2930 931 2975 et

140 3024 189 3078 per
208 3008 296 3063 lutura
313 3018 432 3079 tempora
454 3011 549 3065 melius
572 3021 758 3079 conservetur,
773 3011 807 3066 tle
831 3012 929 3067 annulo

112 3133 114 3143 ·
140 3108 234 3154 nostro
248 3101 342 3154 subter
351 3102 482 3170 jussimus
494 3103 613 3172 sigillari.

177 3189 287 3262 Signum
301 3189 428 3245 Ludorici
443 3192 607 3247 serenissimi
623 3192 803 3262 imperatoris.

176 3279 317 3335 librandus
341 3281 470 3336 diaconus
496 3281 531 3336 ad
556 3282 641 3337 ricem
670 3283 827 3338 lleiisacbar
852 3269 928 3339 reco-

141 3368 241 3439 gnorit.

178 3457 273 3512 [latum
299 3459 387 3516 lilibus
407 3461 505 3526 llartii,
530 3479 609 3530 auno,
631 3462 740 3520 Christo
761 3465 887 3535 propitio,
911 3464 928 3518 6

142 3549 248 3617 imperii
274 3552 364 3606 domm
392 3552 520 3607 Ludorici
548 3555 769 3609 excellentissimi
795 3555 927 3625 Augusti,

142 3638 287 3694 indictione
304 3642 345 3693 ld.
359 3643 454 3694 horum
465 3641 627 3717 Aquisgrani
640 3644 739 3712 palatio
753 3645 827 3714 regio
841 3645 867 3698 in
880 3644 929 3700 Dei

141 3729 250 3783 nourinc
264 3728 387 3782 feliciter.
399 3731 494 3783 hmcn.

464 3815 604 3873 Lxxxtv.

355 3923 405 3962 ruo
425 3924 594 3965 norasremo
608 3925 710 3965 nasusr.

448 3999 623 4073 (rlnno8lll.)

143 4092 229 4165 [hpud
243 4091 274 4145 b.
289 4091 432 4160 bouquet,
452 4091 528 4153 ibid,
546 4107 607 4162 pag.
628 4089 689 4154 sto,
706 4106 740 4146 ex
763 4090 878 4147 Chilllet.
901 4093 930 4148 in

205 4164 282 4231 prob.
295 4162 329 4216 ad
344 4161 416 4214 llist.
431 4160 490 4214 obl.
509 4159 702 4227 Tronorrensir,
718 4177 779 4233 pag.
796 4162 870 4234 tat]

176 4255 205 4307 ln
233 4255 341 4309 nomine
365 4253 470 4308 bomini
482 4253 529 4307 bel
549 4260 575 4308 et
602 4252 749 4311 salvatoris
761 4255 847 4310 nostri
864 4255 929 4311 lesu

142 4342 264 4408 Christi,
293 4342 444 4398 Ladoricus
469 4327 560 4397 dirina
585 4343 728 4401 ordinante
756 4344 927 4415 prouidentia

143 4433 287 4503 imperator
300 4433 444 4503 hrrgustus.

176 4523 274 4577 Notum
302 4523 338 4576 sit
350 4523 470 4577 omnium
485 4522 603 4577 fideliam
630 4531 797 4592 nostrorum,
810 4542 929 4597 prasen-

141 4614 208 4668 tium
229 4612 332 4667 scilicet
353 4621 378 4668 et
401 4611 554 4668 futurorum
567 4614 717 4683 sagacitati,
744 4617 862 4687 qualiter
887 4619 929 4674 uir

139 4701 304 4758 venerahilis
331 4700 460 4756 hrnullas
480 4702 564 4758 abhas
591 4719 624 4759 cx
655 4709 820 4762 monasterio
842 4710 929 4764 sancti

142 4792 272 4858 Filiherti,
294 4793 365 4862 quod
388 4799 430 4848 est
440 4793 521 4848 sham
532 4795 559 4848 in
571 4795 656 4850 insula
667 4811 728 4864 quae
738 4796 839 4852 dicitur
854 4799 925 4866 llcri,

140 4891 249 4951 propter
262 4883 430 4938 incursiones
440 4882 669 4955 barbarorumqui
680 4885 929 4960 frequenteripsum

141 4973 332 5027 monasterium
350 4973 556 5045 depopulantur,
569 4973 642 5031 loras
655 4975 683 5030 in
696 4991 764 5047 pago
775 4979 821 5049 qai
835 4981 932 5037 dieitur

140 5059 498 5136 Erhadcllicuslllerlmepe),
512 5067 539 5120 in
552 5067 612 5122 loeo
630 5066 706 5136 cnjus
719 5070 879 5126 vocabulum
889 5081 932 5128 est

141 5151 210 5208 beas
221 5165 246 5219 ⁸,
274 5170 323 5224 per
348 5165 472 5212 nostmm
485 5173 646 5216 consensum
661 5170 743 5230 atque
755 5160 931 5231 adjutorium,

141 5261 240 5301 norum
252 5251 445 5304 monasterium
455 5252 613 5320 educasse,
624 5264 652 5310 et
665 5258 698 5313 ob
709 5259 930 5315 commoditatem

139 5335 259 5406 eiusdem
272 5339 440 5405 monasterii,
454 5349 483 5394 et
491 5345 707 5412 congregationis
720 5348 820 5402 ibidem
833 5349 931 5419 degeo·

138 5425 188 5490 tis,
198 5443 232 5480 ex
243 5425 323 5482 llario
335 5429 382 5498 qui
392 5430 491 5484 dicitur
501 5430 619 5487 Belenia
633 5433 670 5503 (ln
681 5434 816 5508 boloque),
832 5453 929 5507 aquam

141 5514 178 5572 lbi
206 5516 275 5570 velle
295 5518 457 5587 perducere;
482 5522 627 5577 obsecrans
652 5524 822 5583 elementiam
842 5530 929 5584 excel·

942 3088 966 3150 C

978 1810 1050 1882 quod
1066 1827 1115 1867 nos
1129 1814 1324 1877 concessimus,
1336 1822 1424 1867 ratum
1442 1820 1469 1866 et
1488 1807 1583 1864 stabile
1597 1805 1671 1861 omni
1697 1813 1767 1859 tem-

978 1918 1043 1973 pore
1069 1912 1235 1971 permaneat.
1264 1904 1298 1958 Et
1323 1913 1354 1957 ut
1379 1905 1437 1958 lunc
1463 1909 1556 1956 nostra
1578 1899 1665 1969 jussio
1692 1896 1766 1952 omrai

979 2003 1099 2066 tempore
1111 1996 1214 2050 stabilis
1228 2005 1257 2050 et
1271 1995 1428 2050 inconuulsa
1439 1999 1607 2063 permaneat,
1619 1990 1652 2046 de
1669 1987 1769 2044 annulo

979 2095 1073 2139 nostro
1087 2086 1182 2140 subter
1192 2085 1324 2153 jussimus
1343 2083 1466 2155 sigillari.

1015 2170 1072 2246 Ego
1085 2174 1228 2231 Durandus
1239 2177 1368 2231 diaconus
1383 2174 1416 2230 ad
1427 2174 1513 2230 ricem
1522 2171 1682 2229 lleiisacbar
1694 2184 1769 2225 roco

979 2267 1059 2336 geori
1076 2275 1105 2321 ct
1127 2267 1286 2336 subscripsi.

1016 2350 1083 2410 Data
1098 2373 1153 2410 aru
1169 2357 1304 2412 llalcndas
1314 2356 1414 2425 Aprilis
1429 2353 1626 2420 antro,Clrrlsto
1640 2352 1768 2422 pmpltin,

980 2445 1117 2514 birnpcrli
1142 2445 1232 2498 domui
1256 2444 1385 2499 lardorici
1413 2442 1527 2512 piissimi
1552 2441 1677 2512 bugasti,
1701 2439 1772 2493 indi-

980 2533 1070 2588 ctione
1087 2532 1128 2585 lh.
1143 2532 1240 2587 lictum
1253 2533 1415 2601 hqnisgraui
1437 2531 1537 2602 palatio
1552 2532 1579 2584 in
1600 2530 1648 2585 Dei
1663 2529 1773 2584 nomine

980 2619 1105 2676 iclieitcr.
1116 2621 1212 2676 Amen.

1312 2690 1443 2745 LXXXV.

982 2818 1366 2859 rnououasrrnmcorcucusr
1393 2821 1421 2858 m
1449 2817 1563 2859 nroecest
1595 2819 1770 2860 nurasurrsr.

1284 2917 1371 2990 (altram
1395 2915 1470 2986 819.)

983 3005 1071 3079 [Apud
1089 3006 1240 3073 Baluzium,
1264 3006 1479 3078 Cupitnl.,pag..
1497 3006 1575 3071 tlte,
1603 3022 1637 3062 ex
1662 3008 1773 3063 archivo

1192 3079 1350 3132 monasterii
1365 3077 1556 3150 heracliensis]

1016 3167 1045 3222 ln
1060 3168 1169 3224 nomine
1181 3167 1289 3223 Domini
1304 3166 1352 3219 Dei
1372 3174 1399 3220 et
1426 3165 1575 3221 Salvatoris
1599 3167 1684 3222 nostri
1708 3167 1772 3223 Jrsn

980 3259 1093 3326 Christi,
1104 3260 1266 3324 Lndovicus,
1275 3259 1366 3314 divina
1379 3260 1521 3314 ordinante
1529 3261 1712 3329 prouidentia,
1723 3264 1772 3318 im·

979 3361 1088 3424 perator
1100 3352 1246 3424 Augustus.

1016 3443 1105 3497 lloltis
1117 3443 1235 3498 lidelium
1250 3451 1416 3507 nostrorum,
1433 3451 1461 3496 et
1474 3442 1611 3513 precipue
1631 3444 1674 3500 his
1684 3445 1730 3515 qui
1744 3445 1772 3500 in

980 3534 1107 3589 occiduas
1116 3543 1207 3603 partes
1217 3531 1528 3597 suntconstituti,n0sse
1538 3533 1675 3588 credimus
1685 3535 1773 3603 quali-

981 3632 1023 3678 ter
1035 3623 1076 3676 vir
1091 3622 1234 3691 religiosus
1246 3621 1321 3676 Dado
1331 3621 1448 3690 quodam
1468 3621 1585 3684 nomine,
1601 3623 1647 3690 qui
1668 3624 1770 3678 nostris

981 3712 1148 3780 temporibus
1163 3711 1293 3781 religione
1307 3719 1334 3764 et
1346 3711 1504 3776 sanctitate,
1518 3711 1609 3765 divina
1620 3712 1672 3766 sibi
1686 3713 1772 3774 admi-

981 3802 1118 3858 uicalantc
1146 3801 1244 3872 gratia,
1270 3801 1391 3865 emicuit,
1408 3800 1472 3854 dum
1498 3801 1614 3870 quietem
1630 3811 1772 3873 appeteret

981 3899 1009 3946 et
1023 3891 1143 3945 raeando
1158 3888 1249 3944 ridere
1262 3888 1343 3944 uellet
1362 3903 1443 3958 quarn
1458 3890 1550 3945 suavis
1561 3898 1603 3946 est
1629 3892 1771 3961 Dominus,

981 3979 1115 4051 quoddam
1128 3979 1252 4035 locellum
1267 3980 1294 4034 in
1314 3994 1382 4050 pago
1396 3977 1530 4036 Rrrtenico
1552 3997 1633 4052 super
1656 3983 1772 4042 rivulum

981 4071 1146 4137 burdanum,
1163 4070 1240 4141 cujus
1259 4071 1417 4127 vocabulum
1430 4082 1471 4127 est
1487 4073 1603 4140 Corseas,
1628 4074 1769 4132 inveniens

981 4163 1045 4219 hnic
1058 4165 1165 4235 negotio
1176 4171 1279 4234 aptum,
1292 4158 1347 4233 quo
1361 4163 1388 4217 in
1414 4163 1474 4219 loco
1484 4164 1606 4220 nonnulli
1621 4165 1770 4223 Christiani

979 4262 1091 4326 propter
1105 4263 1206 4310 metum
1222 4253 1432 4320 Saracenorum,
1448 4255 1495 4325 qui
1514 4255 1587 4310 illam
1603 4265 1705 4313 terram
1723 4273 1772 4328 pc·

981 4361 1016 4402 ue
1027 4352 1110 4401 totam
1124 4346 1299 4401 devastarunt
1312 4354 1340 4400 et
1350 4345 1378 4400 in
1390 4361 1513 4402 eremum
1531 4348 1704 4418 redegerunt,
1720 4351 1769 4406 du·

941 4419 1045 4494 lidum
1061 4437 1257 4509 corrlugientes,
1277 4437 1462 4509 permodicum
1485 4447 1695 4496 construxerunt
1709 4457 1771 4498 ora-

981 4529 1092 4595 torium,
1107 4531 1164 4600 ipse
1175 4539 1315 4601 assumpto
1328 4529 1422 4586 labore
1431 4530 1549 4600 propriis
1559 4530 1684 4587 manibus
1695 4547 1770 4587 eum-

980 4619 1042 4676 dem
1054 4619 1226 4688 locumjnrta
1243 4620 1315 4675 vires
1341 4621 1474 4675 mundare
1485 4628 1568 4690 atque
1584 4621 1701 4693 stirpare
1723 4638 1770 4679 cu-

980 4710 1061 4775 rarit,
1079 4718 1107 4764 et
1119 4718 1148 4764 ut
1158 4719 1237 4779 aptus
1247 4709 1306 4779 ejus
1315 4710 1397 4780 quieti
1411 4710 1483 4768 toret
1496 4727 1606 4783 operam
1619 4714 1703 4769 dedit.
1714 4713 1769 4770 Sed

981 4815 1034 4857 non
1047 4808 1108 4871 post
1121 4800 1220 4857 multos
1237 4801 1296 4858 dies
1306 4801 1349 4856 rir
1363 4801 1504 4875 religiosus
1514 4802 1666 4860 hledraldus
1685 4805 1771 4862 nomi·

983 4908 1017 4947 nc
1027 4890 1152 4946 eumdem
1164 4891 1251 4946 locum
1266 4892 1345 4946 simul
1359 4908 1420 4948 cum
1442 4902 1591 4949 memorato
1605 4893 1714 4951 Dadone
1734 4895 1769 4949 ad

984 4981 1159 5037 habitandam
1170 4981 1261 5052 elegit.
1277 4981 1312 5036 Et
1332 4982 1396 5053 quia
1420 4982 1519 5038 lamam
1532 4986 1609 5042 bonae
1632 4988 1769 5058 opinionis

983 5091 1048 5131 vera
1062 5075 1157 5145 religio
1171 5075 1278 5130 illomm
1295 5077 1365 5147 apud
1374 5077 1530 5133 convicinos
1542 5089 1689 5150 sparserat,
1700 5096 1769 5136 aon·

983 5163 1049 5220 nulli
1064 5172 1257 5236 postponentes
1274 5167 1413 5233 seculum,
1436 5167 1555 5236 quietam
1584 5169 1767 5238 nihilominus,

983 5271 1064 5327 quam
1078 5257 1130 5326 ipsi
1141 5257 1286 5326 degebant,
1302 5266 1428 5327 appetere
1444 5258 1528 5312 vitam
1551 5259 1640 5313 eonati
1652 5267 1722 5325 sunt,
1740 5269 1770 5316 et

981 5360 1076 5402 eorum
1097 5345 1233 5414 religiosis
1256 5347 1387 5415 exemplis
1414 5347 1564 5403 imitatores
1581 5349 1639 5404 lieri
1657 5351 1769 5421 cupien-

981 5446 1031 5500 tes,
1059 5451 1152 5490 eorum
1178 5449 1207 5488 se
1231 5437 1387 5512 magisterio
1406 5439 1560 5506 subdidere,
1582 5441 1688 5497 aedom
1701 5457 1768 5514 pau·

981 5525 1056 5580 latim
1072 5525 1129 5594 ipsa
1142 5526 1316 5594 congregatio
1332 5536 1478 5596 cresceret,
1504 5531 1645 5588 ecelesiam
1667 5535 1767 5590 ibidem

178 5662 190 5691 ⁸
212 5650 296 5720 Vulgo
310 5652 362 5705 latr
386 5653 426 5708 rel
447 5651 634 5718 brand-Lien:
655 5675 725 5714 nunc
748 5661 883 5730 prioratus
904 5661 929 5715 in
949 5658 1059 5718 dioecesi
1075 5657 1256 5716 Namneteusi.
