3832 6120
121 236 188 294 istit
671 258 674 262 ²
702 232 899 290 uirtutium
918 228 1193 291 scmssinstidii.
1673 237 1741 292 ttttt

120 349 289 421 subscripsit.
306 346 380 403 bodo
401 344 602 418 indeparensis
618 347 762 417 episcopus
782 346 902 402 subscri·
917 358 942 416 Λ
954 349 1033 404 rabili
1046 348 1155 406 Aidrioo
1169 350 1295 420 episcopo
1309 351 1343 405 ad
1352 357 1458 420 patrem
1470 352 1633 424 praescriptae
1656 346 1741 409 ecclsi-

120 447 183 516 psit.
208 439 415 498 iicrcbenradns
438 438 583 493 Parisiacae
597 437 673 492 urbis
685 439 829 509 episcopus
845 439 908 493 snb·
956 441 1069 498 siacsivae
1087 443 1284 513 prosecutur
1295 443 1469 511 reddidimus,
1492 447 1559 500 utin
1581 454 1742 517 perpetuum

121 535 235 606 scripsit.
260 531 426 586 flambertus
439 528 551 585 humilis
566 530 710 600 episcopus
734 529 904 600 subscripsit.
956 531 984 586 iii
1006 531 1139 588 utilitates
1147 540 1175 587 et
1183 532 1304 603 eiusdem
1319 533 1441 590 ccclesiae
1457 534 1576 604 episcopi
1590 535 1700 605 beoqie
1714 535 1742 589 iu

119 625 260 683 Fulcarins
271 624 538 694 bumilisepiscopiis
551 624 720 694 subscripsit.
737 623 907 679 Godoiredus
954 637 987 677 ee
1007 621 1217 680 deservientium
1229 632 1397 696 penmanent.
1418 624 1522 681 ideirco
1535 625 1743 696 suggerentibus

120 717 280 775 senlitensis
293 716 436 787 episcopus
447 714 620 784 subscripsit.
641 713 732 769 Ferro
746 713 907 769 cantiuncu—
955 724 1039 786 atque
1049 716 1187 774 humiliter
1198 717 1397 788 postulantibus
1414 716 1550 787 praedictis
1562 715 1685 772 lidelibus
1695 729 1742 769 iio-

118 809 158 864 sis
169 808 314 879 episcopus
326 805 496 874 subscripsit.
513 803 585 859 liiidi
602 804 780 860 virdunensis
798 805 906 875 episeo-
956 810 1031 877 stris,
1053 818 1203 866 memorato
1214 809 1340 867 uidelicet
1354 809 1464 865 lidrico
1475 809 1602 880 episcopo
1614 815 1642 864 et
1660 806 1744 862 liano

118 914 168 968 pns
181 897 353 966 subscripsit.
371 895 463 966 Lupus
481 893 676 950 cadolonensis
695 893 908 964 episcopussub
956 917 989 957 no
1002 900 1117 958 romono
1136 909 1239 967 nostro,
1259 903 1420 958 poenosum
1430 898 1642 956 confirmationis
1662 904 1744 968 utque

118 988 238 1057 scripsit.
263 985 419 1057 stephanus
440 985 552 1040 bumilis
573 985 716 1054 episcopus
735 984 904 1055 subscripsit.
956 992 1115 1049 redditionis
1138 1000 1304 1066 preceptum
1326 993 1470 1064 sepedicto
1492 991 1601 1047 Aidrieo
1618 989 1745 1060 episcopo

119 1076 692 1146 ll'alalridusdiaconusrogatusrecoqncvi
707 1076 904 1146 etsubscripsl.
955 1084 997 1139 vel
1023 1086 1174 1155 adpartem
1189 1084 1246 1154 jam
1265 1085 1343 1140 dictae
1363 1083 1439 1139 urbis
1454 1082 1514 1139 fleri
1534 1081 1673 1151 iussimus,
1696 1093 1746 1151 psi·

153 1167 220 1220 Data
231 1183 279 1222 viri
301 1166 364 1221 iiius
379 1165 546 1236 Septembris
562 1180 643 1230 trino,
656 1165 766 1221 Christo
776 1166 904 1237 propitio,
956 1174 1205 1247 qooddeoerninius
1216 1183 1297 1246 atque
1307 1175 1432 1246 jubemus
1441 1181 1471 1229 ut
1481 1172 1629 1229 nuilusorrb
1642 1171 1744 1228 ditione

119 1255 225 1326 imperii
248 1257 339 1311 domni
362 1255 490 1312 Ludcv'ici
504 1257 619 1327 piissimi
642 1255 758 1327 Augusti
776 1257 822 1322 ili,
838 1258 907 1314 iiidi-
957 1267 1062 1337 imperii
1077 1268 1162 1323 nostri
1179 1268 1278 1338 degens
1290 1266 1345 1322 ulio
1356 1280 1475 1337 unquam
1493 1271 1613 1335 tempore
1631 1263 1665 1318 de
1676 1275 1745 1332 prio·

117 1349 209 1404 ctione
222 1348 248 1402 l.
264 1349 359 1404 lictum
375 1350 537 1420 aquisgrani
551 1349 653 1419 palatio
666 1350 782 1420 regiain
798 1350 846 1406 [lei
860 1363 907 1406 uo-
956 1357 1029 1413 dieta
1050 1356 1113 1412 villa
1124 1357 1166 1411 nel
1180 1357 1214 1412 de
1232 1356 1357 1412 omnibns
1372 1356 1407 1410 ad
1427 1370 1488 1410 eam
1502 1351 1698 1423 pertinentibus
1717 1352 1745 1406 io

118 1441 191 1495 illine
206 1439 332 1495 feliciter·
347 1440 442 1495 Amen·
956 1448 1160 1519 quibuscunque
1174 1447 1298 1519 paglsrel
1314 1447 1380 1503 locis
1391 1446 1534 1517 saepedicto
1555 1442 1665 1499 bidrico
1685 1440 1744 1512 epl-

448 1531 585 1588 CCXXW·
957 1556 1038 1612 scopo
1057 1541 1166 1612 suisque
1186 1540 1389 1597 successoribus
1412 1537 1468 1593 ulio
1488 1549 1606 1607 unquam
1624 1541 1746 1605 tempore

118 1639 168 1679 ruo
180 1638 304 1681 recensui
319 1638 493 1680 cunonimcn
504 1641 582 1682 auin
602 1642 638 1682 rr
652 1642 766 1684 iinuico
777 1641 839 1683 rius
850 1642 908 1682 eri·
959 1633 1170 1703 inquietudinem
1184 1630 1273 1688 iacere
1286 1642 1334 1687 aut
1354 1629 1502 1701 quamlibet
1523 1627 1684 1683 calumniam
1703 1627 1746 1680 in-

435 1710 577 1822 ,qwgssg
920 1712 1052 1795 digerere
1070 1722 1415 1793 presuma13sedliccatci
1435 1716 1676 1777 etsuccessoribns
1687 1716 1746 1787 ejus

364 1853 397 1926 [Α
419 1765 546 1910 §dmm
573 1766 651 1929 {gad}
958 1816 1050 1886 quieto
1071 1816 1166 1872 ordine
1178 1825 1355 1871 memoratam
1374 1813 1464 1868 villam
1484 1826 1545 1868 cum
1565 1809 1691 1867 omnibus
1710 1807 1747 1863 lo

152 1941 303 1998 innomine
327 1869 435 2000 Domieii
453 1945 502 2000 bei
523 1894 558 2000 et·
571 1898 721 2001 Salvatoris
741 1946 827 2000 nostri
843 1943 907 2001 lesu
957 1905 997 1960 οἱς
1011 1914 1040 1961 ⁶⁸
1056 1906 1216 2009 mvii&
1226 1905 1283 1962 Sive
1298 1904 1440 2009 mancipii?
1458 1911 1486 1959 et
1497 1919 1558 1958 cum
1577 1901 1703 2005 munim?
1713 1901 1746 1955 Μ

115 2030 225 2098 Christi,
235 2032 908 2105 Ludovicus,diiinarepropitiantecleuieutia,ini·
957 2009 987 2050 ⁸⁰
997 1996 1194 2101 WUMJQ
1206 2011 1268 2065 ΜΟ
1286 1995 1470 2099 eoe¹e⁸i²⁸f¹⁰⁰
1483 2003 1576 2050 mem
1586 2001 1613 2048 ⁰⁸
1626 1993 1746 2139 ΨΜ

115 2131 225 2192 peram
239 2123 385 2196 rugosius.
956 2102 997 2152 re,
1022 2096 1049 2143 et
1062 2088 1194 2193 quidquid
1215 2102 1265 2158 pro
1278 2093 1480 2193 opportunitate
1495 2093 1523 2142 et
1545 2098 1633 2140 comio
1674 2091 1741 2188 itate

955 2178 1075 2250 pretate
1095 2179 1168 2235 redis
1189 2178 1311 2235 ecclesie
1330 2177 1428 2234 exinde
1453 2177 1544 2234 lacere
1565 2176 1746 2242 decreverint,

128 2209 181 2311 ‘Si
196 2209 314 2266 bdelium
329 2220 485 2315 nostrorum
498 2212 587 2282 justas
603 2223 631 2269 et
641 2215 816 2316 rationabiles
837 2215 907 2285 peti·
967 2272 973 2284 ,
1079 2270 1086 2282 ,
1181 2270 1187 2282 ,
1381 2268 1395 2323 f
1597 2267 1625 2322 ,b

115 2308 203 2356 tioucs
215 2316 247 2356 ac
256 2302 462 2371 postulationes,
474 2320 542 2372 quas
549 2304 756 2374 prouitutaieei
765 2307 907 2362 exactione
956 2269 1369 2326 ¹¹b⁰r³¹¹¹¹⁸⁰m¹¹¹b¹¹⁸h³b⁰⁸m
1393 2269 1606 2338 mmmm
1625 2273 1746 2338 ”sm

115 2397 216 2443 sanctae
228 2388 277 2445 Ilei
289 2389 418 2446 Ecclesiae
429 2401 587 2464 exposcunt,
606 2394 641 2448 ad
649 2403 771 2463 optatum
781 2395 906 2451 ellectum

113 2479 295 2550 perducimus,
320 2496 374 2535 uon
397 2482 483 2536 solum
504 2483 605 2554 regiam
627 2493 709 2554 utque
739 2483 906 2555 imperialem
1230 2542 1236 2555 ,
1648 2537 1684 2552 ..
1739 2538 1745 2549 ,

114 2571 333 2626 consuetudinem
346 2572 374 2626 in
385 2570 438 2628 hoc
449 2588 620 2640 exercemus,
635 2573 778 2630 sedetiam
798 2589 846 2630 eos
855 2591 905 2630 no·
955 2545 1049 2600 ΝΜ
1060 2558 1121 2598 ‘³¹¹¹
1132 2541 1309 2606 mmmmm
1323 2547 1351 2597 ⁰⁸
1364 2539 1398 2596 ἀΰ
1413 2538 1511 2595 Μιο
1521 2547 1615 2595 ¹¹⁰⁵²¹⁰
1633 2537 1747 2609 ”mnan

113 2656 155 2715 bis
167 2662 356 2732 promptiores,
377 2671 407 2718 ut
420 2664 568 2730 credimus,
584 2674 666 2736 atquc
674 2665 828 2722 devotiores
842 2664 908 2723 iaci.
952 2633 1093 2705 iussimus·

113 2762 182 2803 mus.
205 2748 308 2806 idcirco
319 2750 443 2807 omnibus
454 2750 576 2810 fidelibus
591 2763 692 2810 sancte
705 2754 754 2811 Dei
775 2754 905 2811 scelesta
992 2724 1103 2797 Signum
1117 2723 1246 2781 L⁰d⁰V3⁰¹
1257 2717 1424 2781 ⁸0³⁶¹¹5⁵⁸³¹⁰5
1444 2724 1626 2794 imimmii&

990 2817 1189 2872 llirminmarus
1200 2816 1322 2872 notarius
1335 2817 1371 2872 ad
1380 2816 1466 2872 ricem
1480 2815 1601 2887 lingonis
1617 2828 1747 2886 recogno·

956 2369 1055 2417 statem
1067 2361 1193 2416 faciendi.
1208 2362 1242 2416 iit
1255 2362 1352 2416 utbec
1370 2368 1469 2415 nostre
1479 2358 1640 2414 redditionis
1654 2365 1747 2444 aucto·

955 2453 1024 2508 ritas
1034 2463 1192 2523 perpetuam
1203 2450 1323 2506 obtineat
1342 2450 1512 2514 tirmitatem,
1539 2463 1620 2503 mann
1636 2447 1747 2519 propria

113 2846 142 2893 et
154 2842 263 2913 nostris,
275 2844 454 2913 praescntibus
464 2844 568 2902 scilicet
581 2853 608 2903 et
618 2846 729 2915 suturis,
739 2857 831 2904 notum
843 2863 904 2905 csse

112 2928 236 2986 volumus
255 2932 317 3002 quia
338 2933 410 2990 Raro
424 2935 554 2992 vassallus
574 2945 669 2993 noster
692 2939 770 2996 uobis
790 2939 904 2996 innotuit
953 2909 980 2964 ’ἰ
996 2907 1192 2977 θῑωωήρεί·
1304 2999 1311 3012 ,
1508 2998 1514 3011 .
1642 2997 1670 3013 ..

114 3019 185 3089 quoii
206 3022 351 3090 quamdam
374 3025 464 3081 villam
480 3027 560 3083 sitam
582 3030 610 3084 in
628 3044 698 3102 pago
724 3029 904 3087 Cenomanico
992 2999 1058 3055 Dm
1071 3015 1100 3055 ¹¹
1123 2999 1236 3054 'mend'
1260 2997 1437 3063 nmmum
1450 2997 1746 3069 mmmmm&

955 3091 1062 3160 imperii
1094 3090 1187 3146 domni
1219 3088 1348 3145 lnidosici
1373 3088 1487 3159 piissimi
1516 3087 1647 3160 Augusti,
1673 3087 1745 3142 indi·

953 3180 1043 3235 ctione
1057 3180 1155 3250 prima.

987 3271 1083 3327 actoni
1099 3270 1261 3343 Aquisqrani
1271 3269 1372 3341 palatio
1383 3270 1457 3341 regio
1467 3268 1496 3324 in
1509 3269 1556 3325 liei
1569 3269 1677 3326 minine
1688 3267 1749 3324 icli-

112 3109 220 3166 iioinioe
236 3111 390 3171 Tridentem
404 3115 505 3186 dejure
518 3117 704 3195 cenomanice
714 3122 809 3177 matris
819 3121 903 3178 eccle

113 3202 159 3257 siai
173 3218 222 3275 per
237 3216 358 3263 nostruin
370 3210 529 3267 beneficium
544 3215 707 3283 possideret,
726 3217 760 3271 de
782 3231 834 3286 qua
853 3233 903 3287 per

113 3290 231 3360 singulos
246 3309 331 3351 annos
343 3312 430 3354 nouas
445 3307 473 3355 et
486 3300 604 3358 decimas
617 3311 645 3359 et
654 3303 789 3376 legitimos
806 3321 903 3364 census
970 3363 976 3377 ,

112 3381 233 3447 partibus
252 3384 370 3453 praelate
384 3390 479 3444 matris
493 3391 615 3448 ecclesiae
628 3402 656 3448 ct
669 3393 791 3464 ejusdem
812 3405 902 3452 recto
953 3370 1032 3418 Μ’
1044 3361 1140 3417 ΑΜ·

114 3469 189 3526 ribus
211 3473 387 3545 persolveret.
401 3477 459 3546 Qua
474 3479 507 3535 de
527 3495 556 3535 rc
569 3493 734 3539 memoratus
746 3482 819 3541 liano
840 3500 903 3557 per-
1283 3453 1411 3510 cem·

112 3566 231 3619 tractans
243 3578 335 3621 casnm
345 3565 499 3637 fragilitatis
519 3571 651 3634 bunione,
669 3583 696 3626 et
707 3588 854 3642 pavescens
866 3573 903 3629 ui-
1194 3565 1245 3603 ’Μ’
1262 3561 1351 3602 ²⁸⁰⁶*
1368 3560 1502 3601 mm·

111 3653 207 3709 timum
231 3656 382 3712 vocationis
394 3657 477 3724 diem,
496 3658 648 3727 timensque
663 3676 697 3714 ue
715 3661 828 3730 prefata
840 3662 902 3717 villa
1257 3639 1345 3708 (Am
1362 3639 1436 3707 m)

110 3745 201 3816 aliquo
214 3747 369 3819 cupiditatis
384 3763 439 3803 sure
459 3748 568 3805 stimulo
591 3750 634 3804 nol
651 3751 772 3820 quolibet
793 3751 902 3822 ingenio
1118 3731 1206 3804 [Apud
1219 3730 1325 3794 Mill-i
1337 3728 1413 3792 illd,
1429 3743 1490 3800 pap.
1510 3727 1582 3801 ll'l.]

111 3853 125 3890 u
134 3837 196 3906 jure
208 3837 326 3908 praelatae
338 3840 434 3895 matris
446 3840 567 3897 ecclcsiae
582 3842 698 3898 alienata
711 3842 800 3909 lieret,
826 3843 901 3900 ideo·
988 3844 1018 3899 lii
1036 3843 1144 3899 nomine
1166 3842 1272 3898 Domini
1289 3840 1337 3896 Ilei
1350 3848 1378 3896 et
1402 3839 1552 3896 saluatoris
1572 3839 1657 3896 nostri
1678 3824 1743 3896 iesu

111 3940 163 3995 que
188 3926 280 3983 ditiuo
301 3927 409 3983 terrens
440 3944 543 3997 amore,
564 3932 632 3987 adiit
653 3932 825 3989 clementiam
852 3949 902 3990 uo·
952 3937 1066 4004 Christi,
1088 3935 1251 4001 badericus,
1264 3934 1354 3989 diviua
1378 3931 1572 4004 repropitiante
1587 3931 1741 3995 clementia,

111 4026 208 4083 stram,
229 4019 387 4091 suppliciter
400 4021 548 4093 deprecans
571 4032 601 4080 nt
618 4035 796 4080 memoratam
809 4025 900 4082 uillam
952 4031 1102 4101 imperator
1114 4028 1261 4100 Angustus.

111 4107 220 4162 nornine
231 4103 386 4167 'tridentem
402 4125 463 4166 cuin
477 4112 601 4169 omnibus
615 4115 648 4169 ad
662 4130 692 4170 se
704 4116 901 4187 pertinentibus
988 4119 1017 4176 Si
1038 4118 1164 4190 precibus
1183 4117 1365 4182 sacerdotum,
1379 4115 1486 4185 quando
1499 4129 1549 4186 pro
1567 4113 1625 4170 suis
1638 4113 1681 4169 iel
1693 4127 1741 4170 ccv

111 4200 234 4270 partibus
255 4201 390 4271 predictae
412 4202 601 4261 Cenomuuicae
619 4207 716 4263 matris
730 4207 853 4264 ccclesiae
873 4218 902 4265 ct
952 4214 1095 4270 elesiarum
1116 4211 1167 4267 sibi
1187 4210 1394 4268 commissarum
1418 4208 1626 4265 necessitatibus
1640 4205 1741 4279 aliquid

109 4286 221 4347 ildrico
233 4292 353 4362 eiusdem
368 4294 444 4350 urbis
458 4296 605 4353 venerabili
617 4298 738 4369 pontiiiei
756 4308 901 4371 presenta-
952 4305 1081 4360 intimare
1092 4300 1237 4366 volueriut,
1257 4315 1350 4355 aurem
1366 4296 1484 4353 libenter
1494 4297 1739 4358 accommodamus,

111 4379 174 4437 liter
197 4391 289 4439 nostra
307 4385 443 4455 imperiali
471 4389 631 4445 auctoritate
658 4389 842 4459 redderemus,
872 4400 900 4447 et
912 4413 939 4475 ῃ
952 4410 1101 4467 eorumque
1113 4395 1202 4464 justas
1215 4406 1247 4447 ac
1258 4389 1433 4446 rationabiles
1445 4389 1591 4460 petitiones
1602 4405 1634 4445 ac
1648 4394 1740 4460 postu-

109 4469 181 4528 banc
201 4472 379 4531 redditionem
403 4491 452 4548 per
474 4487 597 4534 nostrum
614 4490 779 4551 preceptum
802 4470 914 4539 luturis'
951 4489 1067 4543 latiores
1092 4486 1125 4542 ad
1153 4493 1275 4557 optatum
1299 4480 1424 4538 ellectum
1444 4480 1589 4550 peruenire
1615 4478 1739 4542 iacimus,

111 4567 276 4636 temporibus
290 4566 395 4623 firmius
410 4569 498 4625 eidem
519 4571 640 4628 ecclesiae
662 4572 772 4643 suisque
785 4575 900 4629 rectori·
951 4596 1005 4635 non
1021 4579 1107 4634 solum
1121 4577 1223 4647 regiani
1239 4583 1320 4645 atque
1336 4572 1503 4644 imperialem
1518 4571 1740 4626 consuetudinem

109 4658 160 4714 bos
172 4659 360 4728 possidendam
374 4661 622 4742 confirmassemus.
644 4667 727 4738 Cujus
741 4667 900 4738 petitionem
952 4673 979 4725 in
992 4672 1044 4725 hoc
1058 4683 1227 4731 exercemus,
1242 4664 1386 4720 sedetiam
1408 4663 1516 4719 eosdem
1536 4662 1691 4718 sacerdotes
1706 4661 1741 4715 ad

109 4751 144 4805 ob
164 4766 285 4808 amorem
296 4752 345 4809 Ilei
362 4762 389 4810 et
408 4757 589 4813 reverentiam
604 4757 729 4828 ejusdem
749 4759 835 4814 sancti
850 4758 902 4816 loci
952 4760 1058 4816 Domini
1074 4752 1288 4814 misericordiam
1311 4769 1361 4826 pro
1383 4751 1638 4808 nobisexoiandam
1652 4766 1740 4820 proin·

109 4858 303 4916 seruorumque
317 4842 364 4901 Dei
374 4844 441 4903 inibi
457 4844 643 4903 famulantium
665 4846 781 4904 libenter
800 4846 902 4904 audiri·
953 4852 1057 4924 priores
1066 4859 1146 4919 atque
1156 4847 1308 4904 devotiores
1320 4845 1443 4900 iacimus.
1458 4841 1562 4899 idcirco
1574 4849 1667 4903 uotum
1680 4838 1738 4897 lieri

109 4953 180 5003 mos,
205 4945 233 4994 et
247 4939 466 5011 deprecationem
480 4940 597 5012 acpinm
621 4939 785 4998 desiderium
799 4937 856 5010 ejus
866 4941 900 4995 ad
953 4941 1076 4998 nolumus
1096 4938 1216 4993 oninium
1235 4934 1354 4992 lidelium
1374 4944 1529 4990 nostrorum
1545 4942 1600 4989 tam
1618 4946 1737 5003 praeseii-

108 5038 230 5100 optatum
242 5030 366 5089 ellectum
382 5033 530 5104 adimplere
541 5032 652 5105 dignum
666 5032 800 5088 duximus.
828 5031 900 5101 Quu-
954 5033 1020 5088 tium
1049 5044 1131 5101 quani
1153 5035 1180 5082 ot
1206 5026 1358 5080 luturorum
1380 5021 1592 5091 industrireqnia
1613 5022 1739 5078 Aldricns

108 5127 218 5190 propter
235 5135 283 5188 per
309 5120 362 5176 boc
382 5131 482 5179 nostrae
504 5122 673 5180 auctoritatis
693 5123 823 5194 scriptum
845 5131 900 5178 sta-
952 5119 1115 5178 uenerabilis
1143 5117 1329 5175 cenomanicae
1351 5115 1427 5170 urbis
1447 5113 1589 5184 episcopus
1607 5114 1739 5170 accedeus

108 5218 214 5267 tuentes
225 5212 393 5268 deceruimus
408 5212 621 5284 atqueiubemus
630 5222 661 5269 ut
673 5214 898 5284 quemadmodum
953 5214 986 5269 ad
1001 5226 1081 5269 aures
1097 5216 1197 5266 nostre
1210 5206 1318 5278 pietatis
1335 5203 1427 5260 retulit
1438 5202 1517 5259 nobis
1531 5203 1564 5258 de
1576 5203 1737 5272 quibusdam

108 5301 267 5370 sepedictus
285 5300 359 5355 Baio
380 5300 467 5358 tidelis
486 5312 577 5360 noster
602 5312 780 5359 memoratam
803 5301 894 5357 villain
948 5301 1089 5360 beneticiis
1102 5306 1235 5371 queunte
1249 5295 1404 5366 complures
1418 5291 1738 5363 anuoschuresuaese-

108 5407 170 5446 cum
195 5392 268 5446 omni
291 5392 454 5463 integritate,
487 5392 555 5448 sicut
576 5393 621 5448 illa
641 5392 692 5450 sub
715 5401 814 5449 uostrae
836 5390 899 5460 jure
949 5393 1063 5447 (liscum
1077 5387 1242 5459 appendiciis
1256 5399 1350 5440 eornm
1365 5383 1479 5440 luissent
1501 5382 1638 5439 subtracta
1655 5392 1683 5438 et
1702 5383 1735 5438 ad

108 5480 260 5550 potestatis,
279 5483 386 5552 quando
399 5497 413 5536 a
427 5481 568 5555 largitione
590 5492 682 5538 nostra
705 5483 792 5553 ipsum
816 5481 899 5537 bene·
947 5478 1083 5553 pubiicum
1098 5485 1221 5533 nostrum
1232 5475 1351 5535 redacta,
1368 5488 1428 5542 quse
1442 5473 1520 5528 modo
1534 5470 1733 5532 cheriuundus.

109 5571 201 5627 licium
225 5575 361 5643 accepisse
384 5584 502 5638 constat,
528 5590 577 5645 pro
600 5575 782 5630 emolumento
802 5573 898 5629 animae
948 5568 1110 5631 lieriliadns,
1135 5562 1394 5626 tetfordensem,
1420 5571 1448 5617 et
1468 5563 1533 5618 socii
1548 5563 1606 5633 eins
1625 5560 1732 5617 vassalli

109 5675 209 5722 nostum
224 5675 250 5721 et
260 5667 405 5722 stabilitate
424 5668 528 5736 imperii
543 5668 626 5721 nostri
642 5673 792 5722 memorato
815 5677 908 5726 vene,
948 5659 1034 5717 nostri
1056 5659 1082 5713 iu
1099 5657 1260 5713 beneficium
1281 5656 1343 5712 data
1361 5654 1510 5726 possident,
1530 5662 1556 5709 et
1579 5656 1617 5711 sic
1632 5669 1732 5726 proece-
