3832 6120
646 255 675 311 S.
695 252 870 311 stobrum
890 247 1045 307 EPiSCOPl
1064 243 1307 304 LUGDUNENSlS
1448 246 1452 251 '
1742 237 1795 293 itt

164 383 1795 427 μίμνω-Ἣ

801 494 950 579 ITEM
978 491 1155 576 LIBER

536 685 698 751 nonnus
722 679 990 743 omncmouns
1013 674 1214 740 rnnmorsr
1241 670 1422 735 sanaris,

198 924 218 981 l.
240 919 469 980 llererentissimo
489 931 523 971 ac
540 914 699 970 beatissimo
713 913 823 968 domino
838 919 866 968 et
886 911 956 982 patri
971 918 996 976 Α
1009 912 1112 966 minum
1129 921 1253 968 nostrum
1267 910 1510 966 lesumen'stum
1530 907 1634 965 caeteris
1647 909 1804 970 hominihus

165 1015 333 1085 ·l¹'redegiso
343 1007 559 1067 abbathlludum
572 1005 712 1060 modestiae
722 1011 821 1059 nostre
834 1002 957 1072 benigni-
1007 1003 1191 1073 permiscere;
1207 1019 1257 1058 nec
1269 1019 1317 1058 ros
1331 1001 1464 1056 debuistis
1474 1015 1523 1072 pro
1537 1016 1570 1056 eo
1585 1002 1658 1072 mod
1671 1001 1804 1060 Dominus

165 1114 208 1161 tas
223 1105 367 1159 adversum
385 1094 579 1166 nos,'peccatis
591 1093 692 1148 nostris
702 1090 882 1163 exigentibus,
896 1105 956 1144 mo·
1007 1092 1086 1149 lesus
1100 1093 1225 1149 Christus
1248 1093 1353 1163 abiecta
1369 1093 1402 1147 dc
1425 1107 1454 1146 se
1475 1106 1529 1145 non
1542 1092 1637 1157 sensit,
1655 1101 1683 1148 et
1694 1108 1803 1149 errasse

166 1203 203 1257 ta,
220 1193 319 1249 talibus
340 1204 390 1245 nos
402 1186 601 1241 invectionibus
614 1183 741 1254 perculit,
763 1197 824 1252 qnae
837 1180 958 1237 lenitatis
1008 1197 1038 1238 se
1053 1198 1190 1254 nunquam
1208 1186 1353 1255 cognovit,
1368 1191 1482 1237 caeteros
1497 1182 1622 1238 homines
1644 1184 1678 1238 ab
1692 1183 1803 1239 humili-

164 1298 197 1338 ao
215 1279 380 1337 sinceritatis
398 1283 497 1330 vestre
512 1274 623 1328 modum
637 1273 769 1327 excedere
780 1271 956 1337 viderentur,
1009 1285 1064 1332 tate
1090 1278 1250 1357 abjectionis
1274 1278 1378 1348 peccati
1401 1274 1575 1331 confessione
1602 1273 1748 1330 defendere
1775 1277 1803 1331 in

165 1375 217 1430 nisi
232 1375 258 1428 in
276 1369 431 1426 refellendis
443 1367 521 1423 nobis
531 1365 580 1419 tali
596 1364 789 1435 redargutione
800 1362 957 1429 uteremini,
1010 1375 1127 1433 tantum,
1151 1375 1182 1422 ut
1197 1383 1229 1422 ex
1250 1368 1302 1422 hoc
1317 1367 1432 1436 probare
1447 1363 1550 1430 uelitis,
1568 1366 1639 1419 sicut
1660 1364 1804 1420 inrestris

164 1481 225 1536 quae
238 1463 446 1520 verbistantum
461 1457 565 1514 arohis
581 1455 758 1527 proferretur,
772 1456 854 1511 corde
867 1462 958 1511 tamen
1009 1466 1122 1528 apparet
1151 1459 1276 1525 litteris,
1304 1458 1408 1513 nullum
1432 1472 1498 1512 uere
1524 1456 1667 1510 humilium
1696 1456 1803 1525 abjecta

164 1573 219 1614 non
234 1556 440 1627 approbaretur,
457 1550 525 1605 Nam
540 1549 564 1604 si
579 1549 623 1603 illa
638 1547 728 1604 omnia
741 1563 801 1619 quae
815 1548 959 1602 adversum
1010 1552 1043 1606 de
1056 1566 1085 1605 se
1098 1552 1209 1619 sentire,
1222 1551 1324 1605 nullum
1337 1564 1366 1604 se
1382 1556 1555 1618 peccatorem
1566 1545 1645 1602 fateri
1658 1547 1767 1602 deluere.

165 1663 215 1704 nos
228 1644 391 1717 protulistis,
405 1649 433 1696 et
446 1646 569 1711 exparte
580 1639 707 1702 finxistis,
719 1638 780 1693 itaa
794 1638 960 1692 robissensa
1045 1642 1089 1696 lll.
1109 1641 1231 1711 Nempe,
1254 1654 1272 1696 o
1289 1639 1454 1695 uenerabilis
1469 1638 1609 1709 magister,
1633 1638 1748 1707 putabat
1773 1654 1805 1693 ar

167 1745 261 1796 essent
283 1743 314 1790 ut
336 1733 442 1805 prolata
455 1740 540 1796 sunt,
565 1746 619 1787 non
638 1729 725 1785 solum
740 1728 900 1784 modestiam
913 1743 961 1783 re·
1010 1738 1087 1803 putat
1101 1740 1193 1787 nostra
1208 1730 1365 1801 insipientia
1383 1729 1449 1800 mnia
1472 1743 1535 1785 cum
1556 1728 1703 1785 dotalibus
1723 1729 1809 1786 rebus

137 1863 144 1876 .
170 1837 255 1883 stram
271 1821 544 1894 transgrederemini,
561 1835 656 1876 verum
674 1821 755 1876 etism
766 1820 912 1874 ueritatem
922 1818 961 1874 of·
1010 1823 1131 1892 loqrritur
1144 1823 1236 1887 homo,
1252 1837 1306 1876 oon
1320 1821 1402 1875 debet
1414 1819 1559 1875 hominum
1575 1827 1699 1874 nostmm
1711 1819 1805 1875 lesum

171 1918 330 1975 tenderetis.
346 1917 379 1971 tr
394 1915 505 1980 idcireo,
517 1913 715 1984 sapientissime
727 1913 778 1975 rir,
796 1911 819 1966 si
835 1911 961 1983 dignatur
1011 1911 1151 1968 Christum
1173 1911 1282 1966 caeteris
1301 1924 1449 1981 aggregare
1475 1907 1630 1964 hominihus
1651 1923 1659 1962 τ
1677 1909 1741 1978 qtria
1753 1909 1804 1964 hu·

167 2010 312 2065 admittere
329 2006 488 2078 magnitudo
508 2009 620 2070 restra,
643 2004 755 2059 nitimur
777 2018 828 2058 nos
841 2017 892 2073 per
911 2003 961 2058 bas
1011 2004 1210 2072 manicasque
1226 2017 1241 2056 s
1257 2001 1348 2058 Verbo
1360 2009 1499 2071 assumpta
1511 2006 1568 2065 est,
1583 2013 1739 2069 quasmnam
1753 2001 1805 2055 ba·

166 2100 301 2157 litterulas
314 2113 429 2171 purgare
442 2097 540 2153 abilhs
555 2096 728 2161 criminibus,
743 2096 960 2166 ammadversum
1011 2092 1074 2148 beat
1101 2100 1226 2147 naturam
1251 2100 1407 2146 nostrornm
1434 2104 1598 2160 corporum,
1628 2104 1682 2145 non
1715 2097 1805 2146 tames

167 2206 217 2247 nos
233 2191 261 2246 in
277 2189 376 2244 vestris
392 2188 491 2242 litteris
508 2193 620 2242 exarata
632 2186 792 2257 reperimus.
810 2185 959 2240 Recordari
1013 2184 1095 2238 habet
1111 2183 1254 2251 originem.
1273 2181 1329 2237 Nos
1341 2181 1414 2236 enim
1433 2180 1554 2237 humano
1566 2181 1671 2236 semine
1683 2181 1807 2252 coagule-

167 2280 314 2351 dignamini
326 2278 477 2334 litterarum
487 2284 652 2341 vestrarum,
665 2290 733 2346 quas
744 2284 808 2331 tunc
819 2277 962 2331 adversum
976 2268 1000 2327 B
1014 2290 1090 2340 mur,
1106 2275 1151 2330 ille
1164 2264 1201 2330 de‘
1210 2275 1312 2346 Spiritu
1329 2283 1423 2330 sancto
1433 2283 1513 2330 natus
1524 2283 1567 2330 est
1578 2291 1586 2329 ι
1597 2276 1645 2346 qui
1658 2275 1711 2331 etsi
1726 2276 1807 2331 home

167 2386 218 2428 nos
241 2371 388 2426 novissime
409 2368 538 2434 dedistis·
564 2375 591 2422 et
613 2367 768 2438 cognoscite
787 2375 882 2422 contra
901 2381 962 2436 mre
1015 2365 1103 2421 faetus
1113 2373 1156 2420 est
1166 2373 1277 2434 propter
1286 2375 1407 2420 nostram
1419 2364 1545 2431 salutem,
1557 2364 1629 2420 Dens
1642 2373 1733 2420 tanen
1745 2379 1807 2423 esse

168 2460 282 2515 crimina
297 2474 369 2513 nunc
385 2459 550 2528 respondere
562 2471 699 2513 curemus.
1013 2473 1068 2512 non
1082 2457 1175 2521 desiit;
1202 2456 1249 2526 quui
1270 2456 1335 2511 lieet
1351 2457 1431 2510 homo
1450 2470 1534 2512 verus
1553 2456 1598 2521 sit,
1619 2470 1701 2512 uerus
1714 2464 1807 2511 tamen

203 2549 234 2604 ll.
249 2549 403 2619 Scripsistis
414 2550 497 2619 igitur
513 2549 541 2603 in
556 2547 715 2617 prefatione
728 2548 851 2603 dicentes
871 2565 877 2602 ε
900 2565 910 2599 ι
925 2539 962 2604 'Si
1014 2559 1041 2609 et
1052 2566 1124 2605 uuus
1141 2558 1183 2605 est
1196 2549 1269 2604 Dens
1288 2564 1350 2604 cum
1370 2547 1451 2603 Patre
1473 2557 1501 2603 et
1515 2547 1617 2618 Spiritu
1636 2556 1742 2604 sancto.
1758 2547 1806 2603 fila

171 2639 308 2693 adomnia
327 2650 387 2708 quse
405 2638 431 2692 in
445 2644 543 2693 restim
562 2638 713 2695 dilectionis
726 2639 850 2693 chartula
862 2639 963 2709 scripta
1013 2655 1132 2711 nomque
1145 2639 1295 2704 biumbres,
1310 2655 1364 2710 qim
1378 2639 1511 2695 Dominus
1526 2647 1619 2694 noster
1634 2637 1712 2694 lmus
1725 2637 1808 2694 Chri·

168 2729 329 2797 reporimus,
343 2726 560 2798 respondendnm
573 2728 767 2798 judicaremus,
785 2743 839 2782 non
854 2737 962 2784 tantum
1013 2739 1083 2797 stus,
1108 2745 1170 2785 cnm
1183 2731 1211 2784 in
1236 2729 1323 2785 forma
1337 2730 1386 2784 hei
1411 2729 1500 2795 Patris
1523 2738 1607 2795 esset,
1628 2731 1807 2799 semetipsum

167 2819 299 2874 chartule
311 2859 318 2884 ,
332 2832 427 2874 rerum
441 2819 596 2888 prolixioris
617 2819 679 2873 libri
700 2819 809 2874 modum
831 2823 964 2877 excedere
1013 2822 1164 2878 exinanivit
1176 2829 1205 2875 ut
1216 2819 1331 2875 formam
1346 2821 1419 2875 ser-ui
1432 2821 1581 2889 acciperet,
1598 2819 1738 2875 inclinatio
1753 2819 1806 2874 fuit

168 2906 348 2963 sidereum.-
363 2907 418 2963 Sed
443 2909 506 2979 quia
530 2910 683 2979 compendii
708 2924 803 2975 eausa,
825 2925 910 2980 patrea
928 2926 963 2967 er
1012 2911 1214 2975 miserationis,
1240 2926 1295 2966 non
1321 2910 1464 2966 evacuatio
1488 2909 1652 2980 potestatis3
1680 2911 1726 2981 uui
1753 2911 1806 2966 etsi

168 2998 294 3072 plurimis
315 3000 470 3054 summatim
493 3000 627 3071 attingere
650 3000 740 3056 libuit.
768 3020 779 3054 ι
800 3002 840 3056 Ex
865 3003 964 3073 quihus
1013 3003 1117 3073 abjecta
1130 3001 1265 3072 passionis
1273 3001 1396 3072 pertulit,
1412 3009 1504 3057 tamen
1517 3001 1658 3056 Deol’atri
1671 3000 1806 3070 mqrralem

170 3089 261 3146 serbis
277 3090 376 3146 restris
391 3098 504 3161 apparet
517 3091 607 3145 omnia
623 3106 671 3146 ros
685 3090 729 3145 illa
753 3091 964 3161 reprehendisse
991 3086 997 3107 '
1013 3107 1043 3148 se
1051 3106 1112 3148 esse
1129 3092 1255 3147 innotuit.
1272 3090 1398 3161 AEqualis
1409 3091 1520 3146 omnino
1533 3100 1575 3146 est
1590 3090 1676 3154 Patri,
1689 3105 1743 3146 nun
1758 3091 1809 3147 mi·

168 3198 229 3253 qnae
248 3183 276 3237 in
295 3190 389 3238 nostra
410 3183 534 3238 chartola
552 3185 655 3254 scripta
670 3185 819 3254 reperistis.
846 3185 901 3242 Sed
914 3187 962 3257 qui
1013 3199 1064 3239 nor
1074 3193 1118 3239 est
1129 3184 1225 3255 gloria,
1248 3198 1304 3238 uon
1320 3183 1456 3253 posterior
1471 3191 1604 3253 ternpore,
1624 3197 1679 3238 non
1693 3183 1808 3239 inferior

168 3275 261 3330 omnia
271 3276 479 3344 reprehenditis,
490 3275 557 3330 nibil
572 3275 703 3342 laudatis;
716 3286 812 3332 cuncta
825 3277 960 3344 refellitis,
1012 3281 1147 3343 potestate
1169 3291 1176 3327 ι
1195 3274 1241 3342 qui
1261 3282 1404 3343 propterca
1426 3271 1515 3329 factus
1534 3282 1577 3329 est
1591 3275 1683 3339 homo,
1697 3289 1752 3329 non
1776 3280 1809 3329 nt

169 3364 236 3419 nihii
253 3365 387 3435 recipitis;
405 3380 486 3435 ortam
495 3365 568 3435 juste
584 3366 635 3422 boc
646 3365 761 3432 faciatis,
775 3384 808 3422 ex
827 3368 887 3422 istis
900 3383 962 3439 per·
1012 3372 1128 3429 errsret,
1142 3362 1191 3420 sotl
1213 3371 1244 3419 ιιι
1262 3365 1406 3419 erraticam
1426 3379 1504 3420 ouem
1529 3365 1665 3421 inventam
1684 3365 1807 3420 humeris

169 3454 279 3525 pendite
301 3471 362 3524 utrm
376 3456 528 3526 compendii
547 3471 629 3512 causa
646 3458 801 3511 summatim
822 3458 960 3527 attigistis.
1013 3456 1070 3513 suis
1088 3462 1215 3527 gestaret,
1239 3464 1267 3510 et
1280 3455 1435 3510 addomrrm
1449 3456 1568 3511 coelcstis
1587 3456 1695 3527 patriae,
1711 3455 1744 3511 ad
1757 3472 1807 3526 pa-

169 3545 239 3614 Quia
256 3547 278 3603 si
302 3547 353 3601 ista
369 3554 422 3601 tam
439 3545 537 3615 injuste
553 3547 779 3616 reprehendistis,
805 3556 907 3619 quanto
921 3549 963 3604 in·
1013 3556 1120 3601 ternam
1132 3546 1237 3602 scilicet
1249 3546 1381 3601 aimonem
1395 3546 1566 3617 perduceret.
1586 3546 1620 3601 Et
1634 3546 1736 3601 idcirco
1750 3561 1805 3600 non

168 3637 267 3707 justius
287 3635 333 3691 illa
353 3651 414 3707 oum
433 3636 599 3707 reliquistis?
616 3637 651 3692 Et
666 3637 786 3708 primum
807 3637 915 3708 quidem
930 3619 999 3694 deC
1015 3650 1058 3696 est
1068 3655 1247 3710 consequeus,
1261 3640 1316 3695 imo
1327 3638 1405 3695 valde
1419 3639 1549 3710 injustum
1561 3647 1614 3705 est,
1628 3647 1658 3694 ut
1670 3654 1732 3694 eum
1745 3641 1807 3710 quis

169 3727 212 3782 his
221 3741 282 3797 quan
292 3725 368 3782 robis
376 3727 511 3799 attingere
521 3726 611 3793 libuit,
622 3727 762 3782 assumitis
771 3728 963 3799 refragandam
1015 3745 1047 3785 oa
1062 3744 1122 3799 quae
1137 3729 1277 3784 hominurn
1288 3738 1352 3783 sunt
1363 3742 1428 3784 rere
1442 3728 1572 3798 loquitur,
1587 3727 1657 3783 alter
1666 3728 1806 3784 homiuica

170 3824 291 3871 suestram
305 3816 479 3882 sententiam,
492 3829 546 3886 quta
559 3815 678 3871 diximus
697 3833 704 3869 ε
723 3833 733 3867 ι
751 3814 802 3883 eri
812 3817 886 3872 enirn
900 3831 965 3874 rere
1015 3820 1217 3889 comparatione
1227 3827 1349 3874 evacuet.
1363 3817 1463 3872 lterum
1475 3827 1557 3887 atque
1567 3817 1665 3873 iterum
1679 3817 1804 3883 dicimus,

169 3907 346 3973 lnrrnilisest,
365 3907 472 3977 abiecta
493 3906 568 3963 dese
583 3907 682 3974 sentit;
698 3913 727 3965 et
745 3906 789 3978 qui
803 3904 907 3976 alJ'ects
929 3907 963 3963 de
1015 3911 1079 3982 quia
1092 3910 1245 3982 pervicacis
1264 3907 1384 3965 hominis
1403 3906 1596 3963 estilomiuico
1616 3906 1740 3979 exemplo
1756 3908 1807 3963 im-

170 4013 200 4052 se
215 3997 308 4061 sentit,
320 4011 428 4053 errasse
437 4012 467 4052 se
476 4011 530 4051 non
541 3995 655 4051 dubitat.
675 4015 684 4047 ι
697 3994 783 4063 Quam
798 3996 962 4052 seutentiam
1014 4017 1180 4072 pugnareea
1190 4017 1252 4071 qum
1266 3999 1300 4055 de
1314 3999 1389 4070 puris
1401 3997 1557 4054 hominihus
1568 3999 1701 4054 ueraciter
1711 3998 1807 4053 dicun-

171 4096 201 4140 ut
221 4101 315 4140 rernm
337 4100 390 4140 non
412 4101 473 4142 esse
490 4089 634 4144 ostendere
652 4090 816 4154 videamini,
841 4092 963 4162 probatis
1013 4100 1066 4158 tur,
1081 4107 1196 4164 quornm
1210 4091 1299 4146 nullus
1313 4090 1405 4146 existit
1416 4089 1476 4145 sine
1489 4097 1617 4159 peccato,
1642 4091 1714 4144 sicut
1733 4090 1802 4145 scri-

171 4175 314 4230 flominum
334 4174 426 4231 lesum
439 4175 577 4235 Christum
596 4194 660 4241 rere
674 4180 804 4235 humilem
819 4180 920 4247 fuisse,
934 4192 964 4239 et
1014 4189 1090 4253 ptum
1105 4189 1167 4238 est:
1183 4179 1242 4235 Non
1252 4188 1289 4235 est
1301 4178 1389 4251 §natus
1409 4179 1548 4250 quisquam
1559 4179 1605 4251 gni
1617 4178 1698 4247 [scint
1711 4179 1807 4234 lenam

170 4266 262 4322 ciieitis
285 4284 292 4320 ι
318 4284 328 4318 ι
349 4267 418 4335 Quis
438 4283 504 4324 vere
520 4268 632 4326 humilis
651 4279 713 4327 erat
734 4274 884 4331 aeenndum
899 4290 960 4341 nos,
1013 4282 1038 4331 ιι
1062 4288 1115 4327 son
1132 4281 1228 4342 peccet.
1249 4270 1284 4325 Et
1300 4272 1423 4327 iterum:
1441 4268 1526 4326 Nemo
1548 4269 1662 4325 mundns
1682 4287 1699 4325 n
1718 4270 1806 4337 corde,

169 4355 274 4427 abjecta
289 4361 324 4417 dc
342 4376 372 4417 se
391 4361 483 4428 sentit,
495 4370 525 4417 et
535 4377 644 4419 emessa
664 4379 693 4421 se
714 4364 958 4422 sordebimus.»
1012 4363 1093 4418 aient
1106 4363 1133 4416 si
1148 4363 1228 4416 enies
1249 4360 1536 4431 insimularetur
1556 4369 1754 4432 superterram.
1768 4361 1809 4415 hs

172 4447 250 4519 Quod
265 4466 346 4522 qnam
368 4451 535 4510 calumniose
557 4453 661 4531 anobis
674 4454 777 4513 dictum
790 4457 837 4522 sit,
851 4471 960 4528 quesu-
1014 4455 1130 4513 homino
1152 4453 1298 4526 Apostolus
1320 4453 1417 4510 Petms
1434 4461 1573 4519 testatur,
1596 4452 1691 4508 dioens
1708 4466 1716 4506 τ
1736 4451 1807 4519 osia

170 4554 232 4598 mut
247 4540 394 4614 dignamini
404 4544 582 4616 perpendere.
594 4545 662 4614 Quis
670 4547 744 4603 enim
756 4546 873 4604 fidelium
886 4549 963 4621 igno·
1011 4553 1145 4620 petentem
1157 4561 1210 4601 son
1223 4544 1297 4616 fecit,
1312 4546 1487 4600 necinventus
1499 4541 1624 4600 celticius
1639 4543 1667 4600 in
1676 4559 1721 4599 ore
1734 4542 1804 4613 ejas.

172 4640 216 4688 rat
237 4634 299 4705 quia
317 4650 369 4690 neo
391 4651 442 4692 nos
464 4636 594 4694 dehemm
610 4654 740 4709 tunquam,
765 4655 826 4694 cum
841 4641 877 4696 de
891 4640 963 4710 abje-
1012 4634 1140 4707 Ntuqttid
1155 4635 1220 4706 fluit
1234 4636 1288 4692 11⁰0
1299 4651 1394 4692 tetum
1412 4641 1472 4700 0⁸⁸·
1488 4641 1632 4704 il¹⁰l³¹t²feft
1645 4632 1698 4690 ¹¹⁰⁶
1711 4648 1808 4689 leiim

169 4722 269 4779 ettonis
294 4725 447 4781 humilitate
464 4734 493 4782 et
510 4729 613 4797 peccati
625 4727 796 4785 confessione
813 4730 959 4802 loquimur,
1012 4741 1068 4783 non
1082 4726 1135 4782 erit
1148 4724 1215 4782 illud
1233 4727 1305 4798 quod
1324 4725 1424 4782 Paulus
1436 4725 1495 4779 ait:
1510 4724 1607 4779 donnes
1627 4724 1697 4778 enirn
1712 4738 1806 4796 pecco-

170 4827 233 4883 qute
246 4825 312 4869 vera
329 4815 357 4869 in
371 4813 497 4871 omnibus
509 4816 604 4887 procui
618 4816 700 4873 duhio
713 4814 774 4874 etse
785 4816 892 4886 dehent,
910 4821 962 4879 llo
974 4813 1001 4876 Ι)
1014 4831 1115 4891 neunt,
1126 4828 1152 4877 ιι
1165 4829 1240 4893 egent
1253 4819 1339 4892 glorio
1351 4817 1402 4875 ner
1409 4817 1422 4872 l

851 4930 989 4989 BALUle
1007 4930 1125 4990 NOTAE.

207 5053 220 5081 ι
240 5035 383 5110 fredegiso
394 5037 483 5092 oblati
496 5037 583 5094 sancti
600 5037 707 5094 lfsrtiui
720 5039 885 5097 Turonensis
899 5049 961 5113 post
1012 5044 1133 5116 eiusdem
1149 5045 1281 5116 principis
1298 5060 1348 5116 pro
1360 5042 1473 5102 ecclesia
1488 5045 1578 5101 sensti
1590 5042 1728 5103 Lamherti
1744 5045 1808 5102 Tra·

170 5108 329 5191 hleuinum;
345 5107 423 5191 cuius
442 5106 531 5163 fuerat
549 5107 714 5190 discipulus,
729 5120 760 5165 ut
771 5119 846 5192 patet
857 5126 888 5171 ex
904 5112 960 5168 vita
1008 5115 1150 5185 jectonsis,
1166 5116 1238 5185 qrnrd
1259 5116 1362 5171 editum
1379 5126 1422 5172 est
1437 5116 1465 5171 in
1488 5125 1561 5183 torno
1573 5117 1663 5187 primo
1680 5116 1807 5173 ilistoriae

170 5180 287 5234 dicrum.
304 5178 367 5234 furt
385 5184 467 5234 ettam
486 5177 665 5235 cancellarius
678 5178 807 5236 hudouei
822 5180 864 5236 Pii
877 5183 962 5265 impe-
1012 5187 1205 5256 Episcoporum
1220 5184 1421 5249 leodiensium,
1445 5201 1507 5257 pag.
1524 5185 1587 5252 tlt,
1607 5186 1761 5241 aederuum
1777 5187 1805 5241 in

171 5249 279 5330 saterris.
291 5249 371 5331 lario
380 5257 471 5305 autem
480 5247 608 5329 scribitur
619 5265 718 5305 nomen
731 5249 800 5320 ejus.
814 5248 862 5307 iiic
875 5268 959 5320 errrm,
1011 5253 1132 5324 ejusdem
1142 5255 1271 5311 Ludosiei
1283 5255 1424 5332 prmceptls
1435 5271 1485 5326 pro
1499 5256 1666 5312 monasterio
1677 5255 1807 5312 hrulertsi

170 5316 961 5463 illitiliitstlifitnfliliwillibaldi
1012 5320 1720 5466 lttantillitatittrsstttltittb
1733 5325 1806 5453 iil}

171 5453 345 5536 Testamento
362 5465 452 5538 autem
471 5458 559 5514 Caroli
580 5458 668 5531 hiagni
692 5461 762 5530 apud
775 5461 960 5531 Eginhardum
1013 5474 1056 5521 est
1066 5480 1098 5520 ne
1111 5464 1283 5536 Fredeglsus,
1295 5474 1435 5520 vocatura
1474 5412 1740 5535 beodnitocpsqsmpo
1751 5466 1806 5520 Au-

170 5532 283 5579 rocatur
296 5523 468 5596 Frrdugrsus,
490 5530 639 5598 etquidem
666 5531 781 5595 rectius,
805 5539 835 5584 ut
854 5531 957 5601 opinor.
1014 5535 1173 5601 reliunensi,
1189 5550 1223 5589 cx
1238 5536 1388 5605 quostiam
1406 5535 1537 5591 discimus
1550 5536 1693 5590 diaconum
1710 5534 1804 5590 fuisse.

171 5592 239 5676 flam
253 5593 293 5648 sic
314 5608 421 5676 quoque
440 5599 596 5653 nominatur
613 5599 641 5654 in
663 5600 808 5670 praeceptis
828 5599 956 5656 Ludorici
1012 5605 1078 5659 l'ide
1093 5603 1267 5661 sirmondum
1283 5604 1394 5662 innotis
1408 5606 1441 5660 ad
1455 5604 1643 5671 Theodullum,
1663 5620 1723 5678 pag.
1740 5606 1805 5662 this

170 5661 211 5719 ihr
234 5678 283 5735 pro
306 5663 422 5740 ecclesia
442 5663 607 5738 Parisicnsi,
632 5669 754 5742 itemque
770 5669 798 5726 in
823 5679 958 5743 pmccpto
