3832 6120
125 259 179 317 pqg
649 255 714 310 utu.
735 255 780 311 DE
797 252 976 312 emuniuit
994 254 1040 312 ut
1059 255 1253 315 institutus.
1326 302 1332 311 .
1718 264 1767 321 l'o'd

124 395 178 434 non
194 375 304 441 raditis,
319 374 383 446 qaia
396 389 449 429 noa
462 372 524 428 eatis
542 388 576 428 eu
594 372 684 427 onibus
704 372 780 426 oreis.
800 369 922 440 itemquo
934 372 960 431 A
972 371 1088 428 ulterius
1100 373 1155 430 tals
1168 373 1270 430 conati.
1294 371 1374 431 Certe
1387 375 1410 430 si
1433 374 1544 446 quilibet
1559 377 1642 433 homo
1659 380 1769 451 grandi·

123 470 208 526 alibi:
224 466 317 524 Omnis
333 467 377 538 qai
392 474 430 520 est
446 481 479 519 en
499 466 617 530 uenture,
630 465 705 518 audit
724 479 811 518 uocem
824 478 920 517 munt.
972 477 1033 517 nem
1048 464 1179 532 potuisset
1190 463 1349 531 immittere,
1362 463 1473 522 damnes
1484 474 1513 520 et
1535 464 1669 523 Mambres
1681 468 1770 525 immi-

123 562 218 619 llmuis
236 561 330 630 itaque
347 559 393 629 qui
416 557 588 613 mendacium
612 558 709 623 credit,
730 565 777 612 aut
789 555 921 625 loquitur,
972 554 1081 616 sissent,
1104 554 1168 622 quio
1183 568 1269 624 aquas
1290 564 1484 611 converterunt
1508 557 1535 611 in
1556 561 1727 630 sauguinem,
1742 570 1772 618 et

122 665 171 713 ,ug
183 655 283 711 asymis
297 654 369 725 quoq
383 669 438 709 no„
454 660 505 718 esa,
528 661 557 708 ,ιι
570 653 687 707 regendo
704 651 837 722 quidlibet
848 649 922 720 quoq
971 658 1053 698 narras
1071 643 1104 698 de
1124 641 1278 698 fluminibus
1302 645 1499 715 produxerunt,
1514 647 1585 716 quod
1610 648 1655 705 isti
1677 648 1769 707 iecere

123 764 178 803 non
194 754 246 811 cst,
263 762 317 816 quo
331 745 384 800 nisi
399 745 433 800 ad
450 760 505 801 oon
526 759 587 800 esse
600 743 706 799 tendit?
722 743 785 813 quia
799 743 866 799 item
887 743 922 798 ad
972 750 1025 791 uon
1042 743 1167 805 possunt,
1181 735 1226 804 qui
1240 751 1313 791 nunc
1327 735 1455 792 dicuntur
1471 737 1661 809 Tempostnrii.

123 857 178 896 non
196 855 257 895 esse
268 839 354 894 tendit
367 855 375 904 3
390 837 567 908 proculdubio
588 838 622 892 alt
638 851 672 893 eo
684 837 730 906 qui
743 844 787 892 est
807 834 920 898 recedit,
1006 828 1039 883 V.
1055 826 1184 896 Sequitur
1197 834 1288 881 autem
1304 826 1331 881 iu
1346 828 1443 883 eodem
1457 828 1516 885 loco
1532 829 1698 903 scuptura:
1715 833 1772 890 Es-

122 929 170 998 qui
183 927 252 983 dixit
264 926 348 997 Moysi
362 941 369 979 :
387 924 432 982 Sic
445 926 515 980 dicct
525 925 589 995 filiis
603 924 687 981 lsrael
698 942 709 980 .·
721 925 774 992 Qut
786 934 836 991 est,
849 924 921 980 misit
971 921 1053 975 tendit
1069 921 1174 993 Moyses
1197 925 1297 996 uirgam
1320 926 1349 980 in
1365 924 1470 994 catam,
1496 937 1520 982 et
1544 927 1675 985 Dominus
1698 931 1771 986 dedit

122 1035 165 1074 nte
183 1019 218 1073 nd
236 1035 290 1072 uos.
317 1017 353 1072 Et
370 1018 404 1073 de
425 1030 480 1087 quo
502 1017 599 1072 beatus
621 1015 673 1072 dol·
697 1016 835 1086 loquitur:
861 1015 921 1086 lpse
971 1014 1088 1068 tonitrua
1110 1024 1134 1069 et
1154 1017 1362 1085 grandinosam
1377 1017 1552 1073 discurrentia
1566 1018 1672 1091 [algaro
1693 1038 1772 1092 super

122 1111 275 1168 eaimrolus
292 1120 340 1167 eat.
358 1109 448 1180 litque
460 1118 492 1166 ut
508 1111 630 1183 apertius
650 1110 803 1182 loquamur,
817 1112 921 1166 ueritas
970 1112 1081 1171 terram,
1103 1105 1221 1179 pluitque
1243 1108 1370 1166 8888888888
1395 1111 1550 1182 grandinem
1575 1129 1653 1184 super
1673 1123 1771 1168 terrum

122 1202 271 1259 essentiam
294 1202 388 1267 habet,
402 1200 445 1256 vel
468 1200 560 1271 potius
571 1202 690 1258 essentia
712 1209 754 1257 est
767 1202 794 1256 io
807 1201 919 1272 propria
972 1195 1094 1265 AEpypti,
1109 1204 1134 1249 et
1155 1197 1257 1267 grando
1272 1207 1296 1254 et
1322 1200 1391 1270 ignis
1404 1202 1487 1256 mista
1502 1203 1602 1272 parim
1619 1202 1772 1273 serebantur

124 1293 287 1358 substantia,
313 1291 377 1362 qnia
400 1290 541 1357 subsistit;
568 1291 738 1346 mendacium
761 1306 836 1355 vero,
855 1290 920 1359 quia
972 1285 1053 1357 (8888·
1069 1302 1096 1351 v.
1114 1286 1172 1358 23).
1199 1288 1269 1344 Ecce
1294 1297 1321 1344 et
1340 1291 1386 1346 iric
1413 1290 1488 1347 locus
1515 1291 1602 1347 solum
1625 1291 1770 1348 Dominum

80 1445 83 1449 ,
123 1381 226 1437 nullam
248 1380 329 1436 habet
346 1379 503 1445 essentiam,
520 1379 588 1435 nilril
609 1380 681 1437 enim
696 1388 748 1445 est,
763 1393 817 1434 uon
833 1379 921 1433 subsi-
970 1377 1092 1432 ostendit
1105 1385 1258 1434 creatorem
1273 1387 1301 1434 et
1313 1387 1452 1436 auctorem
1476 1380 1627 1451 grandinis,
1650 1398 1704 1439 non
1717 1383 1769 1440 ali-

123 1472 182 1526 stit.
197 1469 277 1526 Solus
289 1484 354 1542 ergo
371 1468 444 1524 licus
462 1475 513 1534 est,
533 1470 596 1538 ryuia
607 1468 681 1525 solus
692 1482 786 1524 rerum
798 1480 858 1523 csse
870 1468 920 1522 lra-
971 1485 1051 1540 quem
1066 1471 1214 1526 hominem.
1236 1472 1333 1527 nicam
1354 1471 1470 1528 forsitan
1493 1472 1540 1529 isti
1555 1474 1601 1544 qui
1615 1475 1770 1530 hominihus

123 1563 181 1629 bet,
197 1563 244 1633 qui
258 1577 312 1617 rrnn
326 1561 431 1630 accepit
445 1568 477 1616 nt
494 1569 577 1616 esset.
601 1558 703 1617 Omnes
716 1568 807 1615 autem
829 1574 872 1613 res
886 1557 921 1614 alr
971 1561 1023 1618 hoo
1039 1562 1172 1629 tribuunt,
1188 1562 1297 1635 Moysen
1316 1563 1472 1621 extendisse
1493 1565 1597 1636 uirgam
1610 1565 1638 1620 in
1656 1567 1768 1634 coelurn,

123 1659 275 1719 mercata,
289 1658 317 1707 et
338 1651 449 1722 quidem
471 1659 553 1718 sunt;
575 1651 622 1707 sed
635 1665 730 1707 rerum
745 1659 920 1705 etsummum
971 1662 999 1709 et
1011 1653 1072 1708 ideo
1083 1667 1133 1722 per
1141 1653 1284 1728 ¹homiuem
1296 1654 1445 1710 immissam
1467 1653 1553 1711 luisse
1566 1663 1766 1726 tempestatem.

127 1744 194 1800 illud
208 1759 269 1800 esse
290 1759 345 1800 non
368 1742 478 1810 habeut,
502 1744 566 1814 quia
589 1750 752 1814 aeceperunt
772 1751 804 1798 ut
816 1750 918 1798 esseut.
933 1719 1051 1798 BCerte
1064 1743 1169 1815 Moyses
1181 1760 1277 1801 sersus
1299 1746 1405 1801 llomini
1420 1755 1480 1802 erat
1502 1747 1590 1804 boum
1614 1757 1642 1805 et
1662 1746 1764 1817 justus.

126 1836 213 1893 Porro
225 1835 375 1899 mendacia,
390 1835 454 1906 quia
468 1850 522 1890 non
533 1841 734 1905 acceperuntnt
744 1841 844 1898 esseut,
859 1833 920 1889 nul·
971 1832 1017 1889 lrti
1042 1845 1133 1891 autem
1154 1850 1202 1892 eos
1219 1852 1288 1906 quos
1301 1837 1394 1892 dicunt
1414 1837 1628 1909 Tempestarios,
1647 1854 1701 1896 uon
1715 1855 1767 1896 au·

124 1924 182 1981 lum
194 1940 255 1981 esse
267 1926 377 1981 nauem.
397 1924 436 1980 Ac
445 1938 494 1995 per
506 1925 568 1991 hoc
584 1926 608 1981 is
620 1924 665 1995 qul
679 1923 821 1978 mendacio
831 1922 923 1979 adtm-
972 1925 1036 1979 dent
1048 1925 1126 1981 lateri
1140 1926 1225 1982 bonos
1237 1941 1297 1983 osse
1311 1936 1339 1982 et
1350 1928 1449 1998 justos,
1466 1930 1514 1985 ted
1526 1929 1612 1986 malos
1626 1930 1727 2000 potius,
1739 1939 1768 1987 st

124 2026 178 2083 ret,
193 2016 217 2071 ei
231 2015 270 2070 rei
284 2014 405 2070 adhaeret
416 2029 477 2084 quar
495 2028 549 2070 uon
569 2021 631 2070 est:
647 2026 804 2084 quanquam
819 2026 870 2067 nec
881 2011 920 2067 rei
971 2013 1087 2084 iniquos,
1101 2022 1129 2070 et
1142 2015 1238 2086 dignos
1256 2017 1430 2073 damnatione
1450 2018 1592 2089 temporali
1603 2026 1632 2074 et
1653 2027 1767 2087 aetoma,

123 2103 267 2160 dicendum
278 2104 323 2159 sit.
336 2101 921 2173 Quiautemeiadliaeretquoduonest,uon
970 2105 1018 2160 sod
1040 2118 1128 2174 neque
1149 2119 1243 2162 seruos
1265 2105 1325 2174 liei,
1345 2107 1397 2164 nisi
1425 2108 1495 2165 lorte
1519 2109 1685 2176 conditione,
1711 2126 1767 2169 uon

123 2195 212 2252 solum
225 2194 260 2250 au
271 2210 304 2250 eo
317 2194 420 2250 recedit
433 2195 478 2264 qui
495 2193 561 2250 lecit
577 2208 650 2259 eum,
665 2193 712 2248 sed
734 2193 818 2248 etiam
841 2192 875 2247 alr
887 2207 921 2250 eo
971 2198 1222 2255 tamenroluntaria
1234 2201 1376 2258 servitute.
1399 2201 1468 2258 Nam
1488 2204 1512 2260 si
1532 2203 1568 2261 ad
1587 2204 1768 2263 imitationem

123 2288 184 2359 ipso
197 2288 270 2357 quod
292 2285 382 2342 888888
403 2293 445 2341 088
456 2302 464 2351 ;
481 2285 608 2355 quonism
622 2300 679 2340 noo
699 2282 817 2355 amplius
837 2298 920 2353 quam
970 2289 1055 2360 Moysi
1067 2291 1191 2347 homiues
1203 2303 1295 2349 essent
1307 2303 1433 2351 auctores
1454 2296 1607 2367 grandinis,
1627 2299 1700 2355 serui
1713 2298 1768 2355 uti·

124 2378 179 2432 duo
189 2391 252 2432 esse
266 2383 329 2431 sunt
341 2392 349 2440 ;
362 2390 446 2430 uuum
459 2389 605 2439 summum,
618 2374 690 2444 quod
701 2389 779 2429 suum
793 2388 854 2429 esse
866 2388 920 2430 non
969 2396 1023 2450 que
1036 2382 1084 2437 llsi
1096 2390 1199 2450 essem,
1213 2398 1267 2440 nnn
1291 2385 1362 2440 servi
1386 2385 1497 2442 diaboli.
1519 2387 1682 2458 Quanquam
1697 2403 1768 2459 prte-

120 2467 231 2536 acceplt
247 2465 286 2545 ³¹!
302 2465 374 2531 alio;
396 2465 511 2520 alterum
525 2478 662 2534 maguum,
677 2465 748 2534 quod
769 2480 847 2519 sutum
860 2478 921 2521 esse
970 2471 1060 2528 mussas
1070 2473 1212 2528 sententie
1224 2487 1312 2543 neque
1322 2473 1383 2531 illos
1394 2473 1453 2544 eius
1472 2476 1660 2533 demonstrant
1669 2483 1765 2533 aucto·
1825 2540 1829 2547 ¹

122 2555 209 2611 2⁰00
223 2555 349 2626 tctepllt
366 2555 456 2620 idest,
478 2562 596 2620 0808808,
615 2562 644 2610 88
660 2561 794 2610 88888088·
811 2554 919 2610 880888·
969 2577 1022 2627 ros,
1048 2562 1096 2618 sed
1119 2564 1206 2618 solum
1221 2565 1433 2635 omnipotentem
1459 2566 1554 2621 Meum.
1582 2565 1723 2637 Siquidem
1737 2575 1765 2623 et

121 2647 195 2701 oium
211 2647 307 2717 igitur,
321 2648 384 2716 quia
406 2661 458 2701 nou
474 2656 517 2701 est
530 2655 646 2712 ematur,
660 2661 714 2700 non
730 2654 771 2702 est
784 2662 918 2703 summurn
968 2652 1122 2718 Psalmista,
1138 2654 1183 2723 qui
1196 2653 1278 2722 liujus
1288 2662 1316 2709 et
1336 2655 1477 2725 grandinis
1497 2656 1634 2723 meminit,
1656 2657 1690 2714 de
1710 2657 1766 2715 Duo

122 2739 282 2809 emonis
297 2746 406 2795 nonest
419 2744 558 2804 creatura,
571 2752 625 2793 nou
639 2746 682 2794 est
693 2753 822 2810 magnum
835 2752 916 2807 esss;
968 2740 1053 2798 dicit:
1076 2740 1180 2800 Occidit
1201 2744 1231 2798 irs
1252 2743 1381 2815 grandine
1403 2745 1492 2800 sinsus
1517 2755 1657 2812 saurauer
1676 2762 1765 2804 usuros

122 2828 187 2899 quia
210 2829 313 2884 nullam
333 2829 415 2885 habet
437 2829 596 2894 essentiam,
610 2843 664 2884 non
686 2837 729 2885 est
747 2829 831 2885 ullum
846 2843 917 2887 este.
968 2850 1060 2889 eurum
1079 2835 1108 2890 irs
1124 2837 1232 2906 pruina,
1255 2846 1281 2891 tt
1307 2836 1418 2892 tradidit
1440 2838 1470 2894 r'rt
1494 2837 1624 2909 grandiora
1645 2837 1765 2906 imaue

121 2919 174 2989 Qui
186 2936 252 2993 ergo
272 2920 332 2977 rult
351 2922 497 2992 persistere
511 2922 538 2976 iu
561 2922 682 2993 eoquod
696 2929 748 2987 est,
766 2937 820 2978 non
842 2938 919 2981 reee-
967 2925 1402 2994 commensurationem
1422 2925 1477 2997 igni
1500 2922 1588 2998 (Paul.
1600 2941 1704 2994 unns,
1718 2925 1763 2995 l'l,

121 3009 170 3065 dat
182 3009 218 3064 alr
231 3008 319 3079 eoqui
333 3009 359 3064 ei
375 3009 450 3065 dedit
467 3023 539 3065 esse.
553 3008 608 3077 Qui
623 3016 713 3065 autem
733 3024 788 3066 non
801 3010 862 3066 rult
874 3025 918 3066 ro·
967 3013 1024 3086 ts).
1039 3013 1232 3086 Ssdquorum
1253 3015 1427 3086 inpraesenti
1447 3015 1507 3073 loeo
1520 3015 1597 3073 addit
1616 3016 1763 3075 Psalmista

121 3096 218 3154 cedere
232 3097 266 3153 alr
283 3112 317 3154 eo
329 3099 375 3168 qui
392 3113 456 3155 rere
476 3106 528 3167 est,
550 3097 636 3172 iugiat
649 3099 723 3171 quod
738 3099 850 3157 omniuo
861 3060 952 3158 uortC
968 3109 1162 3166 immissionem
1173 3124 1223 3180 por
1234 3107 1345 3181 angelos
1357 3107 1453 3176 malos,
1463 3107 1604 3166 subudum
1615 3107 1688 3180 quod
1703 3108 1764 3165 rin-

121 3195 174 3253 est,
187 3188 214 3244 88
225 3197 268 3244 888
278 3189 462 3245 menducium·
965 3199 1100 3255 dictarum
1111 3206 1159 3253 aut
1170 3199 1358 3269 probationum
1372 3198 1477 3271 llagella
1488 3213 1539 3271 per
1552 3198 1691 3255 ministros
1703 3213 1763 3255 ura·

156 3301 201 3358 lt.
218 3299 350 3370 Quoniam
364 3317 429 3376 ergo
443 3303 532 3359 omnis
544 3303 672 3369 mendax,
685 3302 812 3359 falsitatis
823 3318 915 3360 asser·
966 3289 1007 3346 808
1020 3298 1149 3347 08080088
1159 3289 1242 3357 Meus,
1252 3291 1300 3361 qui
1319 3290 1486 3348 8080080800
1506 3290 1617 3362 quidem
1641 3290 1758 3349 00000888

121 3403 164 3450 tor
175 3401 227 3458 ost,
239 3400 269 3449 et
280 3394 370 3449 omnis
382 3401 500 3451 assertor
522 3392 657 3457 salsitatis
675 3393 760 3449 lnlsus
772 3395 850 3450 testis
862 3403 913 3459 est,
966 3381 999 3436 880
1012 3396 1062 3437 800
1074 3381 1200 3447 80880008,
1216 3389 1378 3452 0080880008
1397 3390 1487 3437 008008
1507 3381 1541 3437 88)
1554 3381 1601 3437 8880
1615 3382 1760 3452 0008888008·

122 3499 206 3554 agens
216 3490 311 3539 contra
323 3484 466 3540 veritatem
479 3499 487 3548 ;
499 3483 640 3538 uideamus
650 3482 717 3553 jam,
733 3483 777 3538 isti
789 3484 836 3554 qui
849 3499 917 3555 opus
967 3471 1044 3530 58008
1053 3475 1126 3529 00880
1142 3473 1358 3543 eommpropria
1373 3481 1416 3530 088
1428 3472 1552 3529 80800808
1571 3473 1704 3541 00000888,
1719 3471 1761 3531 880

121 3574 240 3631 diuinum
255 3581 367 3631 auctore
380 3573 491 3631 homine
507 3573 680 3640 deridicunt,
699 3580 791 3629 utrum
802 3574 918 3630 lulcian·
966 3564 1050 3621 808808
1065 3563 1172 3620 88008808
1184 3570 1303 3634 00808808
1326 3570 1356 3619 08
1377 3562 1483 3634 0088808
1504 3577 1564 3632 0808
1583 3562 1687 3619 808008·
1702 3560 1763 3620 8800

121 3673 166 3721 tur
176 3664 266 3736 aliqua
277 3666 448 3721 auctoritate.
462 3665 492 3720 ln
506 3665 592 3721 sacris
604 3665 686 3736 igitur
699 3663 859 3736 scripturis,
870 3664 918 3722 ulti
965 3665 1008 3712 888
1019 3665 1094 3712 88880
1107 3656 1247 3711 8088888080
1265 3663 1395 3727 00888888,
1418 3668 1507 3724 008100
1517 3653 1661 3718 8800088880,
1674 3667 1763 3723 aequa

120 3759 236 3828 primum
253 3758 356 3829 grando
375 3757 567 3822 introducitur,
592 3757 619 3813 in
643 3757 729 3828 plagis
751 3758 845 3828 utique
863 3757 917 3813 illis
966 3748 1109 3812 8888808080,
1128 3761 1183 3800 000
1204 3753 1247 3802 088
1256 3746 1454 3803 0000888000]
1479 3742 1669 3799 8088880880008
1682 3749 1760 3812 0088·

119 3846 218 3918 quihus
240 3846 374 3920 AEgyptus
397 3862 525 3919 percussu
549 3855 601 3915 est,
619 3846 766 3902 invenitur.
792 3847 914 3916 Septima
965 3844 1031 3898 ⁸1⁸⁸·
1046 3834 1191 3891 8088808808
1205 3834 1322 3898 8808888888,
1343 3835 1390 3903 qui
1411 3847 1505 3887 008080
1527 3831 1606 3887 808880
1628 3831 1761 3889 8080888088

119 3938 237 4011 donique
255 3940 334 4012 plaga
356 3938 468 4011 AEgypti
492 3939 543 3994 ists
556 3946 608 3994 est.
632 3937 810 3992 uiritantem
826 3937 916 3992 Douni-
967 3924 1063 3979 88888088
1075 3930 1249 3992 008088880οι
1266 3922 1294 3977 80
1317 3931 1447 3992 (10008080
1470 3921 1539 3989 8088»
1558 3929 1588 3978 88
1605 3923 1720 3994 88880888
1732 3923 1762 3981 iu

119 4047 189 4087 nus:
208 4031 251 4086 Ea
263 4031 353 4104 pirrum
372 4032 423 4086 toa
439 4031 497 4102 ipsu
511 4031 578 4084 itoru
602 4045 661 4083 cras
680 4027 835 4099 grandinem
848 4026 918 4080 mni·
965 4021 1095 4084 (10808080
1107 4029 1161 4069 0088
1172 4013 1230 4068 8088
1242 4022 1272 4069 08
1283 4013 1396 4084 possint·
1416 4011 1484 4068 880888
1503 4020 1531 4069 08
1544 4014 1572 4068 80
1586 4013 1640 4070 8880
1653 4029 1762 4087 08808800

119 4131 173 4175 tam
185 4122 274 4187 nimis,
290 4120 377 4193 qualia
390 4139 442 4179 nou
456 4121 507 4193 suit
520 4121 548 4175 in
563 4118 708 4190 AEggptou
729 4118 772 4172 die
782 4132 835 4189 quo
852 4117 915 4188 [un-
965 4103 1069 4176 psalmo
1093 4104 1236 4161 8008808080
1255 4105 1296 4162 880
1319 4104 1354 4162 de
1376 4104 1433 4161 8800
1455 4105 1514 4160 0888
1542 4103 1635 4161 880088
1659 4104 1761 4177 8880808

118 4212 182 4265 data
195 4219 245 4278 est,
260 4228 341 4283 risque
350 4212 379 4265 io
392 4224 507 4283 praesent
519 4216 620 4281 tempus
634 4206 733 4279 (Erod.
749 4224 788 4274 rr,
803 4207 859 4280 tt).
885 4208 915 4263 ln
964 4211 1067 4261 0088οε
1086 4194 1251 4266 grandinem,
1265 4198 1352 4268 890808
1366 4196 1561 4253 8008888800
1571 4196 1599 4252 in
1611 4206 1708 4252 8888888
1720 4199 1761 4271 ἰρ-

118 4303 163 4359 his
176 4304 267 4376 itaque
279 4303 369 4360 uerbis
383 4302 513 4360 Dominus
526 4317 555 4358 se
576 4302 664 4372 ipsum
685 4300 752 4355 dicit
765 4298 913 4355 missurum
963 4303 1072 4354 8088888
1085 4298 1109 4344 88
1120 4291 1247 4359 percussit
1260 4290 1349 4345 088888
1359 4305 1462 4355 808888,
1481 4296 1506 4345 88
1526 4289 1647 4344 80088880
1659 4288 1761 4360 88008888

117 4393 278 4463 grandinem
288 4394 315 4449 in
327 4393 455 4459 crastina,
469 4408 522 4448 nou
542 4391 657 4462 aliquem
672 4391 819 4454 homiuem,
837 4398 912 4445 oerte
924 4407 952 4469 Ι)
963 4377 1057 4446 8888808
1066 4393 1167 4433 808808·
1180 4377 1319 4433 Percussit
1333 4392 1406 4444 vere,
1421 4387 1449 4432 08
1460 4390 1523 4433 8080
1544 4378 1691 4443 0088888888;
1708 4377 1758 4434 8088

118 4498 170 4539 nec
193 4482 303 4555 Moysen
330 4495 377 4540 aut
398 4484 501 4550 Aaron,
519 4482 565 4554 qui
588 4480 653 4552 insti
675 4488 704 4537 et
726 4480 774 4535 liei
789 4480 916 4537 lromines
965 4484 1019 4524 000
1033 4469 1125 4534 88080οε
1145 4468 1357 4538 000000080808
1380 4467 1480 4531 8888808,
1504 4467 1558 4524 88888
1581 4466 1655 4522 80808
1676 4467 1758 4533 88008,

116 4581 206 4640 erant,
221 4590 272 4630 nec
281 4574 404 4631 damnem
416 4583 443 4630 et
456 4575 603 4630 llambrem
624 4574 809 4629 incantatores
827 4571 913 4644 AEgy-
965 4563 1025 4618 siue
1037 4560 1173 4633 quolegio
1185 4559 1317 4616 malorum
1330 4559 1488 4630 angelorum
1501 4572 1590 4626 neque
1604 4572 1701 4628 porons
1713 4573 1761 4630 po·

117 4665 246 4736 pdomm,
263 4667 308 4736 qui
321 4667 478 4722 scribuntur
497 4666 569 4735 magi
583 4665 746 4731 Pharaonis,
762 4680 831 4735 quos
843 4664 915 4734 Apo-
966 4655 1016 4710 88888
1029 4667 1137 4717 8800088»
1152 4660 1181 4710 08
1195 4652 1223 4707 i¹¹
1243 4666 1320 4707 80080
1335 4649 1517 4721 0800808800·
1538 4648 1610 4705 88008
1621 4649 1711 4719 plane,
1725 4649 1768 4727 (80,

117 4755 204 4812 ειεΙιιε
217 4754 282 4813 dicit
296 4757 429 4813 restitisse
441 4756 537 4829 Moysi,
551 4756 623 4813 siout
635 4763 663 4810 et
684 4755 710 4810 lri
726 4756 856 4810 resistunt
867 4769 914 4810 re·
964 4760 1018 4816 quo
1031 4745 1149 4800 8888888888
1173 4740 1237 4798 Prae
1260 4740 1363 4814 [algore
1384 4741 1412 4796 in
1434 4748 1573 4811 conspecta
1597 4739 1655 4809 ey‘nr
1678 4737 1759 4794 nudes

117 4847 202 4902 rituti.
217 4844 276 4901 dam
297 4847 423 4918 equidem
437 4847 487 4914 illi,
512 4848 584 4903 siout
603 4847 797 4916 scriptumest,
812 4845 914 4914 perin-
964 4837 1136 4900 0888888888,
1157 4835 1257 4905 980880
1273 4843 1298 4888 0
1310 4833 1435 4888 0088000
1459 4831 1537 4904 ignis,
1552 4839 1578 4887 88
1599 4830 1713 4885 80800088
1725 4828 1759 4884 888

116 4935 288 4992 mauriopes
306 4935 449 5009 AEgypaias
474 4943 502 4991 et
523 4950 624 4990 areana
648 4934 770 5004 qoaedam
793 4931 915 5004 projece-
963 4921 1376 5012 cotoltonstoar,crttrtratmoa
1390 4921 1463 4976 dedit
1475 4937 1561 4982 uorem
1574 4933 1661 4984 maro,
1677 4932 1759 4987 grun-

118 5038 181 5084 rant
195 5029 294 5103 singuli
306 5030 397 5101 virgas
421 5044 484 5086 suas
507 5043 600 5086 coram
620 5028 772 5091 Pharaone,
787 5032 815 5080 et
827 5039 913 5081 vemas
962 5014 1084 5070 arma
1094 5013 1219 5069 tsrlooes
1230 5013 1310 5083 lona.
1325 5012 1360 5067 Et
1373 5011 1417 5067 cui
1428 5010 1597 5069 cantavimus
1608 5026 1619 5108 :-
1635 5004 1758 5077 Fulgura

115 5118 226 5175 inerant
239 5122 266 5177 ln
288 5123 430 5187 dracones,
454 5120 517 5176 ticet
535 5121 611 5190 uirga
632 5118 722 5174 Aaron
744 5116 914 5171 devoraverit
962 5104 1179 5168 80888808808888,
1190 5111 1214 5156 88
1225 5101 1364 5174 0888880888
1383 5118 1448 5167 808;
1464 5101 1551 5156 8088880
1562 5104 1672 5199 800008
1685 5104 1756 5165 00οι

118 5209 325 5280 rirgaseorum.
346 5209 406 5266 dam
429 5225 514 5282 aquas
536 5216 675 5266 verterant
694 5207 721 5261 in
743 5206 912 5277 sauguinem,
966 5194 1167 5252 8808088080
1179 5209 1234 5250 808·
1253 5191 1307 5261 Qui
1319 5193 1401 5265 operti
1415 5188 1509 5290 culum
1529 5186 1652 5252 88888888,
1671 5193 1696 5241 88
1706 5202 1757 5290 88·

114 5298 172 5368 iam
186 5317 268 5359 renas
286 5304 473 5374 produxerant
484 5317 499 5356 e
511 5301 678 5365 lluminiltus,
702 5299 766 5354 licet
777 5313 825 5353 eas
839 5298 913 5353 cohi·
963 5295 1004 5341 888
1017 5295 1095 5340 80880
1107 5284 1236 5357 88008808,
1255 5284 1301 5356 qai
1321 5284 1367 5338 8888
1384 5283 1468 5338 080808
1486 5286 1554 5333 0088
1565 5275 1664 5344 8008οι
1676 5284 1756 5334 808088

116 5392 182 5448 bere
192 5408 247 5450 uon
259 5393 380 5466 possent,
392 5395 463 5452 sicut
472 5394 578 5466 Moyses
587 5393 616 5448 in
626 5392 709 5446 verbo
723 5389 829 5444 Domini
838 5386 910 5452 lecit,
962 5378 1115 5451 crystallano
1129 5394 1206 5433 mart
1218 5378 1285 5433 rictu
1306 5372 1448 5437 interdius,
1461 5371 1545 5426 urittet
1563 5368 1667 5426 uerbum
1678 5383 1756 5425 ruunt

116 5492 147 5539 ut
162 5496 266 5542 tautum
281 5489 307 5542 in
330 5487 441 5543 flumine
462 5491 643 5541 remanerent.
666 5481 702 5536 tr
722 5496 783 5536 oum
799 5485 912 5535 renuunt
960 5481 985 5527 et
999 5469 1148 5544 liquefaciet
1169 5485 1210 5535 88,
1231 5467 1305 5538 ytoiit
1327 5461 1515 5536 8888880088οἣ
1528 5470 1553 5516 0
1566 5461 1653 5532 880808.
1667 5476 1754 5566 aqum

116 5581 206 5637 estad
218 5580 375 5652 scyniphas,
389 5586 418 5636 et
431 5578 499 5634 nilril
512 5577 575 5633 inde
587 5574 678 5630 lacere
696 5571 856 5644 potuissent,
872 5567 913 5623 di-
962 5564 1047 5632 Quem
1060 5562 1172 5618 laudant
1181 5563 1216 5617 de
1235 5567 1316 5623 terra,
1331 5572 1385 5613 non
1406 5555 1494 5615 solutu
1507 5557 1640 5614 dracones
1652 5555 1755 5628 abyssu,

117 5681 218 5729 xerunt
230 5673 343 5745 digitum
364 5671 412 5728 liei
429 5670 480 5728 sibi
502 5683 565 5726 usse
588 5666 766 5732 coronarium,
791 5661 912 5734 nihilque
962 5652 1230 5729 rerumetiartigrrir,
1245 5647 1359 5725 graudq
1378 5649 1434 5721 uls,
1454 5647 1683 5725 glasiramiritar
1692 5661 1754 5720 pro·
