3810 6120
119 292 190 347 lats
666 265 826 326 LllllOl'lCl
846 265 856 321 l
875 256 1111 320 COGNOMENTO
1130 255 1172 311 t‘tl
1689 246 1752 302 lili

117 410 173 468 bita
187 400 319 474 stipendia
339 405 366 452 et
379 394 540 449 vestimenta
560 386 767 444 subministrare
785 387 906 453 possent,
921 381 1015 440 Attrm
1028 372 1138 429 uberius
1154 367 1355 438 exsequendum
1370 365 1547 430 sustollimus,
1562 363 1657 434 dignas
1671 378 1752 420 retae

118 489 343 571 qrrenradrnodrnn
359 481 525 552 temporibus
541 477 771 549 praedecessorum
785 470 844 540 ejus
858 470 911 524 lra·
962 465 1110 522 neratiouis
1120 462 1232 534 praemio
1241 475 1291 516 nos
1302 477 1318 515 a
1330 459 1444 514 beurim
1456 454 1631 512 remunerari
1646 454 1754 513 lldcliter

120 588 205 643 tribus
220 580 265 651 qrri
281 587 344 632 tnnc
357 571 486 642 temporis
500 569 565 625 inibi
578 560 913 623 consistebantnrinistra·
962 558 1107 614 credimus.
1126 555 1209 625 igitur
1227 551 1348 608 omniurn
1368 549 1487 604 lidelium
1502 556 1685 609 nostrornm.
1706 556 1754 605 taur

120 679 229 732 bantur.
245 669 364 736 Quorum
379 661 504 734 petitioni
522 656 700 714 libentissime
716 653 870 717 annuimus,
885 657 914 705 et
962 647 1136 722 presentium
1158 660 1240 715 qnam
1261 652 1289 699 et
1309 642 1478 706 lntnrornm,
1498 639 1648 696 industriae
1669 648 1754 697 nolon

121 766 192 820 banc
202 767 302 815 nostrae
312 750 521 823 conscriptionis
530 747 719 805 anctoritatem
730 741 788 799 lleri
798 739 914 796 eisdem·
963 755 1023 798 csse
1036 739 1170 802 nolumus,
1183 735 1300 807 qualiter
1314 734 1411 790 dilecta
1431 731 1530 802 conjux
1555 737 1654 786 nostra
1670 729 1756 787 tabu

121 866 175 923 qrre
185 847 316 904 lratribns
326 845 391 900 dare
401 841 581 902 decrevimus,
592 848 733 906 perquam
743 829 914 886 decernimus
963 831 1083 901 Angusta
1096 827 1232 899 suggessit
1243 825 1322 881 nobis
1333 832 1364 879 nt
1376 821 1524 894 quamdam
1534 820 1643 880 sillam.
1654 821 1757 877 nomine

121 951 203 1012 atque
213 939 379 1010 jubemnsnt
390 937 556 987 rnemoratns
569 928 652 1005 abbas
668 923 763 994 sitique
777 934 915 976 suceesso-
964 919 1144 983 Cambonum,
1161 932 1221 987 qrrae
1235 923 1277 971 est
1294 915 1320 971 in
1339 928 1408 985 pago
1424 911 1551 968 blisense
1567 909 1613 966 rel
1627 909 1755 975 Dunense,

123 1023 215 1086 ressa
229 1027 281 1082 boc
294 1023 403 1079 casalem
419 1021 497 1075 uillas
513 1020 541 1073 in
556 1031 651 1081 usum,
669 1012 874 1083 dispositionem
888 1016 917 1065 et
965 1010 1130 1065 monasterio
1144 1008 1173 1064 S.
1187 1006 1305 1071 llartini.
1318 1007 1390 1077 qnod
1399 1013 1442 1060 cst
1452 1011 1647 1060 constructum
1660 1005 1685 1057 in
1695 1020 1757 1074 pago

122 1118 321 1174 ordinationem
333 1113 462 1175 habeant,
476 1119 507 1164 nt
521 1109 584 1164 inde
599 1106 728 1161 iratribus
741 1103 787 1172 qni
804 1110 832 1155 ct
848 1115 917 1171 prae·
966 1098 1100 1154 Turonico
1111 1113 1192 1168 super
1205 1097 1292 1167 ripam
1307 1095 1420 1166 Ligeris.
1436 1101 1466 1149 ct
1478 1100 1597 1148 coeatur
1612 1092 1698 1162 linior
1710 1093 1758 1149 llo·

124 1208 194 1264 sonti
207 1214 234 1261 et
247 1205 346 1260 lnturis
357 1200 524 1272 temporibus
538 1198 603 1253 inibi
617 1197 672 1251 beo
683 1191 865 1255 militaverint,
878 1189 918 1244 sle
967 1192 1132 1254 nasterlnm,
1149 1190 1176 1244 in
1191 1203 1246 1258 quo
1260 1188 1330 1243 idem
1344 1187 1402 1258 ipse
1418 1184 1651 1257 praeclarissimus
1665 1184 1759 1240 mades

124 1296 241 1367 pleniter
260 1292 386 1348 victualia
407 1299 435 1345 et
453 1288 614 1344 vestimenta
636 1281 782 1339 ministrari
806 1279 916 1342 iaciant,
967 1296 1014 1336 sor
1026 1280 1125 1336 Christi
1144 1277 1303 1351 regrrlariter
1313 1291 1376 1332 cum
1390 1285 1480 1333 turma
1497 1274 1702 1330 monachornm
1715 1275 1760 1329 bu·

124 1385 350 1457 quaemadmodum
363 1380 530 1451 temporibus
540 1377 671 1449 genitoris
684 1374 769 1429 nostri
779 1371 867 1427 Camli
879 1370 918 1424 cis
969 1372 1042 1428 nrino
1059 1372 1202 1436 militarit,
1217 1386 1266 1441 per
1278 1378 1378 1425 nostras
1393 1367 1608 1437 conscriptionis
1623 1368 1761 1422 auctorita·

126 1494 141 1533 a
157 1475 285 1531 Wnllado
299 1483 327 1529 et
340 1473 441 1528 ltlrerio
454 1471 533 1541 baritis
546 1467 701 1525 monasterii
716 1465 859 1519 abbatibus
871 1477 919 1517 ex·
969 1470 1023 1515 tem
1042 1459 1243 1516 concedimusl
1258 1459 1292 1514 ael
1312 1459 1426 1514 emenda
1448 1456 1569 1512 lratrnm
1591 1456 1697 1511 ibidem
1714 1456 1762 1513 Oto

124 1573 210 1628 bibita
222 1581 304 1642 atque
318 1568 471 1624 ministrata
485 1567 604 1622 luerunt.
620 1561 777 1618 beneteris
790 1573 856 1615 vero
870 1557 920 1610 ril-
969 1551 1156 1606 tamulantium
1183 1550 1353 1607 vestimenta.
1382 1550 1459 1606 Unde
1483 1549 1646 1621 praescntiae
1672 1556 1763 1604 nostra

126 1663 159 1718 lis
171 1676 232 1732 quae
250 1661 275 1714 in
291 1658 453 1714 bertericinm
467 1657 537 1711 datm
555 1662 635 1719 sunt,
648 1652 776 1721 jubemus
791 1657 822 1704 ut
837 1647 918 1703 tertia
970 1648 1151 1696 Slwsslesslllm
1165 1640 1345 1711 lll⁰²⁰¹0l⁰llb
1359 1639 1476 1710 (lllilllssf
1484 1639 1655 1710 J³l¹¹d¹¹d¹¹¹¹¹
1671 1640 1705 1695 Μ
1715 1654 1764 1694 ¹¹³⁰·

127 1766 191 1822 pars
205 1751 238 1805 de
250 1748 404 1804 volatilibus
418 1762 480 1802 cum
494 1745 553 1801 oris
566 1744 668 1801 eisdem
682 1741 811 1797 iratribus
825 1739 919 1795 ruinis
932 1727 956 1787 Β
969 1740 1105 1787 mortium
1124 1731 1320 1786 monasterinm
1338 1729 1462 1802 quanm
1486 1729 1547 1786 ⁰0⁰
1568 1737 1694 1794 mnu·
1714 1728 1762 1787 Odi

128 1850 223 1897 tretnr.
236 1840 364 1895 Volumus
376 1839 458 1894 etiam
472 1847 553 1907 atque
565 1835 668 1892 eisdem
683 1833 813 1888 iratribus
822 1843 920 1887 conee-
970 1823 1090 1887 nominc,
1108 1836 1177 1876 uror
1192 1820 1310 1877 Eodoms
1323 1821 1399 1877 ducis
1414 1835 1465 1892 per
1478 1819 1654 1875 venditionis
1669 1820 1763 1875 titulun

128 1933 229 1997 dimus,
243 1932 289 2002 qni
305 1938 333 1986 et
350 1929 476 2002 prasenti
491 1938 612 1998 temporo
626 1927 692 1982 inibi
705 1925 816 1996 degere,
834 1933 863 1979 es
880 1921 921 1976 tu.
970 1912 1093 1967 eamdem
1106 1912 1198 1967 rillarn
1215 1926 1278 1966 cum
1297 1911 1354 1967 sois
1366 1910 1539 1982 appendiciis
1556 1911 1764 1967 condonarent

130 2023 199 2080 turis
210 2022 375 2093 temporibus
384 2021 418 2075 ad
428 2019 635 2075 inhabitandum
645 2025 672 2071 et
682 2015 737 2070 beo
748 2013 920 2070 sarriendum
970 2002 1053 2072 Cuius
1064 2003 1186 2073 petitioni
1200 2011 1311 2074 pmpter
1324 2017 1445 2058 ³¹⁰⁰l⁰l¹¹
1454 2012 1482 2058 ⁰⁸
1497 2002 1679 2058 h⁰⁰⁰¹⁰m²⁰
1693 2017 1763 2058 ’Μ’

130 2112 270 2185 aggregari
285 2111 419 2165 voluerint
435 2128 441 2163 ι
457 2115 488 2162 ut
505 2108 539 2164 de
555 2106 682 2162 omnibns
699 2118 759 2175 qum
779 2103 813 2158 ad
832 2100 922 2172 sepul·
972 2097 1104 2152 rationem
1119 2095 1263 2152 memorati
1273 2096 1380 2166 patmni
1392 2095 1479 2152 nostri
1491 2093 1653 2151 beatissimi
1668 2094 1764 2152 llartiui

129 2221 206 2262 crum
221 2202 369 2258 beatissimi
385 2200 492 2272 patroni
505 2199 590 2254 nostri
603 2197 632 2253 S.
645 2195 753 2277 llartinj
764 2210 780 2249 a
791 2194 875 2249 beura
888 2191 922 2247 tl·
971 2188 1087 2245 libenter
1099 2187 1295 2257 acquievimus,
1309 2195 1337 2242 et
1350 2196 1532 2264 memoratam
1546 2186 1646 2242 rilianr
1659 2186 1765 2244 Cambs·

130 2293 267 2349 mentibus
284 2289 472 2354 conseruntur,
487 2287 594 2343 tertiam
611 2292 717 2357 partem
736 2283 870 2353 accipiant
888 2279 923 2337 ad
972 2299 1045 2348 nem,
1058 2296 1140 2353 qtram
1156 2281 1185 2336 ln
1197 2281 1355 2352 prescripto
1366 2294 1436 2353 pago
1449 2279 1578 2336 blisense
1590 2279 1637 2335 rel
1651 2278 1766 2335 Oanmoe

130 2382 308 2439 necessitates
328 2381 379 2436 sibi
394 2377 584 2444 consulendas,
598 2376 719 2447 exceptis
737 2375 770 2431 de
789 2374 832 2429 bis
844 2372 924 2428 resti·
972 2375 1052 2430 sitam
1063 2388 1123 2429 esse
1133 2373 1259 2436 diximus,
1270 2386 1332 2427 cum
1345 2371 1389 2428 bis
1401 2371 1506 2427 locellis
1518 2386 1584 2443 quae
1597 2370 1634 2427 ad
1644 2386 1705 2427 eam
1714 2384 1766 2442 pse

131 2473 231 2528 urentis
242 2480 271 2528 ct
283 2472 424 2541 speciebus
437 2484 498 2540 qum
510 2470 544 2524 ad
555 2467 707 2539 sepulcrum
721 2465 802 2530 illins,
818 2462 923 2519 decoris
973 2463 1060 2518 tinere
1077 2469 1238 2527 noscuntur,
1258 2460 1341 2517 idest
1358 2460 1480 2525 (luliaco,
1500 2461 1659 2528 bitarilias,
1675 2459 1767 2516 Varen-

130 2565 322 2623 ethonestatis
338 2579 432 2629 cansa,
443 2570 576 2634 perpetuo
591 2559 733 2616 retinenda
749 2566 839 2613 erunt.
854 2554 923 2610 Cera
973 2566 1033 2616 nas,
1047 2550 1185 2616 Culturas,
1194 2550 1285 2605 villam
1298 2548 1464 2617 tlitardi,rel
1476 2551 1564 2605 etiam
1575 2566 1643 2607 eom
1654 2548 1768 2607 terminis

133 2665 225 2711 aarum
236 2664 265 2711 et
278 2655 368 2711 oleum
380 2656 415 2710 ad
428 2651 572 2707 luminaria
590 2650 616 2705 in
629 2649 723 2704 eadem
735 2646 849 2703 ecclesia
861 2660 924 2700 oon
974 2646 1002 2694 et
1014 2639 1140 2695 omnibus
1152 2640 1234 2696 rebus
1244 2640 1277 2695 ad
1289 2655 1319 2696 se
1329 2639 1544 2710 pcrtinentibus,
1557 2639 1691 2696 videlieet
1700 2639 1766 2696 basl-

132 2747 268 2802 cinnauda
279 2743 451 2801 decernimus
463 2749 493 2796 ut
506 2741 684 2797 retineantur.
696 2737 851 2792 statuentes
861 2748 925 2806 crgo
974 2730 1044 2792 licis·
1057 2730 1181 2785 domibus
1193 2731 1353 2802 militisque
1362 2730 1496 2796 &dificilis
1508 2732 1613 2798 lineis.
1623 2731 1707 2797 Silvis,
1719 2738 1769 2786 ¹²¹·

134 2851 182 2905 por
197 2835 268 2890 barre
285 2843 406 2890 nostram
423 2831 612 2896 anctoritatem
626 2826 806 2899 precipimus,
820 2834 850 2879 nt
866 2824 926 2879 nnl-
976 2820 1025 2885 ris,
1038 2821 1133 2892 pratis,
1146 2823 1260 2893 campis,
1271 2822 1388 2892 pascuis,
1398 2822 1478 2894 aquis
1494 2836 1668 2892 aquarumve
1679 2821 1768 2877 meur·

133 2925 177 2980 lus
191 2924 362 2994 prelatorum
381 2930 428 2977 aut
446 2927 587 2976 auctomm
605 2916 685 2986 bajus
703 2914 861 2970 monasterii
879 2928 926 2985 pa·
975 2911 1060 2975 sibus,
1079 2910 1250 2971 molendinis.
1265 2911 1346 2968 cultis
1359 2911 1427 2968 locis
1444 2919 1472 2968 et
1492 2912 1620 2978 inetsltis,
1633 2911 1772 2967 mobilibus

135 3015 207 3070 troni
219 3015 304 3071 nostrl
318 3013 466 3070 beatissimi
480 3009 588 3067 ldartini
602 3009 673 3064 banc
685 3015 805 3063 nostram
816 3021 927 3065 moces·
977 3003 1058 3058 relius
1077 3008 1105 3055 ct
1124 3002 1316 3070 immobilibus,
1335 3018 1368 3059 ac
1387 3003 1493 3075 seipsas
1508 3003 1693 3067 moventibus,
1711 3017 1770 3059 mn

83 3093 85 3097 ’
132 3106 238 3160 sionem
257 3112 338 3174 atqrre
354 3110 457 3159 statuta
476 3100 637 3166 convellere,
652 3107 698 3154 aut
712 3097 814 3153 nullum
829 3097 856 3152 in
870 3079 962 3152 nro-C
978 3091 1120 3162 mancipiis
1133 3099 1162 3147 et
1179 3092 1322 3149 accolabus
1341 3092 1442 3148 diuersi
1464 3108 1550 3150 seam
1573 3102 1604 3150 et
1622 3093 1720 3156 aruris,
1740 3092 1771 3149 si

134 3198 200 3251 durs
214 3196 357 3250 immutare
369 3201 529 3265 presumat.
545 3192 593 3249 sed
610 3191 747 3263 perpetuis
761 3189 928 3260 temporibus
978 3194 1156 3240 menarratnm
1166 3185 1517 3242 monasterinmrenerandi
1524 3187 1694 3243 confessoris
1700 3186 1772 3243 Chri·

136 3279 328 3334 inriolabilitcr
351 3295 383 3335 oa
405 3284 566 3334 conservent
587 3286 614 3333 et
634 3277 685 3332 sibi
709 3276 864 3331 conseruari
888 3274 928 3328 la-
978 3276 1013 3332 sti
1031 3277 1118 3333 maed
1130 3275 1248 3344 llartini,
1262 3277 1333 3348 qnod
1345 3285 1535 3334 constructum
1547 3290 1613 3336 esse
1631 3278 1660 3335 ln
1676 3294 1770 3335 merae

134 3370 219 3424 ciant.
238 3368 272 3422 Et
285 3377 315 3423 ut
329 3369 386 3422 baec
400 3376 501 3433 nostrae
515 3366 698 3422 concessionis
716 3374 744 3420 et
757 3365 929 3422 constitutio-
978 3374 1039 3422 rato
1060 3381 1130 3438 pago
1149 3366 1284 3424 lumnioo
1300 3382 1383 3438 super
1403 3367 1492 3439 ripam
1513 3366 1625 3440 Ligeris
1643 3368 1770 3435 diximum

137 3461 179 3516 nis
191 3459 338 3514 auctoritas
351 3457 457 3511 llrmnm
478 3467 505 3512 et
526 3454 706 3511 inviolabilem
720 3455 842 3510 olatincat
854 3455 929 3525 vrgo-
978 3459 1024 3515 ubi
1039 3461 1165 3530 prasenti
1180 3469 1301 3532 tempore
1318 3458 1485 3516 venerabilis
1501 3459 1612 3517 Tm
1624 3460 1710 3517 app„
1722 3460 1770 3517 p„

137 3565 204 3614 rem,
221 3564 302 3603 mann
317 3548 426 3618 propria
439 3548 532 3602 subter
544 3560 605 3602 earn
619 3544 797 3611 llrmarirnus,
811 3553 840 3601 et
853 3559 930 3602 more
979 3548 1158 3605 deservientis
1170 3548 1386 3622 congregationis
1398 3557 1496 3620 pastor
1511 3556 1541 3606 et
1552 3559 1646 3606 rector
1659 3563 1721 3608 esse
1733 3564 1771 3606 ee

137 3646 232 3695 nostro
246 3638 385 3710 signaculo
395 3638 474 3693 bullae
486 3636 609 3707 insigniri
618 3634 760 3704 jussimus.
979 3637 1129 3707 gnoscitur,
1148 3653 1196 3708 por
1213 3639 1282 3694 bane
1296 3647 1397 3694 nostrae
1412 3638 1569 3710 largitionis
1587 3641 1770 3696 auctoritatem

172 3731 285 3802 Signum
301 3730 430 3785 lnrdorici
444 3730 610 3785 serenissimi
623 3731 804 3801 imperatoris.
980 3728 1112 3783 donamus
1124 3738 1206 3799 atque
1219 3730 1359 3794 tradimus,
1372 3744 1403 3784 ea
1418 3729 1548 3786 videlieet
1560 3731 1669 3789 ratione
1680 3743 1771 3806 utpee

173 3822 372 3879 llirminruarns
391 3823 514 3879 notarius
531 3821 565 3877 ad
581 3824 669 3880 ricem
685 3824 832 3882 Tbeotonis
852 3840 930 3883 reco-
981 3818 1130 3890 pctnojure
1144 3820 1228 3893 ipsius
1242 3820 1398 3875 monasterii
1411 3820 1547 3876 consistit
1559 3821 1597 3878 ad
1611 3822 1734 3888 menda,
1746 3828 1772 3877 ll

139 3914 231 3987 gnari.
980 3911 1167 3981 praediximus,
1181 3911 1340 3967 vestimenta
1360 3910 1476 3966 lratrnm
1495 3911 1602 3969 ibidem
1621 3913 1680 3969 Oea
1692 3912 1771 3969 lasus·

174 4004 240 4058 bata
254 4018 318 4058 urm
334 4001 469 4058 llalcndas
482 4001 649 4066 Decembris,
660 4016 743 4068 anso,
754 4002 933 4073 Cbristopro
981 4000 1115 4058 lantiam:
1132 4010 1162 4057 et
1180 4002 1268 4057 nullos
1290 4000 1408 4056 lldelinm
1430 4009 1604 4070 nostrorum,
1622 4003 1668 4060 rel
1685 4003 1770 4065 aian,

138 4094 215 4164 pitio,
230 4094 264 4150 ts
278 4094 384 4163 imperii
403 4093 495 4148 domni
517 4091 645 4148 Lndovici
667 4093 782 4163 piissimi
802 4093 930 4164 Augusti,
982 4089 1037 4146 llco
1052 4091 1222 4162 disponente,
1242 4105 1430 4147 successorum
1445 4100 1607 4149 nostrorum
1627 4094 1712 4151 ullam
1729 4094 1773 4150 ba·

139 4184 285 4240 indictione
298 4185 341 4238 ll.
355 4183 452 4239 detrun
466 4183 582 4240 'lamnis
595 4185 762 4241 monasterio
776 4183 806 4241 S.
822 4184 931 4241 llartinl
982 4181 1046 4238 beat
1057 4191 1218 4252 potestatem
1232 4181 1355 4237 eamdem
1365 4181 1467 4247 uillam,
1479 4182 1522 4237 rel
1538 4183 1587 4239 illa
1601 4199 1664 4256 quse
1674 4183 1709 4240 ad
1720 4198 1774 4241 esu

140 4275 168 4328 in
183 4273 230 4329 bei
242 4275 351 4329 nourine
362 4273 487 4330 feliciter.
981 4271 1119 4342 pertinere
1142 4277 1302 4336 noscuntur,
1328 4270 1363 4325 de
1385 4268 1447 4338 inre
1472 4269 1601 4340 cium
1623 4273 1775 4330 monasteri

473 4364 600 4421 cbxxtl.
983 4359 1157 4418 abstrahendi
1169 4358 1211 4415 rel
1224 4359 1403 4416 diminorandi
1417 4376 1424 4415 τ
1439 4359 1499 4426 sed,
1513 4361 1590 4418 sieut
1604 4378 1689 4434 supra
1701 4363 1777 4419 lrrssr·

340 4470 354 4499 ι
374 4473 425 4514 eno
443 4471 537 4514 aaroni
557 4473 732 4515 uosnsrsmo.
943 4427 971 4487 Ῑ)
984 4464 1041 4511 tum
1054 4463 1109 4519 est,
1130 4464 1278 4510 memorata
1297 4452 1470 4526 oongregatio
1489 4469 1724 4527 sucoessoresque
1737 4468 1776 4511 ea

451 4549 538 4620 (Anno
552 4551 628 4621 832.)
984 4566 1044 4605 rnrn
1058 4550 1092 4605 ad
1106 4549 1132 4604 id
1147 4549 1219 4620 qarod
1234 4547 1338 4621 prelati
1354 4560 1460 4614 summ,
1479 4547 1515 4603 de
1528 4548 1632 4605 eadem
1645 4549 1709 4606 silla
1721 4561 1775 4606 caut

142 4637 194 4710 [lis
208 4636 378 4693 chartulario
404 4638 512 4694 ''aamem
530 4641 704 4705 monasterii,
722 4640 792 4711 apud
813 4639 843 4693 ll.
860 4639 931 4697 Bou·
983 4642 1041 4698 suis
1055 4641 1233 4712 appendiciis,
1252 4640 1382 4711 quidquid
1400 4639 1463 4696 inde
1477 4640 1607 4712 quolibet
1619 4640 1774 4711 modoesigi

205 4717 291 4778 quet,
307 4653 415 4764 ¹³²⁶le
425 4709 471 4764 ‘k‘
486 4711 560 4797 bist,
577 4712 700 4777 1⁰¹¹¹·¹V=
715 4726 776 4782 9³8·
791 4709 867 4783 5⁸3·]
983 4741 1082 4803 potest,
1096 4733 1214 4789 babeant
1225 4738 1384 4803 potestatem
1397 4730 1533 4799 faciendi,
1548 4734 1710 4799 ordinandi,
1724 4731 1774 4789 esi·

178 4819 207 4875 ln
227 4820 335 4876 nomine
355 4820 460 4877 Oomini
481 4821 529 4877 liei
548 4829 576 4876 et
595 4820 744 4877 Salvatoris
762 4820 848 4876 nostri
868 4818 932 4876 iesu
984 4824 1065 4894 gendi
1088 4832 1143 4879 tam
1166 4823 1343 4895 presentibus
1365 4836 1446 4893 qnam
1469 4821 1575 4881 interris
1600 4825 1774 4898 temporibus.

145 4911 255 4978 dlrrrsti,
267 4910 428 4980 Ludoricns,
439 4912 529 4969 dirim
537 4913 681 4970 ordinante
691 4912 870 4984 providentia,
879 4912 932 4969 im·
982 4915 1141 4986 disponendi
1154 4913 1376 4985 atqrre·laciendi.
1389 4911 1444 4968 Sed
1457 4919 1486 4968 et
1499 4913 1522 4969 si
1535 4915 1650 4984 quises
1664 4914 1777 4972 nudibus

143 5008 253 5072 perator
267 5001 413 5072 daganus.
984 5003 1088 5074 imperii
1108 5003 1195 5060 nostri
1212 5002 1252 5059 cis
1269 5001 1303 5057 ad
1321 5001 1402 5072 bajas
1415 4999 1455 5055 rel
1470 5003 1670 5061 necessitatem
1685 4998 1776 5075 aliquid

180 5091 208 5148 st
228 5092 300 5148 illins
316 5107 419 5162 amore,
435 5094 512 5164 cnjus
525 5109 638 5151 munem
653 5094 760 5151 oeteris
776 5094 934 5151 mortalibus
984 5108 1083 5165 angere
1095 5092 1137 5149 rel
1150 5093 1260 5149 titulare
1277 5090 1419 5163 placuerit,
1432 5090 1563 5149 solnm
1581 5079 1614 5150 ut
1629 5109 1648 5151 a
1662 5092 1778 5152 nullosis

143 5183 248 5250 prelati
270 5199 378 5247 sumus.
402 5183 461 5240 loca
480 5184 570 5240 dirino
589 5184 672 5240 cultui
692 5192 849 5240 consecrata
870 5199 935 5240 oon-
985 5183 1085 5238 aulerri
1102 5184 1198 5250 liceat;
1217 5190 1351 5253 qnamnns
1362 5181 1402 5238 cls
1413 5180 1528 5237 liberius
1543 5198 1598 5255 pro
1611 5194 1709 5243 namra
1727 5198 1777 5242 sare·

143 5275 533 5343 gruismuniboentiaenostrae
547 5274 685 5332 benetlclis
698 5276 732 5332 ad
745 5275 935 5331 divinamcnl-
985 5268 1177 5346 cessolumque
1202 5283 1358 5330 nostmrnm
1379 5271 1469 5328 salute
1491 5271 1606 5331 Domitii
1630 5277 1777 5335 misertor·

181 5448 194 5478 ¹
213 5433 299 5503 liujus
311 5435 438 5507 praecepti
457 5434 594 5501 meminit,
616 5433 732 5504 illudque
751 5430 820 5488 male
839 5431 934 5489 tribuit
987 5429 1078 5500 plebat
1091 5429 1203 5487 indictio
1217 5430 1337 5495 decima:
1357 5429 1519 5499 initiumque
1533 5431 1648 5504 imperii
1659 5432 1777 5493 Lndorin‘

146 5520 216 5560 annu
229 5506 281 5561 855
294 5505 416 5561 Labbcus
430 5506 457 5560 iu
470 5505 582 5561 lllscell.
603 5505 719 5567 Curios,
740 5519 800 5575 pag.
816 5502 882 5568 stim
903 5502 934 5556 il·
988 5504 1029 5556 lile
1044 5500 1142 5582 repetit
1155 5502 1190 5557 ab
1203 5516 1275 5557 anno
1289 5501 1351 5557 815.
1803 5526 1810 5541 ·

148 5573 193 5626 lod
214 5574 296 5628 relcrt
313 5574 445 5639 cointius,
467 5583 531 5630 torn.
552 5575 607 5628 lllll
626 5574 721 5629 brinul.
741 5574 849 5633 eccles,
870 5587 931 5641 pag.
1023 5572 1101 5625 istc
1126 5570 1223 5643 legitur
1245 5571 1272 5627 in
1297 5568 1478 5638 clrartulnrlo;
1505 5570 1676 5645 legendnm,
1701 5591 1778 5632 coace-

148 5641 211 5708 185,
224 5644 256 5698 ad
270 5660 368 5700 annunt
382 5645 441 5707 851,
460 5661 474 5698 a
492 5645 568 5715 cnjus
582 5661 673 5701 mense
693 5644 843 5715 Septembri
862 5641 930 5699 inei·
987 5642 1115 5696 dcrcmns.
