3832 6120
150 265 220 318 w
817 228 1044 322 ‘mm
1710 264 1780 342 w

147 382 272 437 renitatis
289 389 384 434 vestre
398 393 467 432 aarum
486 379 622 445 prater-tm
641 385 752 432 cunctos
764 377 937 432 ecclesiarum
953 382 973 439 Α
990 392 1160 449 nequaquam
1176 388 1266 433 tanton
1282 378 1340 434 baec
1362 394 1422 448 quae
1441 381 1593 450 specialiter
1610 384 1644 437 ad
1660 393 1780 463 vestram

146 483 271 547 pastores
284 470 472 533 admonuistis,
487 477 516 522 ιιι
530 470 592 538 quia
613 469 755 524 constabat
775 483 822 523 eos
841 483 938 538 specu·
991 484 1134 538 personam
1162 470 1396 539 ministeriumque
1423 472 1558 540 pertinere
1588 475 1781 547 eognovimus,

147 569 247 623 latores
263 566 369 627 bamini
389 565 519 628 existere,
540 571 567 618 et
580 563 697 633 gladium
713 563 834 624 divinum
856 576 939 634 suuper
989 559 1117 616 oblivioni
1139 561 1300 614 tradidimus
1314 575 1321 614 ε
1333 561 1380 616 sed
1393 561 1484 630 potius
1501 569 1597 616 vestrae
1616 563 1695 620 saluti
1714 581 1780 638 prn-¹
1803 581 1806 587 ·

146 671 257 724 terram,
273 659 356 713 idest
373 672 454 726 snper
466 666 634 726 peccatores,
654 656 784 728 grassari,
807 657 938 711 memine-
988 653 1152 723 spicientes,
1168 652 1295 708 nonnulla
1310 654 1430 722 capitula
1448 654 1603 709 necessaria
1617 654 1645 724 iu
1659 658 1780 726 seeundo

145 753 200 806 rint
212 748 405 821 speculationis
415 755 505 802 sumet
515 745 617 814 jejunio
631 747 757 802 triduano
767 746 801 801 ab
813 745 938 801 omnibus
988 742 1067 812 hujus
1082 744 1172 814 operis
1187 742 1286 818 libello,
1303 743 1336 798 ad
1358 758 1456 799 nomen
1472 745 1706 817 ministeriumque
1716 763 1778 813 νοις

144 843 309 912 generaliter
323 850 444 911 peracto,
460 839 647 909 unusquisque
665 839 691 893 in
709 839 829 909 quolibet
842 839 937 895 ordine
954 915 959 924 Ι
988 844 1058 892 tmm
1081 837 1260 908 pertinentia,
1282 838 1486 908 periculumque
1502 839 1669 909 carendum,
1685 841 1779 920 solerti

145 932 260 1002 positus,
275 929 623 1000 diligenterconscientiam
637 943 713 983 suam
728 929 895 995 conveniret,
909 939 937 986 et
986 930 1075 985 studio
1097 931 1292 1001 congessimus,
1313 940 1340 986 et
1365 932 1441 987 vobis
1466 930 1638 987 lamiliariter
1656 935 1779 992 admoui·

145 1024 190 1078 ubi
209 1037 239 1077 se
257 1022 342 1089 Deum
357 1019 502 1075 olierrdissc
525 1017 706 1089 cognoscebat
728 1029 864 1073 maturato
886 1035 936 1090 per
986 1020 1068 1076 tionis
1081 1021 1168 1093 gratia
1182 1021 1347 1098 porrigenda
1367 1021 1532 1088 devovimus,
1547 1029 1577 1076 ut
1590 1037 1621 1077 ea
1636 1023 1780 1095 diligenter

144 1115 310 1185 paenitentiae
332 1112 543 1168 satisfactionem
562 1104 699 1182 corrigere
726 1125 778 1165 non
802 1109 932 1167 differret.
984 1111 1152 1185 aspiciendo,
1170 1096 1283 1182 legendo
1306 1119 1334 1166 et
1350 1108 1494 1176 audiendo,
1515 1118 1607 1181 aperte
1627 1121 1708 1182 atque
1722 1115 1779 1172 dis·

145 1206 284 1276 inquibus
307 1205 390 1259 etiam
403 1203 524 1273 apicibus
540 1201 660 1256 inserere
680 1200 757 1256 vobis
778 1200 879 1271 placuit
893 1209 932 1268 nt,
985 1208 1067 1264 tincta
1093 1216 1185 1267 vestra
1197 1216 1344 1281 cognoscat
1366 1207 1507 1275 celsitudo,
1522 1206 1557 1262 de
1571 1206 1670 1277 quibus
1682 1214 1710 1262 et
1723 1219 1773 1276 pro

144 1299 166 1354 si
185 1299 257 1354 Deus
278 1312 373 1368 pacem
387 1297 505 1366 undiquc
518 1303 546 1350 et
557 1296 642 1350 otium
656 1295 731 1352 robis
749 1295 891 1360 tribueret,
905 1295 932 1351 in
983 1303 1081 1373 quibus
1095 1302 1121 1356 in
1134 1302 1292 1357 memoratis
1307 1302 1484 1363 conventibus
1502 1301 1614 1365 nostris,
1628 1301 1775 1357 secundum

144 1395 196 1444 boc
206 1388 460 1457 placitumvestrum
473 1384 931 1457 generaleconsumerevoluissetis,
983 1392 1081 1447 virium
1099 1401 1253 1448 nostrarum
1266 1392 1473 1462 pogsqhqqgarem
1488 1390 1775 1447 qdeqqersaquhrqep.

144 1487 173 1533 ut
186 1478 303 1548 primum
317 1476 447 1547 quidquid
460 1477 486 1531 in
507 1476 595 1542 robis,
620 1476 706 1531 idest
729 1492 757 1530 m
774 1490 889 1545 persona
904 1484 932 1532 et
983 1496 1035 1552 que
1058 1482 1202 1554 egerimus.
1226 1481 1332 1552 Abhinc
1352 1488 1503 1553 sequuntur
1524 1482 1646 1550 quaedavu
1666 1494 1726 1550 quae
1742 1494 1776 1553 οι

143 1572 294 1627 ministerio
303 1580 405 1637 vestro,
420 1572 611 1642 corrigendum
625 1570 801 1635 inveniretur,
816 1568 931 1626 Domino
983 1571 1108 1641 capitulis
1119 1581 1267 1630 conventus
1280 1573 1366 1627 nostri
1376 1572 1495 1627 breviter
1507 1571 1701 1639 decerpsimus,
1716 1580 1776 1639 quar

142 1663 289 1717 arrailiante
304 1663 489 1733 corrigeretis.
502 1661 604 1715 Deinde
618 1675 784 1731 quaecunque
799 1661 826 1715 in
841 1660 929 1718 omni·
982 1662 1015 1715 ad
1030 1669 1153 1716 nostram
1169 1661 1325 1718 etlidelium
1337 1671 1490 1718 uestrorum
1506 1660 1635 1715 laicomm
1647 1657 1777 1713 observa·

141 1753 192 1808 bus
206 1753 347 1823 ordinibus
365 1752 469 1823 imperii
484 1752 566 1806 vestri
589 1750 642 1806 lieo
655 1751 828 1821 displicerent
842 1751 931 1823 inqui·
945 1746 968 1804 b
984 1750 1084 1807 tionem
1101 1760 1128 1807 ct
1147 1752 1261 1806 salutem
1277 1751 1459 1822 pertinentia,
1474 1751 1626 1806 necessaria
1641 1763 1702 1804 esse
1713 1761 1776 1818 per·

141 1844 248 1907 reretis,
265 1852 292 1899 ct
306 1845 453 1898 secundum
469 1840 528 1912 ejus
540 1844 708 1898 rotunmtem
718 1858 779 1897 cum
796 1856 932 1898 consensu
981 1842 1129 1912 speximus.
1146 1841 1248 1897 Dehinc
1270 1829 1422 1912 sequuntur
1435 1840 1486 1896 alia
1499 1855 1559 1910 quae
1572 1848 1669 1894 vestra
1680 1829 1776 1909 pietati

142 1936 258 1990 bdelium
273 1947 424 1990 vestrorum
436 1936 470 1989 ad
485 1936 623 1991 tramitem
638 1935 809 2007 rectitudinis
820 1950 932 1997 rovoca-
980 1933 1149 2013 deposcenda
1163 1932 1241 1997 valde
1255 1932 1373 1989 salubria
1388 1948 1448 1990 csse
1458 1929 1648 2002 indicarimus.

139 2025 223 2090 retis;
244 2024 347 2086 scilicet
371 2033 401 2079 ut
413 2040 474 2079 eum
498 2024 574 2079 vobis
589 2025 740 2094 populoque
760 2024 837 2080 robis
854 2038 930 2083 com·
1261 2043 1426 2102 gppsqoqq
1446 2042 1490 2098 χι,

141 2117 225 2170 misso
237 2117 381 2186 propitium
390 2114 527 2169 laceretis.
541 2114 594 2169 Sed
605 2115 667 2184 quia
678 2123 784 2184 tempus
795 2122 927 2183 optatum,
1015 2129 1138 2180 tunovtcr
1158 2132 1192 2169 ιιι
1206 2130 1340 2171 atuatcuu
1356 2103 1501 2172 rr‘v'seon'ns
1516 2128 1736 2170 csaouraesssu.

139 2209 320 2264 exterioribus
328 2208 527 2262 incursionibus
535 2206 770 2276 propellentibus,
781 2206 929 2261 secundum

139 2301 301 2356 desiderium
316 2309 434 2369 vestrum
448 2300 519 2354 nacti
533 2313 585 2352 non
601 2299 678 2364 estis,
694 2298 772 2353 libuit
788 2299 930 2357 serenitati

140 2398 236 2446 vestre
259 2403 320 2444 cnm
345 2388 506 2460 quibusdam
523 2385 646 2441 fidelibus
666 2387 765 2441 vestris
791 2388 929 2458 praeterita

1051 2214 1091 2269 Dc
1101 2215 1258 2288 quibasdam
1273 2216 1350 2270 rebus
1365 2216 1489 2271 alienatis
1505 2215 1563 2286 ejas
1576 2215 1702 2271 ecclesie.

1283 2307 1371 2381 (rinno
1392 2308 1468 2380 835.)

1105 2395 1222 2468 [ilaluz.¹
1236 2396 1283 2451 lib.
1302 2414 1333 2461 in
1348 2395 1478 2462 dliseell.,
1500 2410 1560 2467 pag.
1574 2392 1648 2467 tta]

139 2477 1772 2557 immmmwwmmummmfflmmmwm

139 2575 284 2645 diiigenter
304 2568 734 2639 [filmer⁰05l1¹⁰l⁰¹¹¹¹¹l³leffl
752 2583 884 2638 quaerere,
902 2575 931 2623 el
979 2577 1092 2646 Christi,
1111 2576 1273 2646 Ludovicus,
1298 2578 1387 2635 divina
1402 2578 1595 2649 repropitiante
1615 2577 1770 2643 clementia,

139 2665 267 2720 Ecclesiae
281 2664 357 2719 vobis
372 2663 523 2717 commissae
535 2661 679 2716 utilitatem
689 2659 841 2729 pmvidece.
857 2658 930 2737 Qua·
980 2681 1127 2751 imperator
1145 2680 1292 2752 Augustus,
1316 2678 1426 2736 Alarico
1447 2678 1594 2735 venerabili
1606 2679 1734 2750 episcopo
1744 2687 1773 2736 a

138 2764 249 2828 propter
261 2756 294 2809 de
307 2754 431 2823 omnibus
444 2767 502 2821 qua
517 2752 550 2805 ad
569 2759 674 2819 tempus
689 2749 876 2804 emendatione
889 2747 929 2816 di·
979 2769 1051 2833 fideli
1066 2779 1159 2826 nostro
1173 2750 1298 2826 saputem·
1541 2745 1544 2749 ’

138 2862 190 2917 8¹¹³
204 2846 261 2900 Visa
282 2851 353 2908 ⁵⁰⁰¹,
369 2856 489 2917 ⁰⁰¹¹ss¹¹¹³
503 2837 623 2910 capitum
638 2838 772 2903 ⁸⁰¹⁰¹¹i¹³⁸
786 2845 877 2891 *mm
891 2835 923 2897 ‘sl
1014 2861 1125 2928 licuerit
1146 2871 1191 2917 tua
1217 2861 1351 2933 industria
1372 2860 1436 2939 quia
1451 2859 1552 2925 missus
1573 2869 1634 2917 tuus
1648 2869 1772 2917 nostram
1845 2836 1861 2857 ⁴

138 2936 232 3007 gessit,
248 2934 404 3003 legatosque
416 2938 542 2986 strenuos
555 2929 699 2999 delegavit,
718 2936 748 2981 ut
765 2942 815 2998 per
832 2927 928 2994 eadem
979 2953 1046 3017 adiit
1063 2953 1234 3024 „mennam
1258 2951 1432 3022 innotescens
1444 2951 1517 3022 quod
1537 2951 1648 3023 quidam
1663 2926 1772 3028 vassalli

138 3024 257 3096 capium
271 3033 300 3079 ⁰²
315 3021 414 3095 mimia
432 3022 566 3083 ¹⁰³¹⁰f¹¹¹¹¹
586 3019 726 3075 hminum
742 3018 880 3088 pumen-²·
900 3026 929 3070 ⁰¹
980 3045 1076 3111 nostri,
1089 3042 1292 3111 Ghermundus,
1307 3041 1465 3109 Vallardus,
1481 3040 1774 3115 &resedissetest

137 3118 271 3171 bonorum
286 3114 392 3182 laudent
407 3121 504 3168 vestrae
519 3111 670 3166 celsitudini
685 3117 866 3177 notescerent.
886 3086 964 3176 luc
982 3134 1073 3190 socius
1087 3149 1161 3199 suus,
1175 3132 1307 3190 beneficia
1320 3147 1355 3188 εἰ
1373 3141 1418 3198 tuo
1430 3131 1569 3206 opimio
1582 3132 1694 3209 habent!
1713 3146 1773 3205 qua

137 3216 180 3264 ter
189 3222 249 3277 quae
264 3206 347 3261 etiam
358 3204 502 3268 statuistis,
517 3202 543 3261 in
557 3210 673 3272 quatuor
686 3198 808 3271 partibus
821 3197 928 3268 imperii

137 3301 221 3356 vestri
235 3295 385 3369 conventus
405 3297 596 3367 episcoporum
617 3309 671 3349 uno
686 3293 836 3361 eodemque
860 3299 929 3355 tem·

138 3408 203 3465 pore
219 3391 288 3462 lieri,
307 3391 446 3461 inquibus
471 3396 628 3459 tractarent,
652 3392 822 3457 quaererent,
848 3392 929 3452 atque

137 3498 199 3539 cum
213 3482 258 3552 ilci
270 3478 405 3556 adjutorio
417 3478 571 3534 invenirent
580 3476 613 3532 de
625 3475 716 3531 causis
726 3475 759 3529 ad
770 3472 927 3558 religionem

136 3573 331 3640 Christianam,
353 3583 502 3640 eorumque
523 3584 616 3624 curam
637 3566 847 3636 pcrtinentibus,
863 3563 927 3632 quid

136 3680 151 3720 a
171 3663 338 3736 principibus
356 3668 384 3714 et
404 3660 508 3728 reliquo
531 3657 631 3728 populo
648 3656 689 3710 vel
711 3657 764 3721 ita,
792 3663 823 3708 ut
836 3648 927 3707 divina

136 3740 284 3825 auctoritas
294 3752 383 3819 docet,
397 3760 443 3804 aut
458 3747 536 3802 aliter
552 3752 689 3801 teneretur
705 3761 712 3798 r
728 3743 770 3798 vel
782 3742 848 3812 quid
861 3741 925 3795 inde

135 3853 263 3914 exparte,
277 3850 324 3896 aut
338 3855 370 3897 ex
379 3838 582 3895 totodintissum
595 3844 677 3899 esset,
691 3840 721 3889 ut
733 3840 926 3889 nonteneatur.

136 3918 239 4004 Deinde
253 3933 318 4003 quid
333 3934 360 3987 in
375 3934 508 4003 ipsorum,
525 3929 570 4000 qui
586 3936 710 3998 pastores
720 3925 811 4004 popuii
826 3923 927 3979 consti·

136 4027 188 4081 tuti
201 4033 273 4090 sunt,
289 4023 419 4089 moribus,
435 4019 640 4089 conversatione
652 4027 680 4074 et
690 4010 795 4082 actibus
810 4014 926 4070 inveniri

135 4126 239 4190 posset,
266 4117 339 4186 quod
362 4114 460 4169 diuinae
473 4111 573 4184 regulae
594 4118 675 4181 atque
699 4106 854 4165 auctoritati
873 4120 926 4161 non

135 4205 334 4273 concordaret:
351 4203 485 4272 simulque
500 4201 677 4268 inveniretur,
692 4215 752 4270 quae
769 4197 927 4253 occasiones

137 4299 164 4365 in
187 4305 302 4366 utroque
315 4295 410 4351 ordine
431 4294 458 4349 id
473 4292 629 4367 effecerint,
644 4300 675 4346 ut
691 4306 706 4357 a
728 4296 803 4345 recto
817 4286 927 4343 tramite

136 4390 310 4456 deviassent;
334 4394 361 4441 et
382 4385 510 4456 quidquid
535 4385 569 4441 tle
588 4384 631 4439 liis
652 4383 791 4449 inventum
819 4379 924 4444 luisset,

136 4493 232 4543 restae
245 4481 398 4539 celsitudini
423 4489 515 4534 notum
541 4477 672 4535 lacerent.
699 4476 792 4545 Quod,
812 4482 842 4545 ut
856 4476 926 4532 licus

137 4587 216 4640 posse
239 4571 328 4636 dedit,
352 4585 401 4625 nos
421 4569 571 4625 fidelissimi
594 4585 626 4624 ac
641 4567 806 4639 devotissimi
832 4566 927 4638 salutis

135 4672 233 4716 vestra·
244 4670 444 4730 procuratores,
454 4659 531 4730 juxta
543 4660 705 4730 parvitatem
721 4672 816 4713 sensus
829 4655 926 4722 nostri,

135 4764 216 4826 prout
226 4754 345 4810 brevitas
356 4755 485 4824 temporis
498 4753 631 4824 permisit,
643 4752 790 4820 secundum
803 4761 926 4824 sanctam

135 4848 306 4902 devotionem
322 4854 348 4900 et
366 4846 563 4901 ordinationem
578 4853 711 4910 vestram,
735 4845 873 4901 decausis
892 4845 927 4902 ad

135 4940 292 5010 religionem
307 4939 489 4999 Christianam
504 4946 681 5007 nostrumque
694 4938 872 4995 ministerium
885 4950 926 4994 at·

136 5045 188 5098 que
206 5030 355 5100 periculum
369 5029 577 5101 pertinentibus,
593 5043 642 5084 uec
655 5043 708 5082 non
721 5037 748 5084 et
765 5028 799 5084 de
811 5028 854 5084 bis
865 5042 926 5098 quae

136 5120 171 5174 ad
189 5128 311 5175 nostram
336 5121 534 5176 correctionem
551 5130 580 5176 ct
600 5120 816 5175 emendationem
841 5120 926 5191 perti·

134 5226 201 5266 ncre
213 5213 413 5282 perspeximus,
434 5213 491 5268 sire
504 5215 538 5269 de
558 5214 601 5269 bis
615 5228 675 5283 quae
689 5213 794 5284 populis
808 5228 924 5285 gencra-

134 5301 198 5358 liter
219 5302 404 5374 annuntianda
418 5310 447 5358 et
462 5304 631 5360 admonenda
647 5305 831 5375 praevidimus,
851 5303 925 5375 capi·

134 5392 242 5450 trilatim
278 5394 305 5449 in
338 5393 554 5465 precedentibus
588 5395 776 5450 adnotavimus
803 5394 923 5462 libeliis,

981 3227 1045 3282 olim
1069 3240 1118 3297 per
1138 3226 1277 3297 precarias
1300 3224 1363 3282 inde
1383 3212 1499 3280 alienata
1526 3223 1646 3280 luerunt.
1667 3222 1725 3292 Qua
1739 3224 1774 3284 tle

982 3332 1012 3372 re
1025 3305 1150 3375 volumus
1174 3323 1243 3394 utta
1263 3323 1356 3382 nostra
1372 3314 1534 3370 auctoritate
1557 3313 1674 3384 recipias
1688 3326 1774 3384 usque

981 3408 1015 3463 ad
1031 3417 1151 3475 nostram
1164 3408 1347 3478 praesentiam,
1370 3414 1399 3473 et
1415 3405 1448 3472 de
1462 3414 1557 3460 nostra
1571 3402 1700 3459 fidelitate
1716 3417 1773 3458 ms·

981 3515 1061 3570 gnam
1076 3515 1169 3554 curam
1182 3513 1288 3569 semper
1300 3497 1420 3562 babeas,
1438 3496 1509 3568 sicut
1529 3494 1661 3566 hactenus
1676 3501 1704 3548 te
1724 3493 1774 3559 iate

980 3595 1045 3647 bere
1058 3591 1244 3663 cognovimus.
1261 3589 1330 3644 Nam
1349 3595 1515 3653 memoratus
1529 3587 1628 3642 missus
1642 3593 1706 3641 tuus
1724 3600 1774 3648 noz

980 3693 1066 3738 stram
1086 3685 1248 3752 deprecatus
1262 3692 1303 3739 est
1323 3684 1453 3761 pietatem
1468 3690 1497 3737 ut
1516 3680 1633 3751 aliquem
1658 3680 1772 3756 missum

980 3772 1027 3829 tibi
1055 3770 1209 3830 dederimus
1229 3773 1275 3844 qui
1298 3775 1441 3846 praedictas
1463 3788 1507 3836 res
1527 3772 1576 3850 tibi
1593 3771 1773 3843 Eecicsiaeque

980 3866 1028 3922 tibi
1043 3868 1194 3923 commissas
1208 3868 1396 3944 consignaret,
1408 3876 1436 3924 et
1452 3870 1611 3924 vestituram
1624 3866 1771 3943 legitimam

980 3956 1090 4013 laceret.
1103 3959 1161 4028 Qua
1171 3960 1212 4015 de
1229 3974 1259 4013 re
1276 3958 1454 4017 Helisacharo
1468 3959 1551 4017 misso
1567 3966 1660 4013 nostru
1675 3957 1772 4027 praecie

978 4051 1068 4122 pimus
1088 4059 1118 4108 ut
1141 4053 1174 4108 de
1196 4052 1360 4123 supradictis
1383 4050 1523 4124 beneficiis
1544 4049 1591 4121 tibi
1613 4048 1772 4123 vestituram

979 4128 1070 4211 laciat,
1083 4144 1192 4214 quando
1209 4142 1269 4199 illas
1284 4143 1312 4197 in
1326 4150 1418 4214 partes
1430 4157 1446 4215 a
1460 4141 1538 4196 uobis
1549 4139 1668 4211 directus
1679 4136 1771 4213 luerit,

979 4233 1110 4299 Volumus
1125 4235 1208 4290 etiam
1221 4215 1346 4304 utquam
1361 4233 1442 4289 eitius
1454 4230 1557 4304 poteris
1571 4230 1683 4286 missum
1698 4237 1771 4292 tuum

979 4329 1047 4385 bene
1068 4327 1173 4384 bdelem
1193 4328 1227 4383 ad
1250 4342 1300 4383 uos
1319 4326 1430 4398 dirigas,
1448 4324 1494 4396 qui
1515 4339 1564 4379 nos
1580 4331 1670 4392 certos
1690 4319 1770 4389 iaciat

939 4421 1097 4507 unaliter
1117 4436 1181 4496 erga
1200 4434 1249 4476 vos
1263 4427 1291 4474 et
1315 4418 1433 4487 reliquos
1452 4412 1546 4471 fideles
1563 4422 1670 4471 nostros
1693 4410 1772 4475 modo

978 4523 1085 4586 agatur,
1112 4521 1140 4569 et
1165 4511 1230 4583 quid
1257 4513 1290 4568 de
1311 4509 1364 4571 ints
1382 4509 1473 4565 causis
1490 4508 1590 4579 laetum
1613 4521 1674 4576 quaa
1696 4502 1772 4578 robiq

979 4618 1058 4679 agere
1070 4604 1259 4685 precepimus.
1280 4601 1353 4657 Bene
1367 4600 1426 4664 vale
1438 4607 1466 4655 et
1476 4613 1524 4654 ora
1537 4612 1588 4669 pro
1598 4595 1685 4652 nobis.

1254 4713 1424 4770 epistota
1441 4711 1499 4767 Xll.

1037 4826 1159 4880 ebbovtct
1179 4826 1213 4866 tn
1231 4822 1380 4865 ttttbbnttl!
1400 4818 1523 4862 tebtrmt
1541 4818 1564 4860 S·
1586 4815 1710 4857 biedtsu.

979 4905 1018 4963 ba
1030 4904 1183 4975 colligendis
1198 4903 1226 4956 in
1244 4919 1326 4957 enam
1340 4914 1435 4971 corpas
1449 4899 1483 4953 iis
1497 4913 1557 4968 qartc
1576 4896 1604 4948 in
1618 4893 1770 4972 Graecorum

1012 4975 1129 5100 irreitztreriir
1149 4974 1181 5029 de
1195 4982 1287 5043 sancto
1307 4970 1435 5042 Dionysio
1454 4969 1553 5039 possint
1575 4973 1675 5035 serapte
1695 4977 1769 5032 repe?

1278 5132 1366 5208 (dano
1392 5129 1467 5202 835.)

975 5229 1269 5303 tripartitamque,
1288 5225 1367 5291 tite,
1383 5241 1417 5281 ex
1431 5217 1516 5279 Surio
1525 5222 1561 5278 ad
1575 5220 1646 5293 diem
1657 5218 1675 5275 9
1686 5215 1769 5288 ssata

1193 5311 1195 5314 ⁴
1251 5296 1319 5362 bris,
1338 5312 1400 5367 pag.
1415 5291 1490 5366 tte]

1012 5391 1041 5446 ln
1064 5389 1174 5447 nonrinc
1188 5387 1295 5443 Domini
1310 5387 1358 5442 nei
1382 5394 1410 5451 et
1434 5382 1584 5441 Salvatoris
1603 5378 1689 5435 nostri
1702 5377 1768 5439 ιιιιιι

134 5493 287 5555 vestraeque
307 5486 446 5556 screnitati
461 5485 588 5556 legenda,
605 5486 659 5540 imo
672 5486 810 5557 pmbanda
828 5484 926 5540 obtuli·
977 5483 1088 5548 Christi,
1115 5479 1279 5545 ludovicus,
1292 5479 1384 5536 divirm
1395 5463 1589 5547 repropitiante
1612 5470 1767 5553 clementia,

136 5594 205 5634 mus.
218 5579 251 5632 Et
262 5594 415 5648 quanquam
426 5579 459 5632 de
471 5578 515 5632 his
526 5593 586 5647 qum
598 5577 737 5646 praemissa
748 5584 822 5642 suut,
835 5584 926 5632 vestm
978 5574 1124 5644 imperator
1137 5572 1284 5643 Augustus,
1296 5568 1424 5625 ililduino
1441 5564 1589 5621 venerabiti
1605 5564 1698 5630 abbati
1709 5576 1767 5629 mo,-

134 5668 325 5726 erdenb'ssirno
341 5667 475 5724 desiderio
489 5667 564 5734 prius
583 5666 740 5723 satisfacere
752 5666 924 5739 elegerimus,
978 5662 1089 5735 nasterii
1105 5661 1340 5732 sanctissimorum
1366 5665 1516 5728 martyrum
1543 5669 1575 5729 ae
1607 5652 1765 5740 specialiqu
