3832 6120
141 286 208 344 nm
704 273 899 334 unionum
920 238 1199 332 scetrsnsum.
1695 286 1764 343 ilio

140 395 275 473 lcnmqne]
290 397 361 450 omni
376 409 446 449 anino
461 395 518 464 ipsa
532 393 680 448 necessitas
692 407 739 448 eos
751 388 925 460 compulisset
938 386 963 446 a
976 385 1091 455 publicis
1104 403 1136 443 ac
1150 387 1276 458 palatinis
1289 389 1363 443 omni
1377 398 1496 460 tempore
1508 392 1576 448 idern
1591 394 1667 451 locus
1685 399 1765 454 abso-

137 491 261 548 eumdem
275 488 364 543 locum
384 490 419 543 Ἅι,
439 488 515 542 luppo
534 487 609 541 ,emp
635 500 719 555 usque
736 485 770 539 ad
783 484 863 539 finem
878 499 925 536 lu.
977 474 1048 530 lutus
1061 488 1133 533 esset
1150 492 1199 547 per
1213 479 1284 533 hauc
1296 488 1416 535 nostram
1432 481 1665 541 confirmationem
1678 491 1766 544 modis

139 583 220 637 tomni
246 580 375 648 temporis
398 578 533 641 deserere,
555 588 583 631 et
606 577 681 645 quasi
701 575 850 630 desolatum
868 574 926 628 sine
976 566 1112 632 omuibus,
1126 583 1241 637 eumque
1253 583 1343 624 11111111
1363 585 1474 625 suerum
1489 572 1643 645 integritate
1657 576 1768 633 irretra-

135 670 226 725 divino
239 667 328 723 olucio
340 667 502 736 relinquere,
515 674 542 720 et
553 681 633 721 omne
648 666 827 720 ministerium
840 664 926 721 cecle-
977 658 1101 726 gablliter
1116 661 1256 723 consistat,
1278 662 1337 716 sine
1356 662 1409 717 ulla
1430 663 1551 733 qnalibet
1571 666 1766 735 inquietudine,

135 761 192 824 siae,
209 759 252 815 ,vel
266 760 420 814 „mmmm
440 758 596 814 ,mmmm-ll
620 756 830 827 suppellectilem
853 755 926 811 lopas
976 746 1163 816 intestatione,
1179 750 1223 805 sel
1237 750 1380 822 culusiibct
1398 754 1587 810 redhibitionis
1609 758 1766 824 exactione;

135 864 231 921 cogere
256 866 318 905 cum
341 849 416 920 gravi
434 848 574 918 dispendio
598 858 625 903 el
651 847 758 913 lalmlffi
773 856 801 902 el
822 847 925 903 alludo
976 848 1007 890 ut
1024 839 1058 893 ab
1070 841 1195 895 omnibns
1211 841 1411 910 impedimentis
1424 845 1516 898 mundi
1532 847 1655 901 monachi
1668 847 1768 903 ibidem

135 957 204 997 noro
226 940 418 995 monasterinm
438 947 611 1003 construere;
624 954 660 994 ne
673 949 838 994 memoratus
852 938 926 996 locus
976 925 1031 981 1³0⁰
1044 927 1191 985 militantes
1205 945 1255 998 per
1275 939 1397 985 1051111111
1411 934 1531 988 Studium
1544 934 1621 990 liberi
1634 951 1666 991 ee
1683 938 1769 1007 tluieti

134 1032 244 1101 penitus
258 1030 460 1085 destitueretur.
473 1029 515 1084 rel
532 1029 726 1096 annullaretur,
739 1038 768 1085 et
781 1029 926 1084 monacho
975 1015 1074 1083 euecti,
1089 1019 1144 1075 ileo
1162 1021 1361 1079 ferventissime
1377 1034 1405 1078 et
1427 1025 1598 1082 laudabiliter
1621 1028 1768 1093 deservire.

136 1136 196 1174 rum
210 1119 316 1175 deuotio
332 1128 386 1173 tam
399 1120 502 1175 diutina
513 1120 659 1190 agitatione
673 1136 805 1176 concussa
815 1135 846 1174 ac
858 1136 927 1190 prae-
976 1116 1003 1163 el
1017 1125 1066 1178 1110
1079 1111 1156 1166 nobis
1176 1121 1203 1167 0¹
1225 1113 1300 1181 prole
1314 1122 1419 1180 1108111,
1440 1117 1483 1172 1111
1497 1118 1580 1172 eliam
1595 1120 1679 1175 l0ll¹¹⁵
1693 1123 1769 1192 lesui

135 1210 236 1281 pedus,
253 1209 324 1278 quod
338 1210 388 1264 hue
409 1210 559 1279 procellosa
576 1211 779 1279 perturbatione
798 1224 832 1264 ex
849 1220 927 1280 pal-[0
976 1199 1123 1256 stabilitate
1136 1201 1250 1256 internis
1263 1205 1333 1260 Votis
1348 1221 1380 1260 uu
1394 1204 1504 1278 jugibus
1519 1209 1645 1278 precihus
1660 1212 1769 1268 ualeatis

135 1302 275 1366 amiserat,
301 1316 462 1369 recuperare
485 1302 600 1367 valeret,
620 1302 757 1372 petierunt
775 1301 926 1357 celsitudini
976 1291 1121 1348 Dominum
1144 1309 1269 1349 exorere·
1285 1296 1318 1350 Et
1337 1304 1367 1350 ut
1386 1298 1444 1352 hoeo
1468 1300 1617 1355 auctoritas
1640 1310 1770 1373 perpetuo

134 1399 234 1447 nostrae
255 1398 284 1444 nt
308 1391 335 1446 m
359 1391 475 1447 circuitu
488 1392 550 1447 novi
569 1393 726 1448 monasterii
740 1401 859 1446 castrum
873 1392 926 1449 iltis
976 1383 1137 1442 inviolabilis
1148 1398 1312 1458 perseveret,
1323 1407 1383 1445 eam
1393 1393 1510 1462 propriis
1530 1395 1655 1450 manibus
1678 1397 1771 1450 subter

135 1482 193 1538 lieri
213 1483 441 1554 permitteremus,
460 1491 490 1537 ut
512 1483 539 1537 in
551 1498 583 1538 eo
603 1484 652 1538 tuti
670 1493 780 1555 possent
791 1483 885 1539 coelem
898 1484 925 1539 in
976 1473 1161 1544 1111111115,
1183 1496 1214 1536 ee
1240 1482 1331 1536 11111111
1352 1483 1440 1538 nostri
1466 1485 1644 1555 impressione
1667 1487 1770 1558 signori

134 1571 204 1638 loco,
227 1572 272 1627 ubi
295 1572 490 1642 professionem
517 1574 668 1644 regularem
690 1573 821 1639 fecerant,
846 1589 926 1629 suum
973 1565 1115 1637 iussimus.

133 1662 302 1732 propositum
316 1663 471 1728 ohservare,
489 1673 517 1720 el
527 1674 618 1734 optata
632 1665 687 1720 Deo
709 1666 855 1720 miserante
872 1665 925 1720 frui
1012 1656 1123 1727 Signum
1144 1660 1273 1717 Ludouici
1294 1665 1461 1720 serenissimi
1484 1666 1657 1735 imperatoris
1677 1666 1771 1721 etLo·

134 1753 235 1823 quiete.
254 1751 373 1818 Quorum
388 1754 557 1823 petitionem,
576 1755 638 1823 quia
650 1755 702 1810 illis
712 1754 788 1810 valde
799 1770 926 1810 neccssa-
940 1733 963 1792 B
978 1748 1059 1803 thurii
1072 1749 1259 1820 gloriosissimi
1270 1753 1398 1826 Augusti·

135 1842 202 1898 riam
216 1841 374 1916 [novimus]
390 1845 567 1914 suscepimus,
582 1853 610 1900 ct
627 1856 658 1900 ut
678 1846 715 1899 ita
734 1846 854 1901 iacerent
866 1862 927 1915 per·
1012 1842 1080 1898 itata
1098 1862 1128 1900 ιιι
1147 1845 1238 1901 Nonas
1251 1847 1375 1918 Augusti,
1392 1864 1463 1904 anuo
1478 1849 1586 1905 Christo
1604 1851 1770 1921 propitiati

135 1933 266 1988 misimus.
284 1933 368 1988 Porro
386 1934 475 1988 divina
492 1934 671 2004 opitulatione
684 1935 712 1988 iu
730 1933 847 1989 fidelium
866 1934 926 1990 tuiti
976 1933 1083 2004 imperii
1107 1936 1198 1991 domni
1224 1937 1354 1994 Lndovici
1377 1940 1492 2010 piissimi
1510 1940 1635 2012 Augusti,
1650 1942 1771 1997 Lotbarii

134 2023 276 2093 adjutorio,
298 2024 548 2094 instantissimoque
569 2025 658 2080 studio
677 2033 758 2093 oront
780 2033 927 2095 potuerunt
977 2022 1093 2080 Caesaris
1105 2026 1131 2082 8.
1148 2027 1245 2082 lictum
1260 2027 1378 2084 silviaco
1391 2030 1501 2100 palatio.

134 2117 266 2183 adhibito,
291 2117 362 2172 idem
387 2133 455 2187 opus
477 2119 511 2173 ad
537 2117 662 2172 ellectum
686 2119 741 2173 lieo
764 2126 927 2190 cooperante
1015 2116 1206 2173 llirminmaris
1226 2120 1348 2176 notarius
1369 2121 1404 2176 ad
1424 2121 1511 2177 vicem
1533 2122 1673 2196 Fredugisi
1696 2139 1772 2180 reco-

134 2209 293 2278 perductum
307 2214 358 2261 est.
374 2206 428 2262 sed
441 2214 470 2261 nt
482 2207 552 2262 idem
565 2222 634 2276 opus
648 2214 784 2276 patratum
798 2208 863 2262 utile
883 2207 927 2262 lo·
977 2207 1081 2275 quovit.

135 2307 186 2363 ret,
201 2306 227 2353 et
239 2299 272 2352 ab
283 2298 484 2352 incursionibus
497 2298 668 2352 inimicorum
679 2305 765 2352 tntum
776 2299 927 2354 consistere

135 2385 251 2451 valeret,
274 2387 412 2456 petierunt
435 2387 534 2442 obnixe
561 2395 590 2441 ut
617 2386 810 2441 concederetur
834 2387 887 2441 illis
911 2402 927 2441 a

134 2487 226 2533 nostra
249 2477 404 2541 serenitate,
426 2483 457 2530 nt
481 2476 606 2531 homines
619 2474 739 2545 ejusdem
757 2477 926 2543 monasterii,

1331 2298 1406 2354 cuit.

1182 2404 1233 2444 rito
1252 2403 1422 2446 uoutsreruo
1436 2404 1569 2445 ussus—:usn

1283 2477 1370 2550 (Anno
1391 2477 1466 2549 850.)

134 2565 190 2621 sive
205 2566 282 2620 liberi
299 2565 357 2621 sive
371 2566 452 2632 servi,
469 2566 502 2620 ad
518 2581 579 2620 cum
591 2565 785 2635 perpetualiter
798 2565 927 2621 tuendum
1014 2566 1102 2639 [ilpud
1113 2568 1145 2621 D.
1159 2566 1292 2637 Bouqnet.
1309 2568 1409 2622 ibides
1423 2567 1562 2638 spicitepio
1587 2567 1736 2642 bacherii.]

133 2657 289 2726 specialiter
302 2657 508 2728 deputarentur,
532 2664 559 2711 et
573 2658 608 2711 ab
630 2655 690 2710 aliis
712 2655 827 2726 publicis
849 2657 928 2712 obse·
1014 2654 1044 2709 ln
1067 2654 1177 2709 nomine
1192 2655 1298 2710 Domini
1324 2655 1373 2711 liei
1395 2664 1423 2711 et
1444 2656 1592 2713 salvatoris
1609 2658 1772 2714 nostritesn

134 2746 206 2815 quiis
220 2761 269 2815 per
284 2754 406 2800 nostram
420 2745 575 2814 largitatem
590 2745 724 2800 immunes
735 2745 938 2827 consisterent..
977 2742 1280 2810 Christi,Ludovicuset
1291 2746 1439 2803 Lotbarins
1451 2748 1542 2802 divina
1555 2749 1699 2806 ordinante
1710 2765 1773 2820 pro-

134 2836 234 2910 [Quod]
258 2838 374 2893 libenter
397 2847 507 2907 propter
520 2838 711 2906 praedictorum
724 2853 863 2894 seruorum
878 2837 926 2893 uei
976 2833 1096 2889 videntia
1111 2835 1289 2904 imperatores
1306 2835 1431 2907 Augusti.

134 2929 253 2999 quietem
277 2931 469 2991 concessimus,
489 2937 570 2999 atquo
583 2939 613 2984 nt
628 2930 665 2985 ita
679 2931 707 2986 in
726 2929 846 2986 futurum
861 2947 926 2987 con·
1012 2923 1041 2979 si
1055 2925 1231 2993 petitionibus
1247 2942 1385 2980 servorum
1399 2927 1446 2981 liei
1457 2927 1539 2997 justis
1553 2936 1581 2982 et
1599 2927 1769 2984 rationabili-

61 3013 68 3021 ’
134 3030 299 3085 servaretur,
308 3034 358 3091 [lep
369 3023 440 3076 hune
450 3030 570 3076 nostram
582 3022 771 3078 auctoritatem
782 3023 926 3079 confirma.
977 3012 1028 3069 bus
1041 3013 1126 3068 diuini
1136 3013 1224 3070 cultus
1235 3029 1327 3070 itlllol'e
1342 3014 1473 3083 lavemus,
1489 3033 1605 3088 superfla
1619 3034 1668 3074 nos
1685 3021 1773 3091 gralia

134 3111 232 3176 vimus,
249 3111 312 3180 quia
334 3111 427 3168 mlllus
448 3113 485 3167 lm
500 3112 560 3167 fieri
579 3112 771 3181 judicavimus,
793 3124 926 3185 (melenus
940 3077 962 3139 C
978 3105 1077 3159 muniri
1092 3121 1146 3160 non
1161 3104 1318 3160 diuidimus.
1345 3106 1462 3163 Proinde
1486 3110 1636 3178 corriperiat
1650 3111 1772 3166 omnium

133 3216 242 3272 semper
261 3218 312 3273 par
334 3202 452 3259 lidelinm
472 3212 627 3258 nostrorum
649 3206 683 3259 ad
698 3206 821 3260 eumdem
836 3204 927 3262 locum
978 3195 1096 3250 fidelium
1112 3204 1278 3263 1011101111,
1299 3199 1473 3267 praesentium
1497 3199 1601 3255 scilicet
1621 3216 1653 3255 ue
1668 3200 1772 3256 11111110-

133 3293 382 3350 custodiendum...
397 3304 426 3349 el
448 3294 521 3349 illem
543 3295 619 3350 locus
637 3295 688 3351 hae
703 3297 847 3352 occasione
872 3314 926 3354 ῃοῃ
978 3300 1050 3351 rum,
1075 3286 1198 3352 solertia,
1215 3289 1279 3357 quia
1303 3290 1436 3361 suggessit
1458 3291 1658 3346 mansuetudini
1674 3301 1772 3348 usisil'ae

134 3383 241 3453 penitus
253 3384 446 3441 destrueretur.
461 3383 578 3441 Proinde
596 3388 647 3442 bos
668 3387 822 3456 imperiales
836 3390 927 3458 apices
978 3377 1021 3431 111
1034 3378 1196 3434 venerabilis
1208 3379 1350 3435 1111811115
1362 3379 1541 3451 111118011θῦ5ῑὸ
1556 3381 1685 3437 13011θῦῙὲ
1703 3398 1770 3452 11111·

134 3472 160 3528 ei
174 3472 232 3527 iteri
256 3473 436 3540 decemimus,
458 3491 507 3544 per
528 3492 597 3545 quos
620 3477 756 3544 omnibus,
775 3479 846 3535 sicul
859 3497 930 3550 pm.
979 3466 1032 3534 sul,
1048 3468 1164 3537 qualiter
1183 3460 1337 3539 quamdam
1351 3468 1498 3535 abbatiam,
1512 3470 1590 3541 cujus
1613 3470 1772 3527 vocabulum

134 3562 246 3616 missum
261 3571 312 3628 est,
330 3572 421 3618 notmn
445 3564 571 3631 factiuns,
587 3567 650 3635 quin
673 3569 808 3634 volumus,
823 3577 852 3624 et
870 3585 929 3624 oru-
980 3572 1022 3617 est
1048 3561 1120 3619 Fons
1141 3564 1260 3628 Besous,
1289 3578 1324 3618 ex
1348 3565 1429 3618 rebus
1454 3564 1580 3618 videlicet
1604 3567 1772 3634 episcopans

133 3653 198 3709 nino
211 3663 264 3709 uta
275 3654 478 3709 successoribus
490 3657 591 3711 nostris
601 3667 778 3712 conservetur
790 3674 928 3728 rogamus,
979 3655 1031 3720 sni,
1043 3655 1089 3709 ubi
1104 3657 1247 3724 quemdam
1262 3655 1386 3709 monachi
1401 3653 1563 3725 regulariter
1576 3655 1698 3711 niventes
1712 3655 1771 3710 lue-

133 3753 164 3799 ut
188 3751 368 3798 memoratum
395 3745 591 3799 monasterium
618 3744 730 3816 ejusque
757 3750 930 3819 congregatio
980 3741 1396 3812 111111611111011111101111111011
1419 3744 1528 3812 Penims
1543 3749 1602 3798 8111
1622 3743 1772 3810 tissimus·

134 3833 185 3888 sub
198 3832 309 3901 speciali
319 3839 635 3889 nostraasuecessorum
646 3843 804 3891 nostrornm
815 3838 930 3895 tuitione
980 3847 996 3887 1
1023 3831 1207 3888 fundamentis
1230 3832 1413 3900 reaeditlcavit,
1437 3832 1552 3889 aedilicia
1564 3849 1684 3906 congrua
1708 3851 1768 3891 con¹

134 3929 215 3993 atque
244 3921 399 3978 defensione
424 3924 573 3992 consistat,
601 3935 629 3981 et
661 3928 834 3997 peculiariter
860 3945 928 4000 quo-
979 3924 1089 3989 struxit,
1106 3925 1253 3979 monachos
1265 3923 1406 3990 adunavit,
1427 3925 1552 3981 abbatem
1567 3927 1650 3984 etiarn
1664 3928 1772 3985 nomine

135 4013 279 4068 dammodo
291 4020 408 4081 tueatur,
420 4023 448 4068 et
458 4022 556 4069 cuncta
567 4030 627 4084 quae
638 4015 675 4070 itti
687 4027 799 4088 propter
809 4018 928 4073 divinum
980 4013 1121 4085 Seraphim
1133 4013 1263 4084 praefecit.
1284 4013 1319 4069 Et
1332 4021 1362 4068 nt
1383 4016 1508 4070 monachi
1531 4016 1559 4071 in
1584 4016 1678 4072 cedern
1701 4017 1770 4084 loco,

136 4119 254 4160 amorem
271 4105 465 4171 concessimus,
481 4115 509 4161 et
519 4121 568 4176 per
577 4106 630 4161 alia
642 4117 736 4162 nostra
746 4109 851 4178 scripta
864 4125 930 4165 con·
979 4107 1093 4161 Domino
1120 4105 1279 4177 adjuvaute.
1309 4108 1466 4180 congregati
1491 4108 1588 4165 melius
1612 4119 1640 4165 et
1661 4110 1772 4169 liberius

136 4194 313 4260 tirrnavimus,
329 4197 521 4253 inviolabiliter
539 4207 746 4267 conserventur,
762 4208 790 4254 et
804 4200 929 4258 homines
979 4199 1029 4255 sub
1043 4214 1139 4254 norma
1154 4207 1256 4255 sanctae
1272 4199 1373 4271 regulae
1400 4198 1459 4256 lieo
1475 4201 1636 4269 militarent,
1650 4218 1704 4258 non
1725 4219 1771 4261 so·

134 4288 256 4360 ejusdem
268 4289 436 4356 monasterii,
455 4290 512 4346 sive
530 4290 607 4346 liberi
622 4292 669 4360 qui
683 4292 816 4348 beneficia
829 4292 929 4349 exinde
979 4290 1035 4344 lum
1064 4304 1108 4346 res
1138 4305 1198 4360 quae
1232 4289 1267 4345 ad
1293 4291 1451 4361 predictam
1484 4293 1621 4348 abbatiam
1652 4294 1772 4367 legaliter

135 4381 244 4446 habere,
258 4381 300 4436 vel
314 4396 395 4451 snper
407 4380 465 4450 el‘ns
479 4389 568 4438 terras
582 4398 755 4440 commanere
768 4392 927 4449 noscuntur,
979 4379 1162 4450 pertinebant,
1176 4380 1213 4434 tbi
1226 4381 1353 4448 reddidit,
1367 4383 1413 4437 sed
1428 4383 1509 4438 etiarn
1524 4385 1591 4440 alias
1601 4401 1645 4442 res
1658 4384 1692 4442 de
1704 4402 1775 4456 proe-

134 4473 192 4528 sive
214 4472 302 4528 coloni
327 4472 371 4527 vel
394 4473 465 4527 servi
484 4473 518 4528 ad
544 4489 606 4529 eum
624 4471 698 4542 juste
713 4476 890 4546 pertinentes,
910 4490 925 4529 a
981 4469 1037 4526 lato
1051 4471 1210 4541 episcopatu
1221 4472 1321 4527 ibidem
1340 4471 1475 4541 subjectu
1491 4473 1582 4531 sedet
1602 4479 1773 4534 cotrsututio-

134 4564 239 4619 cunctis
260 4563 375 4634 publicis
389 4564 525 4635 obsequiis
542 4566 575 4620 ad
590 4580 641 4621 uos
659 4567 858 4636 pertinentibus
873 4566 925 4620 im-

134 4669 230 4709 munes
245 4655 279 4709 ad
302 4655 443 4709 tuitionem
460 4654 581 4725 ejusdem
598 4656 650 4712 loci
661 4656 703 4713 vel
716 4658 855 4713 seruitium
869 4672 926 4712 rne-

134 4734 246 4801 m'oratae
267 4747 484 4818 congregationis
506 4747 719 4817 omnitempore
740 4749 804 4814 sint,
823 4747 926 4820 absque

133 4837 247 4908 alicujus
275 4839 389 4909 imperio
392 4877 467 4893 .....
491 4846 572 4909 atque
598 4841 783 4896 subtractione
806 4840 926 4913 deputati

134 4935 215 4998 atque
232 4931 381 4986 constituti.
396 4929 568 5001 thnoniam
582 4929 688 4986 modica
706 4931 804 4987 exinde
823 4948 927 4988 annna-

981 4561 1023 4615 nis
1037 4561 1203 4626 chartulam,
1215 4576 1296 4632 qnam
1310 4563 1367 4633 ipse
1394 4579 1446 4618 nna
1461 4578 1511 4633 per
1527 4578 1689 4621 consensum
1713 4581 1773 4622 me-

982 4651 1328 4723 tropolitanisnidgobardi
1336 4655 1544 4727 archiepiscopi,
1555 4664 1583 4711 et
1590 4655 1774 4730 suffraganeo

981 4761 1041 4800 rum
1053 4760 1175 4813 snorum,
1187 4763 1237 4803 nec
1248 4762 1301 4803 non
1309 4756 1336 4804 et
1347 4749 1413 4805 cleri
1424 4750 1475 4805 sibi
1483 4749 1609 4820 subjecti,
1617 4760 1774 4824 etqnomm-

982 4837 1043 4893 dam
1050 4837 1319 4894 laicorumnobiliutn
1327 4840 1548 4909 confirmaverat,
1557 4843 1636 4899 nobis
1643 4845 1772 4910 ostendit,

980 4927 1073 4998 inqua
1090 4929 1197 4999 plenius
1214 4930 1397 5002 conscriptum
1413 4937 1482 4997 erat,
1496 4947 1551 4987 non
1565 4932 1653 4989 solum
1674 4949 1720 4990 res
1738 4936 1772 4990 ad

134 5021 195 5086 tim,
209 5021 278 5075 dona
298 5021 537 5091 priusquamirlem
553 5022 620 5076 ordo
635 5020 734 5078 ibidem
750 5024 929 5079 constituere·
977 5013 1041 5086 1111
1068 5019 1169 5074 dictam
1202 5019 1337 5074 1111111111
1372 5019 1497 5093 legaiiter
1528 5021 1697 5093 pertinentes
1735 5021 1773 5077 ibi

135 5121 188 5180 tur,
202 5114 277 5167 exire
290 5122 498 5178 consueverant,
511 5128 546 5170 ne
563 5111 634 5169 torte
646 5114 690 5184 pia
704 5123 796 5170 nostra
809 5117 927 5183 devotio,

979 5114 1140 5179 reddidisse,
1154 5128 1248 5168 verram
1266 5113 1349 5169 etiam
1362 5116 1387 5170 ei
1407 5116 1537 5186 quasdam
1549 5132 1594 5172 res
1612 5115 1645 5172 de
1671 5132 1773 5173 memo

134 5202 245 5256 donatio
264 5212 345 5271 atquc
363 5202 522 5256 constitutio
545 5203 635 5273 gravis
656 5205 689 5258 ad
712 5203 927 5260 conservandum
981 5218 1041 5265 rato
1059 5211 1217 5281 episcopatu
1228 5226 1277 5266 sno
1288 5211 1388 5266 ibidem
1399 5210 1557 5278 subjecisse.
1580 5211 1700 5277 Quarum
1713 5212 1773 5267 baee

135 5294 236 5347 nostris
262 5294 463 5347 successoribus
482 5295 637 5358 videretur,
661 5303 691 5350 ut
712 5299 800 5352 omnis
821 5299 929 5354 occasio
979 5309 1043 5358 sunt
1071 5304 1181 5357 nomina
1205 5321 1210 5356 :
1237 5302 1394 5357 Pauliacum
1425 5316 1487 5355 enm
1515 5302 1683 5372 appendiciis
1704 5302 1771 5366 suis,

135 5381 209 5437 illam
236 5382 353 5437 violandi
381 5383 489 5452 penitus
508 5384 679 5451 anterretur,
706 5387 874 5443 instituimus
899 5399 931 5444 ut
980 5393 1153 5447 Bellenavnm
1174 5393 1264 5446 uicum
1284 5392 1417 5447 cuiusuis
1436 5392 1613 5462 appendiciis,
1637 5394 1772 5449 Areonern

135 5486 183 5527 sex
196 5472 272 5528 libre
295 5474 401 5545 argenti
428 5474 501 5528 omni
519 5490 590 5531 anno
614 5478 646 5532 ad
669 5481 771 5549 regiam
791 5494 929 5536 cameram
981 5498 1043 5539 curn
1057 5482 1224 5552 appendiciis
1239 5483 1305 5536 suis.
1322 5481 1390 5537 istas
1403 5483 1480 5538 villas
1501 5499 1562 5538 cum
1579 5485 1706 5540 omnibns
1724 5484 1772 5538 ad-

135 5562 233 5617 erinde
254 5564 452 5634 persolvantur,
475 5580 508 5620 ea
532 5566 656 5622 uidelicet
675 5569 831 5626 conditione
846 5580 877 5625 ut
895 5574 929 5628 ab
977 5573 1114 5643 jacentiis,
1135 5588 1183 5629 seu
1197 5582 1226 5628 et
1241 5574 1315 5629 omni
1327 5588 1356 5628 re
1369 5574 1551 5644 superposita,
1571 5575 1683 5647 campis,
1710 5590 1772 5646 pra·

135 5652 260 5735 omnibus
273 5655 405 5714 doluisset
419 5657 564 5730 obsequiis,
579 5672 627 5713 seu
650 5675 665 5714 a
683 5662 788 5717 cunctis
801 5663 930 5733 operibus
980 5665 1025 5731 tis,
1053 5664 1147 5728 silvis,
1169 5663 1319 5735 pomiferis,
1345 5666 1474 5737 pascuis,
1498 5667 1667 5735 accessibus,
1692 5667 1771 5737 aquis
