3832 6120
151 284 219 340 ron
509 234 515 243 ’
698 276 895 335 matonam
914 271 1192 335 eectnsmsrmt.
1319 336 1323 343 ,
1710 289 1776 346 sais

148 407 251 454 nostrae
266 397 444 451 immunitatis
458 405 621 466 pracceptum
644 397 716 451 circa
735 396 822 464 ipsum
844 407 938 449 mona·
951 386 977 447 A
988 391 1101 460 Christi,
1112 394 1274 461 ludovicus,
1284 396 1373 452 diuina
1388 399 1529 456 ordinante
1538 404 1776 473 prouidentiaim·

147 491 260 547 sterium
273 488 331 543 fieri
345 503 528 543 censeremus.
554 487 672 554 Quorum
686 486 809 556 petitioni
822 485 936 540 libenter
987 493 1096 554 perator
1107 483 1254 557 Augustus.

146 594 287 637 assensum
306 578 469 649 prebuimus
488 583 517 632 et
536 585 636 632 nostrae
648 574 819 632 auctoritatis
838 590 938 645 praece·
1022 573 1278 645 competitionibus
1293 591 1432 635 serrorum
1447 579 1495 634 lici
1513 581 1595 653 justis
1612 594 1640 640 et
1653 589 1773 644 rationa-

144 681 222 742 ptum
243 685 308 740 erga
331 671 420 740 ipsum
444 669 639 724 monasterium
663 667 842 723 immunitatis
856 675 937 736 atque
984 663 1084 721 bilibus
1100 665 1185 722 diuini
1205 667 1293 723 cultus
1307 682 1398 723 amore
1411 668 1543 735 favemus,
1558 675 1665 742 superni
1681 693 1778 755 muno:

144 761 270 820 tuitionis
289 762 376 833 gratia
398 776 448 831 pro
461 760 545 817 divini
571 760 660 816 cultus
682 775 775 816 amore
787 768 816 816 et
839 762 936 815 animae
985 756 1135 812 risduuum
1150 757 1227 813 nobis
1241 772 1257 812 a
1270 759 1386 814 liomino
1399 760 1530 830 impertiri
1553 763 1698 821 credimus.
1725 766 1776 838 lgi-

143 860 246 909 uostrae
259 853 380 907 remedio
403 851 462 907 fleri
484 851 670 916 decrevimns;
696 865 746 921 per
758 851 830 921 quod
842 851 936 920 praeci-
985 853 1030 902 tur
1041 855 1135 903 notum
1146 849 1182 904 sit
1193 847 1318 905 omnious
1331 849 1454 907 fidelibus·
1469 861 1571 909 sancte
1583 856 1632 910 liei
1648 857 1777 915 Ecclesim

143 942 234 1013 pimrm
254 950 335 1014 atque
351 941 478 1011 jubemus
489 950 520 996 ut
531 941 620 996 nullus
631 940 713 1019 judex
729 941 861 1011 publicus,
885 956 936 997 nec
984 952 1017 993 ac
1040 937 1163 1003 nostris,
1189 939 1368 1009 presentibus
1389 940 1493 997 scilicet
1516 949 1544 998 et
1569 943 1688 1012 futuris,
1712 949 1776 1017 qnia

143 1031 271 1102 quislibet
283 1047 317 1087 ex
328 1031 471 1101 judiciaria
484 1038 630 1101 potestate,
646 1040 695 1095 aut
711 1031 782 1087 nllus
795 1046 830 1087 cx
849 1031 935 1088 fideli·
983 1027 1073 1084 llamo
1086 1027 1155 1084 abba
1168 1042 1202 1083 ex
1215 1041 1228 1070 ⁸
1243 1031 1408 1086 monasterio
1423 1041 1578 1088 sanctornm
1592 1037 1776 1104 apostolorum

143 1122 195 1180 bus
216 1122 338 1188 nostris,
357 1129 412 1176 tam
435 1121 617 1192 presentibus
629 1136 712 1193 quam
733 1131 762 1178 et
776 1121 884 1188 futuris,
904 1122 932 1176 in
983 1118 1055 1174 Petri
1068 1128 1097 1175 et
1111 1118 1200 1184 Pauli,
1219 1120 1291 1190 quod
1305 1128 1348 1176 est
1361 1122 1443 1195 situm
1460 1123 1488 1178 in
1506 1124 1573 1181 silua
1590 1142 1650 1197 quae
1662 1138 1777 1184 uocatur

142 1210 272 1268 ecclesias
285 1220 333 1267 ant
350 1211 410 1267 loca
420 1210 464 1268 uel
475 1226 574 1283 agros,
591 1226 638 1267 scu
654 1213 772 1282 reliquas
785 1214 934 1283 possessio-
983 1210 1091 1276 Dcrvo,
1114 1210 1160 1265 ubi
1176 1209 1273 1266 fluvius
1288 1210 1438 1267 alsmantia
1457 1214 1608 1285 ingreditur
1622 1219 1649 1273 in
1664 1219 1774 1290 ligera,

141 1316 206 1370 nes,
225 1316 294 1374 quas
311 1304 441 1359 moderno
453 1309 574 1374 tempore
587 1305 614 1359 in
638 1303 804 1373 quibuslibet
815 1305 893 1375 pagis
905 1313 932 1360 et
982 1299 1010 1354 in
1022 1314 1092 1371 pago
1105 1299 1252 1366 pertense,
1272 1302 1391 1357 ostendit
1408 1302 1486 1359 nobis
1509 1305 1706 1362 immunitatem
1731 1311 1775 1364 avi
1828 1296 1834 1311 ⁴

141 1393 285 1448 territuriis
302 1390 372 1447 infra
384 1393 515 1448 ditionem
536 1393 643 1463 imperii
656 1392 742 1449 nostri
759 1394 834 1464 juste
847 1409 880 1449 ac
896 1395 933 1451 le-
981 1391 1068 1446 nostri
1082 1390 1188 1461 Pippini
1204 1391 1295 1463 regis,
1318 1392 1344 1446 iu
1359 1406 1411 1462 qua
1426 1403 1486 1449 erat
1507 1395 1638 1453 insertum
1658 1399 1775 1469 qualiter

140 1483 237 1557 galiter
249 1483 379 1554 possidet,
398 1482 443 1538 rei
454 1498 486 1538 ea
499 1498 560 1553 quae
571 1483 699 1553 deinceps
722 1483 751 1538 in
769 1483 833 1553 jure
846 1483 931 1554 ipsius
981 1479 1040 1551 ipse
1053 1488 1081 1535 et
1094 1487 1282 1537 antecessores
1302 1482 1382 1553 ejus,
1408 1499 1486 1556 reges
1508 1485 1634 1543 uidelicet
1658 1488 1777 1545 Franco·

140 1573 228 1629 sancti
242 1572 293 1628 loci
307 1579 354 1627 aut
376 1587 429 1642 per
439 1587 489 1628 nos
505 1582 552 1627 ant
565 1587 615 1642 per
628 1573 696 1629 alius
713 1573 829 1628 uoluerit
840 1572 931 1628 diuina
981 1584 1058 1636 rum,
1085 1569 1174 1642 ipsum
1197 1573 1393 1626 monasterium
1416 1588 1525 1644 semper
1541 1579 1592 1633 sub
1615 1578 1772 1648 plenissima

140 1664 227 1736 pietas
249 1664 352 1735 augeri,
378 1664 410 1719 ad
426 1678 524 1719 causas
544 1664 708 1731 audiendas,
732 1664 775 1720 uel
794 1663 870 1721 freda
884 1672 931 1720 aut
980 1657 1137 1715 defensione
1157 1666 1185 1715 et
1205 1660 1386 1718 immunitatis
1408 1665 1524 1721 tuitione
1548 1666 1714 1725 habuissent.
1735 1670 1775 1726 lib

140 1756 241 1814 tributa
253 1756 396 1827 exigenda,
411 1763 459 1810 aut
472 1755 627 1811 mansiones
645 1755 688 1811 uel
701 1764 811 1826 paratas
829 1755 930 1811 facien-
944 1744 967 1804 B
981 1749 1136 1806 firmitatem
1166 1759 1256 1806 tamen
1288 1753 1328 1807 rei
1352 1754 1499 1823 postulauit
1525 1758 1604 1815 nobis
1629 1761 1775 1828 predictus

139 1849 201 1913 das,
216 1855 265 1904 aut
281 1846 454 1917 fidejussores
478 1845 624 1911 tollendos,
644 1855 691 1900 aut
712 1845 834 1902 homines
847 1845 932 1916 ipsius
981 1839 1081 1907 llantu,
1103 1848 1134 1896 nt
1148 1841 1272 1897 eamdem
1294 1844 1483 1899 auctoritatem
1497 1846 1532 1902 ob
1547 1862 1667 1905 amorem
1682 1851 1731 1907 liei
1746 1862 1776 1908 ct

139 1937 307 2005 monasterii,
322 1945 380 1993 tam
390 1937 521 2009 ingenuos
534 1951 618 2008 quam
627 1943 655 1992 et
666 1951 770 2002 seruos,
784 1951 865 2007 super
878 1945 932 1993 ter·
980 1931 1160 1987 reuerentiam
1182 1931 1267 2003 ipsius
1288 1934 1375 2013 sancti
1393 1934 1463 2002 loci,
1486 1946 1579 1993 nostra
1600 1940 1775 1999 confirmare·

139 2046 198 2086 ram
220 2031 303 2102 ipsius
322 2037 525 2085 commanentes
546 2028 761 2099 distringendos,
788 2043 840 2084 nec
861 2027 930 2083 ullas
980 2036 1041 2079 mns
1061 2023 1232 2079 auctoritate.
1260 2023 1344 2096 Cujus
1366 2027 1492 2095 petitioni
1508 2029 1624 2087 libenter
1638 2035 1775 2113 acquievi-

139 2112 332 2177 redhibitiones
357 2127 404 2175 aut
427 2119 537 2175 illicitas
559 2120 718 2174 occasiones
742 2118 928 2188 requirendas,
980 2128 1041 2170 mus
1067 2122 1095 2170 et
1120 2115 1172 2169 boc
1193 2125 1357 2185 preceptum
1381 2118 1550 2175 auctoritatis
1574 2130 1674 2178 nostrae
1699 2125 1774 2182 circa

139 2214 239 2269 nostris
249 2227 299 2268 nec
313 2210 411 2266 futuris
421 2210 587 2279 temporibus
599 2208 702 2279 ingredi
712 2210 822 2274 audeat,
834 2223 885 2264 nec
897 2223 929 2263 ea
980 2205 1068 2276 ipsum
1091 2212 1216 2260 sananim
1238 2205 1327 2262 locum
1348 2207 1405 2262 lieri
1426 2210 1615 2279 decrevimus,
1639 2230 1689 2284 per
1701 2220 1773 2287 quod

87 2317 88 2321 ’
137 2318 197 2374 quar
212 2317 294 2371 supra
313 2306 461 2356 memorata
480 2307 553 2364 sunt,
577 2299 686 2368 penitus
706 2299 816 2367 exigere
828 2312 931 2367 praesu-
975 2293 1103 2363 iubemus
1112 2303 1194 2364 atque
1205 2297 1378 2367 precipimus
1390 2307 1421 2353 ut
1437 2315 1518 2355 nemo
1530 2301 1649 2358 fidelium
1664 2316 1773 2363 nostro·

138 2399 205 2448 mat.
231 2389 366 2459 Quidquid
379 2389 462 2445 etiam
485 2388 518 2444 de
531 2385 651 2457 prefatis
666 2387 747 2442 rebus
768 2386 928 2442 monasterii
980 2398 1052 2450 rum,
1076 2383 1119 2439 uel
1132 2383 1261 2454 quislibet
1279 2401 1313 2441 cx
1330 2385 1475 2455 judiciaria
1490 2397 1624 2458 potestate
1645 2393 1673 2447 in
1687 2395 1774 2451 eccle-

137 2482 221 2539 flscus
232 2481 341 2553 exigere
352 2487 467 2552 poterat,
483 2481 512 2535 in
527 2479 662 2551 integrum
674 2494 724 2551 pro
737 2488 838 2534 eterna
853 2480 930 2535 ratri·
979 2473 1035 2530 sias
1056 2482 1104 2528 aut
1117 2471 1177 2529 loca
1197 2474 1240 2531 uel
1255 2491 1354 2546 agros,
1381 2493 1429 2532 seu
1451 2477 1569 2551 reliquas
1589 2485 1775 2552 possessiones

137 2571 248 2629 butionc
269 2573 358 2629 eidem
379 2572 555 2628 concedimus
579 2572 761 2637 monasterio;
781 2571 886 2627 scilicet
901 2580 930 2628 ut
979 2563 1102 2635 bwdicti
1115 2565 1291 2631 monasterii.
1307 2581 1374 2635 quas
1385 2567 1516 2625 moderno
1529 2578 1650 2642 tempore
1661 2572 1734 2644 juste
1747 2589 1775 2634 ct

136 2663 301 2735 perennibus
326 2663 492 2733 temporibus
513 2662 541 2716 in
563 2661 718 2717 alimoniam
733 2675 881 2732 pauperum
903 2671 930 2719 et
979 2659 1175 2717 rationabiliter
1199 2661 1328 2733 possidet,
1344 2662 1387 2717 sel
1407 2678 1440 2719 ea
1458 2680 1519 2734 qum
1537 2665 1665 2740 deinceps
1689 2671 1715 2727 in
1729 2674 1774 2744 jus

136 2754 269 2825 stipendia
282 2752 476 2809 monachorum
490 2751 589 2809 ibidem
602 2752 657 2808 lico
668 2752 857 2808 famulantium
868 2768 929 2824 pro·
979 2749 1065 2820 ipsius
1086 2751 1244 2806 monasterii
1266 2750 1382 2807 soluerit
1403 2753 1496 2809 diuina
1508 2756 1595 2825 pietas
1609 2761 1713 2831 augeri,
1739 2764 1772 2817 ad

137 2844 211 2898 ficiat
222 2843 250 2898 in
264 2849 448 2913 augmentum.
472 2841 507 2896 Et
527 2841 634 2913 quando
649 2841 758 2912 quidem
779 2843 870 2899 divina
882 2861 929 2900 uo-
979 2857 1076 2899 causas
1089 2842 1247 2908 audiendas,
1272 2843 1318 2898 uel
1336 2844 1411 2899 freda
1429 2847 1576 2918 erigenda,
1591 2857 1639 2905 aut
1652 2854 1772 2910 mansio-

136 2936 244 2991 catione
265 2934 435 3006 supradictus
448 2932 551 2998 abbas,
576 2933 620 2988 rel
634 2948 807 2991 successores
823 2935 882 3007 ejus
895 2936 928 2993 de
978 2948 1028 2990 nes
1039 2933 1080 2990 uel
1092 2941 1202 3005 paratas
1214 2933 1362 3001 faciendas,
1378 2942 1425 2990 aut
1439 2935 1612 3009 fidejussores
1626 2940 1770 3012 tollendos,

136 3026 188 3082 bae
199 3026 259 3082 hsce
275 3026 463 3097 migraverint,
482 3025 607 3097 quandin
615 3025 667 3096 ipsi
680 3027 805 3083 monachi
818 3027 927 3085 interce
979 3034 1026 3080 aut
1037 3026 1161 3081 homines
1175 3025 1296 3096 ejusdem
1311 3027 1468 3082 monasterii
1489 3027 1590 3097 iniuste
1608 3031 1773 3105 distringen-

137 3116 203 3172 tales
225 3115 347 3170 invenire
370 3122 499 3186 poterunt
513 3116 560 3187 qui
583 3116 670 3185 ipsam
691 3119 926 3188 congregationem
940 3096 962 3160 C
977 3115 1038 3182 dos,
1058 3130 1110 3170 nec
1123 3114 1191 3170 ullas
1205 3114 1400 3171 redhibitiones
1420 3125 1466 3172 ant
1482 3118 1591 3176 illicitas
1615 3124 1773 3185 occasiones

136 3208 415 3280 secundumregulam
430 3209 516 3266 sancti
538 3209 678 3266 benedicti
700 3224 795 3283 regere
808 3209 925 3279 valeant,
979 3206 1176 3278 requirendas,
1196 3207 1340 3262 nostriset
1360 3205 1458 3263 futuris
1480 3211 1647 3280 temporibus
1668 3214 1774 3286 ingredi

135 3314 184 3370 per
198 3301 268 3356 hanc
280 3307 401 3357 nostram
413 3300 603 3356 anctoritatem
623 3309 652 3356 et
668 3314 830 3356 consensum
844 3299 929 3356 licen·
978 3297 1093 3364 audeat,
1116 3297 1159 3353 uel
1173 3311 1205 3353 ea
1219 3311 1280 3369 quae
1293 3312 1375 3368 supra
1395 3308 1544 3355 memorata
1558 3312 1640 3371 sunt,
1664 3307 1773 3377 penitus

136 3393 202 3446 tiam
214 3391 328 3461 eligendi
349 3392 461 3447 abbates
482 3391 674 3458 concedimus3
704 3400 838 3462 quatenus
860 3391 927 3461 ipsis
977 3387 1089 3461 exigere
1100 3394 1257 3459 praesumat.
1274 3386 1328 3444 Sed
1339 3388 1421 3445 liceat
1440 3400 1592 3448 memorato
1604 3393 1694 3450 abbati
1705 3397 1773 3455 suis·

135 3482 276 3541 monacbis
294 3482 340 3553 qui
356 3481 455 3538 ibidem
479 3481 536 3537 beo
557 3481 683 3561 farpulari
701 3481 847 3549 uidentur,
863 3496 926 3538 cum
978 3492 1031 3551 qne
1044 3480 1247 3536 successoribus
1270 3494 1315 3535 res
1332 3479 1453 3551 predicti
1475 3484 1635 3538 monasterii
1655 3487 1705 3542 sub
1718 3487 1771 3542 im-

134 3573 216 3630 renus
228 3573 275 3629 uel·
291 3573 446 3630 bominibus
456 3571 545 3628 cidem
554 3574 720 3630 monasterio
733 3572 927 3644 aspicientibus
978 3568 1120 3625 munitatis
1130 3578 1230 3625 nostrae
1240 3567 1397 3624 defensione
1409 3570 1502 3639 quicto
1513 3573 1608 3627 ordine
1621 3575 1769 3643 possidere.

134 3666 402 3742 valpertinentibns,
423 3665 475 3720 sub
487 3664 610 3721 tuitionis
621 3664 664 3720 uel
684 3665 863 3721 immunitatis
877 3678 927 3720 no-
978 3657 1013 3714 itt
1023 3658 1153 3728 quidquid
1165 3659 1262 3715 exinde
1280 3657 1327 3728 jus
1340 3659 1398 3714 fisci
1411 3660 1521 3731 exigere
1534 3672 1659 3731 poterat,
1684 3674 1771 3723 totum

134 3765 198 3815 strae
214 3755 389 3821 defensione,
408 3762 511 3812 remota
525 3754 607 3810 totius
621 3755 721 3826 iniquae
733 3755 875 3825 potestatis
886 3754 928 3809 in·
978 3762 1028 3804 nos
1048 3763 1098 3820 pro
1122 3755 1222 3803 aeterna
1239 3748 1459 3804 remuneratione
1475 3749 1589 3821 praefato
1603 3757 1768 3813 monasterio

134 3849 306 3925 quietudine,
321 3849 414 3919 quieto
426 3849 521 3905 ordine
534 3847 673 3918 possidere
683 3854 712 3902 et
722 3862 773 3919 pro
785 3847 928 3904 incolumi·
978 3835 1161 3900 wilwimus,
1187 3842 1219 3889 ¹¹²
1229 3834 1257 3889 in
1272 3833 1401 3889 ²¹i¹¹t⁰¹¹i²
1415 3849 1565 3907 ltullffflm
1588 3846 1615 3896 ⁰⁸
1637 3841 1770 3912 “itendit

133 3947 190 3996 tate
209 3947 310 3997 nostrae
323 3939 445 4012 conjugis
457 3947 485 3996 et
496 3938 597 4010 prolis,
620 3938 766 3995 sedetiam
781 3939 863 3995 totius
877 3937 928 4014 im·
977 3940 1117 3983 wiotum
1132 3925 1231 3982 ibidem
1245 3926 1301 3982 ⁰0⁰
1324 3923 1513 3982 famulantium
1527 3929 1650 4000 proficiat
1671 3947 1769 4002 peren-

133 4033 203 4104 perii
224 4032 404 4089 abeonobis
424 4031 514 4088 collati
533 4029 633 4102 eteius
655 4029 866 4089 clementissima
879 4031 929 4089 mi-
977 4017 1059 4076 ΝΜ
1080 4016 1246 4087 ῑθωΡθῐῑῧΰὸ
1268 4017 1298 4072 Ῑῐῑ
1319 4025 1513 4088 aull¹¹¹0¹¹²¹¹¹¹h
1541 4029 1674 4090 quatenus
1696 4025 1770 4094 ¹⁰⁸⁰ss

134 4123 271 4178 secatione
290 4129 421 4194 pcrpctno
433 4120 623 4188 conservandi,
635 4119 684 4176 liei
704 4135 753 4191 per
766 4121 927 4179 immensam
979 4124 1073 4169 witot
1094 4111 1142 4167 ⁰⁸1
1157 4110 1208 4181 qui·
1226 4108 1327 4167 ibidem
1342 4110 1399 4167 ⁰00
1418 4108 1599 4181 famulantur,
1622 4130 1672 4185 bro
1691 4117 1769 4174 nobis

133 4211 307 4271 clementiam
327 4211 430 4285 fugiter
453 4227 568 4269 exorare
594 4211 720 4285 delectet.
750 4210 827 4269 lianc
845 4212 928 4285 igitur
978 4203 1132 4277 etwtdttsse
1147 4203 1281 4274 proleque
1289 4212 1393 4268 nostra.
1417 4212 1449 4259 tt
1457 4205 1507 4276 pto
1523 4206 1671 4265 stabilitate
1685 4209 1769 4269 totius

134 4304 342 4370 anctoritatem,
364 4312 395 4359 nt
408 4303 557 4375 pleniorem
583 4303 611 4359 in
626 4303 682 4361 beo
697 4302 822 4360 obtinere
838 4303 927 4359 valeat
979 4295 1085 4367 imperii
1103 4295 1188 4351 ²⁰0⁰
1201 4295 1280 4351 ”tiit
1293 4295 1383 4351 ⁰⁰¹l²tli
1402 4297 1445 4353 tei
1463 4301 1651 4367 0⁰ss⁸0tt³11dia
1666 4300 1769 4373 jugiter

133 4394 266 4468 uigorem,
287 4402 316 4450 et
329 4393 479 4450 assdelibus
492 4401 593 4450 sanctae
608 4392 737 4451 Ecclesiae
755 4401 783 4449 et
797 4409 812 4449 a
825 4393 966 4501 nostr-ian
980 4386 1086 4443 Domini
1100 4386 1313 4443 misericordiam
1326 4399 1440 4444 exorare
1465 4388 1590 4446 delectet.
1614 4392 1649 4447 Et
1664 4403 1695 4447 ut
1709 4394 1768 4450 baec

133 4484 298 4553 roboretur,
320 4492 348 4541 et
364 4485 456 4540 verius
475 4483 618 4551 credatur,
638 4491 666 4539 et
682 4482 839 4557 diligentius
862 4499 927 4540 mn·
978 4477 1148 4542 auctoritas.
1172 4475 1287 4533 Domino
1311 4484 1487 4546 protegente,
1503 4478 1592 4533 ualeat
1609 4480 1767 4538 inconuulsa

134 4582 269 4640 seruetur,
285 4589 367 4629 manu
377 4573 488 4644 propria
500 4574 778 4643 subterfirmavimus,
793 4583 822 4633 et
832 4575 926 4632 annuli
978 4583 1099 4634 manere,
1115 4584 1196 4624 manu
1210 4569 1320 4639 propria
1338 4567 1611 4637 subterfirmavimus,
1632 4579 1661 4626 ct
1675 4573 1767 4634 annuli

134 4666 225 4736 nostri,
235 4665 411 4737 impressione
424 4665 523 4737 signari
533 4663 676 4733 jussimus.
977 4659 1063 4717 nostri
1078 4660 1257 4729 impressione
1267 4658 1368 4730 signari
1379 4657 1519 4728 jussimus.

170 4756 283 4829 Signum
296 4755 424 4812 Ludouici
438 4756 604 4813 serenissimi
617 4757 797 4827 imperaturis.
1013 4750 1126 4821 Signum
1140 4750 1269 4806 ludovici
1284 4749 1399 4820 piissimi
1410 4750 1591 4821 imperatoris.

171 4847 328 4905 ilelisacnar
340 4847 494 4919 recognovi.
1014 4841 1158 4897 librandus
1185 4840 1314 4896 diaconus
1335 4840 1369 4896 ad
1392 4840 1479 4897 ricem
1506 4841 1665 4900 llelisachar
1690 4857 1766 4900 reco-

171 4942 240 4997 llata
253 4958 273 4997 n
285 4940 348 4997 ldus
359 4940 452 5006 Febr,
463 4954 544 5005 anno,
559 4938 668 4995 Christo
684 4939 810 5013 prppitio,
826 4940 856 4995 ll
873 4942 923 4996 im-
977 4932 1080 5004 stitivit·
1849 4995 1852 5001 ,
1887 4984 1895 5003 ,

135 5033 205 5107 perri
219 5034 319 5091 domini
333 5031 430 5098 nestri,
443 5031 590 5088 indictione
603 5032 631 5087 8.
648 5031 746 5087 Actum
759 5031 922 5105 Aquisgrani
1010 5023 1078 5078 ⁰²1³
1091 5038 1111 5078 ¹¹
1130 5022 1189 5077 llal.
1205 5021 1395 5089 Matidiam,
1407 5020 1517 5081 Christi>
1527 5023 1654 5095 propitio,
1667 5023 1696 5079 Η
1712 5024 1765 5080 im·

133 5126 235 5206 palatio
248 5124 323 5196 regio
334 5124 361 5179 in
373 5122 421 5179 bei
435 5122 543 5177 nomine
556 5119 682 5177 feliciter.
696 5121 792 5176 Amen.
976 5114 1047 5186 perii
1063 5114 1155 5170 domni
1179 5113 1308 5171 Lndouici
1330 5114 1444 5184 piissimi
1469 5113 1594 5187 Augusti,
1621 5115 1767 5171 indictione

483 5211 578 5267 xxix.
977 5205 1005 5260 8.
1019 5203 1117 5261 Actum
1131 5203 1292 5274 aquisgrani
1314 5205 1414 5276 palatio
1435 5204 1510 5276 regio
1534 5204 1562 5260 iu
1584 5203 1632 5261 bet
1655 5205 1768 5263 nominc

338 5296 720 5339 rnorrouusrsnronunuensr.
978 5294 1100 5351 feliciter.
1116 5294 1211 5351 Amen.

435 5352 521 5422 (dono
533 5349 610 5422 815.)

137 5427 226 5502 [Apud
249 5428 280 5483 b.
303 5426 434 5494 bouquet.
459 5421 534 5486 ibid,
552 5435 613 5491 pag.
629 5421 691 5487 tto,
714 5438 746 5478 ex
762 5420 928 5477 cirartufario

392 5490 474 5560 buius
487 5490 669 5562 monasterii]

172 5591 201 5646 ln
220 5590 329 5644 nominc
343 5583 450 5641 bantini
471 5581 519 5636 lici
535 5588 562 5635 ct
581 5579 730 5635 Sannoi-is
755 5579 840 5635 nostri
863 5578 925 5635 lesu
1022 5644 1031 5659 ·

176 5716 192 5749 ⁸
209 5699 291 5773 llulgu
324 5698 437 5754 ffoaticr
452 5691 572 5759 cit-fler,
606 5692 634 5746 in
662 5691 771 5748 dioecesi
801 5688 1004 5747 Curtafauucnsi.
