3832 6120
150 264 200 320 tut
674 264 812 321 munti
832 260 1063 321 tsuhtttmtsts
1081 265 1125 321 tte
1137 264 1234 322 SCDl‘l
1622 288 1628 299 ·
1721 263 1781 321 Μ

152 384 260 438 vidnrnta
276 400 284 436 ε
302 379 375 453 stis.
391 378 435 451 ill
449 374 636 447 moslnpartu
656 385 762 432 mortua
776 376 863 448 estis.
878 374 936 448 66),
951 380 975 441 Α
989 377 1023 452 (s.
1042 377 1085 449 66)
1101 393 1215 450 quarum
1239 378 1311 434 lallos
1324 376 1481 435 thuscum
1496 374 1624 447 deselst
1644 378 1778 450 ssslplu

151 478 262 541 propter
270 464 391 523 eamdem
400 464 640 536 perturbationem.
648 463 725 532 Quod
735 463 938 536 esldentlslssno
988 474 1040 523 est.
1065 467 1101 537 (s.
1114 467 1159 538 li)
1174 467 1251 521 lines
1260 476 1345 521 000000
1357 468 1385 521 in
1396 466 1525 523 dirsetsss
1537 483 1625 524 sasso
1637 483 1687 540 psr
1695 467 1779 535 sisu,

151 552 939 630 praellpnmtumcst,postesstinctumsacerdntinmludsae
986 573 1046 629 pse
1059 558 1132 613 decit
1149 559 1319 614 Dementes:
1333 575 1385 614 sse
1397 560 1699 633 insere-pradictum
1719 574 1781 633 μ

152 664 222 713 rum,
236 647 372 703 ramalem
387 648 523 704 interiisse
536 645 708 720 synagogam
734 647 773 703 illi
794 645 940 703 carnaliter
988 658 1085 719 pentes,
1106 658 1131 703 et
1151 648 1304 719 mupientes,
1331 658 1356 703 et
1376 665 1429 704 non
1450 649 1619 706 declinabant
1637 668 1723 723 sepse
1743 654 1781 709 sd

152 739 346 804 adherentem,
364 747 553 811 prostratoque
576 737 634 794 lleli
660 739 695 794 de
711 738 788 803 sella,
807 749 820 779 ¹
836 736 941 808 pontill-
988 736 1133 804 denserent,
1148 753 1230 808 nense
1243 736 1278 791 nd
1287 737 1432 792 orbarum.
1448 748 1460 776 ο
1477 755 1488 789 s
1504 737 1574 806 Quid
1584 739 1780 810 intumuere,

61 840 66 845 ·
151 845 199 884 ees
223 826 377 884 ludaeorum
399 831 491 886 sedem
505 831 622 886 habuere
638 844 763 895 sacuam,
776 837 805 884 et
827 828 940 901 gloriam
989 827 1039 882 nisi
1050 826 1142 883 ildeles
1154 842 1275 897 quosque
1288 827 1315 881 in
1327 825 1471 883 Ecclesiatl
1485 827 1707 900 0630660006,οΜ
1715 829 1781 886 dans

98 973 108 992 ,
152 919 306 984 sacerdotii,
323 919 451 990 regnique
467 920 638 975 exstinctam.
989 918 1060 973 sacri
1085 917 1184 988 eloquii
1200 925 1332 990 praecepta
1348 916 1533 982 considerant,
1550 919 1628 988 quasi
1646 921 1783 990 superiu-
1815 944 1822 949 ·

188 1008 264 1082 (Cap.
280 1009 376 1064 sna
396 1009 501 1081 etseq.)
524 1026 534 1061 s
562 1007 614 1064 Sed
630 1009 694 1079 quid
716 1017 768 1075 est,
789 1007 940 1080 quoddum
973 1010 1105 1079 'positam
1115 1008 1222 1064 Domini
1248 1023 1339 1064 arcam
1351 1008 1633 1079 portantidequibns
1658 1009 1711 1065 hnc
1739 1017 1783 1065 est

152 1100 307 1170 posuissent
320 1098 466 1154 Philistiim
479 1115 569 1155 arcam
585 1099 691 1155 Domini
709 1099 736 1154 in
749 1099 942 1171 00000606)ος0-
989 1082 1071 1157 etiam
1094 1100 1258 1165 notandum,
1282 1099 1353 1168 quod
1374 1098 1459 1154 luisse
1483 1097 1546 1154 lete
1567 1108 1779 1155 memorantur:

153 1191 195 1247 nis
205 1190 253 1246 Dei
263 1191 316 1255 sui,
329 1190 497 1245 intraverunt
508 1189 647 1261 teutplum,
656 1191 941 1246 etinteneruntDeutn
990 1192 1053 1262 quia
1065 1190 1270 1261 conspicuous,
1283 1189 1369 1260 quiin
1382 1191 1425 1245 tia
1440 1190 1486 1245 Dei
1503 1190 1668 1247 intrinsecus
1688 1192 1779 1261 positi,

152 1298 231 1338 suum
243 1290 418 1352 prostratum,
430 1280 698 1352 atqueconlractum,
710 1282 939 1354 caputremeius,
991 1281 1058 1337 ioris
1067 1282 1221 1337 causalibus
1239 1281 1380 1337 allectibus
1401 1281 1540 1352 ligantur:
1554 1281 1606 1338 sed
1622 1296 1679 1337 non
1699 1280 1783 1338 deull-

153 1371 272 1443 duasque
285 1387 381 1427 manus
394 1371 544 1428 abscissas?
556 1371 654 1427 Statim
667 1373 738 1428 enim
749 1382 779 1427 ut
793 1381 939 1428 testamen·
991 1380 1083 1426 nanta
1095 1379 1172 1426 recto
1183 1371 1279 1426 itinere
1294 1381 1306 1411 ·
1321 1371 1367 1441 qui
1380 1385 1472 1427 aream
1487 1371 1534 1427 Dei
1547 1380 1659 1441 portam
1669 1372 1697 1427 in
1708 1387 1784 1427 men-

155 1473 210 1518 tum
223 1462 329 1518 Domini
342 1461 504 1533 perrenitin
519 1462 659 1535 (pentibus)
675 1471 779 1535 pentes,
799 1462 941 1520 confestim
992 1470 1028 1517 te.
1042 1462 1112 1517 Ecce
1126 1461 1199 1516 enim
1214 1477 1303 1517 sacam
1312 1461 1465 1518 Bethsamis
1483 1472 1607 1534 pergunt.
1629 1461 1783 1519 Bethsatals

154 1550 237 1616 idola,
252 1566 312 1620 quse
328 1552 469 1621 deceptum
482 1550 658 1622 prominebant
681 1554 786 1620 oriem,
806 1553 942 1609 destructa
991 1551 1090 1623 quippe
1100 1551 1199 1606 dicitnr
1209 1550 1392 1607 Domeeselis.
1409 1552 1584 1623 Etprnplteta
1598 1553 1638 1607 ait
1652 1552 1780 1624 (lislsel.

155 1648 229 1705 sunt,
243 1641 384 1711 omnisque
397 1655 474 1697 error
485 1641 690 1697 simulacrorum
702 1643 813 1708 corruit,
824 1657 941 1713 presen-
992 1643 1020 1698 6.
1046 1644 1094 1716 2):
1114 1643 1193 1698 Velia
1207 1653 1304 1709 entem,
1321 1645 1368 1714 psi
1381 1645 1477 1699 timetis
1500 1645 1597 1713 Deum,
1615 1645 1721 1699 orietsr
1742 1644 1782 1699 sal

155 1732 222 1787 tiam
234 1731 281 1787 Dei
293 1730 364 1788 lerre
376 1748 430 1788 non
440 1733 585 1788 sustinens.
598 1732 665 1788 llam
676 1734 702 1788 iu
716 1734 840 1790 manibus
852 1736 943 1805 Dagon
957 1724 981 1784 B
990 1734 1112 1804 jssts'tioe.
1125 1732 1154 1789 Si
1166 1733 1248 1806 igitur
1258 1733 1292 1788 ad
1311 1733 1405 1789 aeterni
1426 1734 1490 1790 solis
1503 1734 1701 1791 habitationem
1724 1743 1784 1793 tett-

157 1823 288 1893 prtecisis
301 1838 369 1894 opus
379 1823 536 1879 idololatriae
547 1824 765 1894 lamputabatur.
778 1825 812 1880 Et
821 1825 943 1897 incapite
994 1825 1092 1888 dimus,
1114 1824 1224 1895 dignum
1236 1822 1359 1894 prolecto
1372 1830 1425 1889 cst,
1448 1833 1478 1879 ut
1492 1824 1526 1879 de
1540 1823 1589 1879 Dci
1611 1824 1713 1881 itinere
1733 1839 1783 1896 prs

155 1911 214 1979 ejus
227 1911 464 1983 superbiadiaholi
480 1913 598 1968 abscissa
618 1911 837 1986 (sionipicninter)
860 1915 944 1986 signi·
993 1913 1148 1970 carnalibus
1172 1913 1313 1970 affectibus
1336 1929 1390 1968 non
1417 1913 1591 1970 declinemus.
1621 1914 1690 1970 ‘lota
1711 1915 1783 1971 esi·

156 2006 264 2069 dentur,
280 2019 295 2058 a
308 2019 361 2073 qun
377 2003 483 2058 initium
494 2004 599 2073 peceati
612 2000 670 2058 luit.
683 2002 760 2070 Quod
776 2019 843 2060 rem
861 2005 889 2060 in
909 2005 943 2061 li·
993 2007 1092 2062 virtute
1102 2005 1268 2077 pensamum
1281 2014 1335 2071 est,
1348 2007 1420 2076 quod
1432 2021 1521 2062 vaccae
1532 2006 1580 2062 Dei
1590 2005 1784 2078 plasstrosttp·

156 2094 239 2161 ruine,
254 2103 396 2151 ntcertnm
406 2095 519 2160 scilicet,
533 2094 749 2166 praefinitumque
763 2111 818 2151 suat
834 2096 945 2153 6606010-
993 2097 1087 2170 positae
1095 2104 1220 2168 pergunt,
1234 2104 1262 2152 et
1283 2097 1348 2152 dant
1366 2096 1401 2151 ah
1424 2096 1526 2152 intimis
1543 2097 1678 2168 mugitus,
1692 2104 1724 2152 et
1740 2104 1782 2151 ts·

158 2187 217 2244 trite
228 2186 308 2242 duem
327 2185 485 2258 (senesceret
498 2195 675 2258 agnoscerent
687 2206 693 2242 :
705 2187 784 2244 limes
797 2189 868 2245 euim
878 2188 946 2245 dues
994 2203 1057 2244 men
1071 2188 1104 2243 de
1121 2187 1219 2242 itinere
1230 2201 1283 2242 uon
1302 2186 1465 2256 detorquent
1477 2173 1585 2256 pressus
1599 2203 1606 2238 ε
1625 2184 1636 2224 ¹
1662 2200 1783 2242 amorsts

157 2277 262 2333 itineris
281 2277 424 2350 significat.
436 2278 524 2333 Etiam
550 2277 615 2333 illud
632 2278 665 2334 ad
679 2294 803 2352 magnam
828 2279 946 2352 pertinet
994 2279 1104 2350 quidem
1118 2293 1167 2348 per
1183 2277 1398 2348 compassionem
1418 2277 1546 2331 sentiunt.
1566 2276 1622 2332 Sed
1645 2276 1717 2333 colla
1740 2291 1785 2348 ps·

157 2369 390 2445 significationem,
407 2371 434 2426 in
456 2370 514 2442 ipsu
528 2373 606 2427 ruina
619 2371 711 2442 Dagon
725 2371 774 2428 Dei
796 2374 848 2440 sul,
864 2382 947 2444 atque
996 2371 1096 2426 aterius
1117 2385 1171 2425 nnn
1186 2368 1342 2425 dellectunt.
1367 2368 1413 2423 Sic
1438 2369 1566 2423 nimirum
1590 2368 1785 2439 praedicatores

157 2461 287 2527 hactma,
303 2463 375 2534 quod
389 2461 577 2519 dorsumillius
589 2461 675 2519 solum
685 2463 855 2530 invenerunt,
869 2462 903 2537 (0.
917 2462 945 2535 6)
996 2463 1056 2528 6)οἰ,
1066 2463 1106 2519 sic
1119 2462 1212 2517 ildelcs
1223 2461 1323 2532 quique
1337 2461 1408 2515 intra
1424 2469 1546 2517 sanctam
1557 2460 1709 2517 Ecclesiam
1720 2476 1784 2531 aps·

157 2553 253 2610 tractis
261 2553 451 2624 ejusotnnibus
462 2552 591 2608 membris
604 2568 611 2607 :
626 2553 735 2610 dorsum
746 2553 846 2625 quippe
856 2552 946 2626 lupam
996 2570 1026 2612 re
1040 2554 1149 2621 debent,
1160 2562 1191 2609 ut
1201 2561 1230 2610 et
1245 2554 1446 2624 compatiantur
1459 2553 1590 2623 proximis
1605 2568 1657 2623 per
1666 2552 1784 2609 charita·

157 2645 300 2718 siguificat.
317 2644 476 2716 Quicunque
497 2645 569 2700 enim
583 2644 700 2716 lugiunt,
723 2646 947 2717 persequentibus
997 2657 1064 2714 tert,
1079 2654 1107 2702 et
1124 2653 1214 2701 tamen
1227 2645 1260 2700 de
1278 2645 1321 2700 via
1339 2644 1386 2702 Dei
1409 2660 1462 2701 non
1474 2645 1631 2700 exorbitent
1640 2660 1694 2715 per
1711 2659 1785 2702 oom-

157 2737 268 2792 dorsum
281 2730 945 2809 dant.Dndectscriptumestdehnstibusffsnl.
996 2735 1160 2807 passionem.
1192 2733 1264 2791 Arca
1294 2735 1394 2806 quippe
1427 2735 1596 2805 superposita
1629 2734 1786 2817 bethsames

157 2829 202 2886 2⁰.
222 2829 266 2903 65)
280 2849 287 2884 :
305 2833 429 2899 pilonium
443 2847 522 2902 pones
535 2848 579 2886 eos
593 2830 712 2885 dorsum.
730 2830 782 2886 Ubi
801 2830 873 2885 enim
885 2837 949 2886 sunt
997 2840 1109 2897 pergere
1129 2832 1182 2891 est,
1202 2840 1263 2880 cnm
1277 2825 1516 2896 supernaseientia
1532 2826 1566 2881 ad
1580 2825 1698 2882 interna
1719 2825 1785 2883 lusis

158 2919 248 2975 idola?
262 2920 410 2990 perierunt.
426 2920 460 2975 lit
482 2921 504 2976 si
521 2920 609 2990 aliqua
623 2929 772 2986 nernauent,
790 2920 824 2976 ab
848 2920 946 2991 alumi·
997 2915 1180 2973 babitaculum
1192 2915 1393 2986 propinquare:
1406 2915 1453 2971 sed
1468 2925 1531 2971 tunc
1550 2931 1614 2972 rere
1628 2915 1786 2973 bethsames

159 3012 209 3068 bus
225 3010 433 3075 absconduntur,
443 3019 470 3067 et
483 3010 615 3082 ingerunt.
631 3010 678 3085 (l'.
691 3011 707 3066 6
719 3021 743 3066 ct
755 3008 829 3066 Psoi.
842 3012 886 3066 li.
901 3009 946 3082 66)
998 3006 1144 3071 tendimus,
1158 3018 1220 3059 cum
1239 3005 1310 3058 siam
1325 3004 1494 3060 rectitudinis
1508 3005 1677 3076 gradientes,
1691 3006 1727 3063 ad
1747 3007 1784 3062 ri·

158 3103 236 3170 Qrtod
261 3110 350 3159 autem
364 3105 481 3172 percnssi
495 3112 556 3157 suunt
581 3104 607 3156 in
631 3103 775 3173 posteriore
795 3103 825 3169 ii,
841 3103 887 3172 quui
902 3087 984 3156 arr-C
1000 3099 1060 3155 cina
1072 3097 1172 3154 erroris
1184 3097 1279 3164 latera,
1294 3113 1345 3153 nec
1355 3113 1405 3170 pro
1420 3097 1518 3154 affectu
1535 3100 1680 3171 pignorum
1703 3102 1784 3159 decil-

159 3204 220 3244 cam
233 3189 282 3245 Dei
298 3191 509 3260 mptisavernnt.
529 3191 581 3245 hoc
597 3206 684 3260 poenm
698 3192 803 3263 signnm
820 3191 949 3246 ridetur:
1000 3209 1106 3249 namus.
1122 3192 1169 3248 Sic
1179 3193 1465 3261 namquesicnecesse
1477 3202 1528 3255 est.
1544 3202 1574 3248 ut
1590 3190 1718 3252 incedere
1738 3196 1784 3253 tls·

160 3280 236 3352 quia,
253 3280 339 3350 siqui
364 3281 534 3350 susceperint
556 3280 736 3352 (susceperunt
758 3299 767 3335 :
792 3280 950 3351 dilexerant)
1000 3283 1091 3346 mant,
1116 3283 1162 3352 qui
1190 3282 1341 3355 sacrilegiis
1363 3283 1495 3355 suppositi
1512 3282 1568 3352 jnm
1581 3299 1632 3355 per
1650 3284 1783 3343 internam

160 3378 361 3433 testamentum,
375 3377 403 3423 et
418 3368 641 3439 posterioremue
661 3369 813 3437 dilexerint,
837 3385 871 3425 es
886 3370 951 3442 ipsis
1000 3372 1151 3436 scientiam,
1168 3371 1271 3427 Domini
1281 3387 1372 3427 arcum
1383 3381 1500 3443 portam,
1513 3380 1649 3442 qnatenus
1663 3389 1716 3447 per
1736 3376 1784 3433 bos

159 3461 309 3532 junctissime
335 3461 624 3530 cruciandamque
647 3461 718 3517 sient
737 3461 883 3532 Apostolus
900 3463 949 3528 ait,
1000 3463 1073 3536 qrtod
1093 3463 1305 3535 propinquorum
1330 3463 1536 3519 necessitatibus
1557 3463 1726 3532 condoleat,
1745 3478 1783 3521 ac·

61 3602 64 3615 ,
162 3549 245 3621 (Phil.
257 3550 284 3607 s.
301 3551 328 3621 8)
341 3551 497 3607 existimare
510 3549 660 3606 debuerant
672 3552 739 3606 sicut
755 3553 951 3622 stercorosqui
1000 3562 1078 3623 cepto
1102 3553 1270 3611 rectitudinis
1296 3554 1393 3610 itinere
1416 3569 1469 3610 non
1493 3553 1641 3611 declinent.
1669 3554 1782 3624 000οι

160 3643 233 3697 enim
249 3643 289 3698 sie
299 3633 440 3698 assumunt
459 3649 650 3696 testamentum
664 3640 796 3709 ditinum,
807 3648 838 3695 nt
860 3650 951 3711 postc-
999 3644 1126 3699 nimirum
1145 3645 1230 3716 pratia
1243 3652 1361 3699 mentem
1375 3652 1495 3699 nnstmm
1517 3651 1611 3700 tenere
1630 3644 1722 3712 debet,
1740 3643 1781 3702 ssd

161 3731 234 3786 riora
259 3730 446 3803 respicientes,
474 3730 557 3785 reteri
572 3744 601 3784 se
625 3729 746 3784 sanitate
760 3745 815 3785 tion
838 3737 949 3797 exuant,
1000 3733 1138 3790 relleetcre
1159 3733 1316 3799 nnudebet,
1340 3747 1373 3787 ne
1389 3734 1446 3789 hacc
1459 3735 1554 3790 eadem
1578 3748 1669 3802 mens,
1695 3733 1781 3791 astsl

161 3821 264 3877 siniles
289 3829 353 3876 stunt
377 3820 501 3876 hostibus
527 3818 591 3885 illis,
610 3819 656 3888 qui
678 3834 771 3876 aream
796 3821 951 3876 testamenti
1000 3818 1161 3876 allectunon
1175 3820 1303 3892 tangitur,
1318 3821 1442 3888 durarit,
1454 3829 1596 3889 auttacta,
1618 3822 1691 3894 plus,
1709 3822 1780 3881 sib

163 3915 297 3985 captiuam
316 3911 395 3981 juxta
419 3911 489 3967 idola
502 3926 552 3967 sua
567 3919 724 3982 posuerunt.
745 3910 779 3967 Et
801 3911 871 3984 (illo)
897 3911 951 3968 alia
1000 3911 1125 3979 flectitur,
1142 3914 1291 3969 remissa.»

163 4007 272 4075 quidem
284 4013 376 4060 vetera
391 4003 474 4058 etiam
488 4002 644 4058 nolentibus
659 4002 781 4058 cadunt:
800 4002 863 4075 qnia
878 4001 948 4076 (las.
1037 4005 1051 4043 ⁸
1066 4000 1199 4059 Percussit
1213 4013 1301 4060 satem
1313 4004 1345 4059 de
1357 4005 1422 4059 siris
1438 4003 1657 4073 bethsamitibus,
1669 4022 1702 4062 ss
1720 4004 1780 4080 μί

163 4098 208 4153 66.
227 4097 253 4169 6)
269 4096 426 4151 0000600000
442 4095 541 4167 [enum.
556 4102 580 4147 et
597 4092 841 4160 clusiteslsonsisis,
860 4101 890 4148 st
902 4095 951 4165 pos
1000 4093 1124 4150 uidissent
1151 4110 1241 4149 srenm
1255 4093 1383 4149 Domini:
1397 4096 1627 4165 peresssitststess
1649 4096 1782 4171 depost·

164 4190 229 4261 seni,
247 4189 317 4243 orait
335 4188 432 4259 lesem,
454 4193 479 4239 et
499 4186 548 4255 pios
561 4184 657 4239 decidit
677 4192 872 4240 :armantem
899 4184 952 4241 Do-
1000 4186 1253 4257 septsapistnoiros,
1268 4195 1293 4242 st
1309 4187 1499 4259 psinqsepists
1512 4187 1598 4243 stillis
1607 4187 1702 4260 pletis.
1716 4188 1782 4245 its

164 4279 230 4336 mitti
243 4278 368 4332 nunctis
381 4285 526 4331 eternum:
540 4282 674 4331 secretum
688 4274 950 4331 scilicettestamen·
1000 4279 1088 4349 putus,
1113 4287 1141 4335 et
1156 4278 1232 4351 plebs
1243 4293 1293 4349 pro
1312 4293 1366 4343 nna
1392 4279 1541 4348 sudemque
1556 4293 1588 4334 re
1605 4278 1782 4337 indillerastts

164 4382 232 4436 trum,
262 4383 373 4439 mgnum
392 4366 535 4432 celorum,
559 4366 606 4422 ubi
628 4374 670 4422 est
693 4374 824 4422 aeteruum
846 4367 952 4423 serisso
1002 4371 1141 4442 accipitur.
1167 4369 1235 4424 liam
1256 4384 1290 4425 es
1311 4384 1364 4424 uno
1376 4368 1471 4424 Graeco
1489 4368 1561 4440 quud
1579 4375 1623 4424 est
1639 4370 1702 4433 >ade
1722 4366 1783 4425 sals

166 4462 223 4517 Dei.
247 4479 258 4516 s
369 4467 392 4511 tt
962 4427 990 4488 D
1002 4460 1307 4532 utrumquetranslersi.
1327 4461 1421 4517 Sedin
1434 4461 1487 4517 hoe
1495 4461 1783 4519 videturessedstas·

200 4549 238 4623 66.
255 4544 281 4604 6’.
296 4547 442 4620 stoicum
469 4561 534 4602 reso
557 4546 591 4602 dc
615 4555 688 4602 terra
716 4547 859 4604 Philistiim
887 4562 952 4604 arca
1002 4553 1134 4623 tia,quod
1148 4554 1176 4608 in
1196 4553 1285 4624 priore
1311 4561 1445 4608 commate
1459 4548 1586 4607 versiculi
1604 4552 1728 4608 addita·
1747 4554 1784 4607 ast

164 4642 271 4699 Domini
295 4641 330 4697 ad
355 4648 455 4695 terram
484 4638 667 4695 israelitarum
693 4638 802 4706 rediret,
827 4640 861 4712 (0.
888 4640 905 4694 'l
928 4630 966 4694 et¹
1001 4644 1081 4698 siros.
1107 4639 1182 4697 l'iros
1209 4642 1282 4697 enim
1310 4640 1427 4711 majores
1440 4650 1504 4696 nats
1526 4640 1676 4710 significat,
1697 4649 1729 4696 nt
1751 4640 1784 4695 sit

165 4732 278 4804 subseq.)
290 4731 410 4802 plaustro
420 4729 588 4799 superposita
610 4738 662 4794 est,
679 4738 707 4785 et
720 4745 810 4786 vacca
832 4730 952 4801 plaustro
1000 4745 1105 4796 sensus,
1121 4733 1185 4800 quia
1201 4730 1235 4786 de
1253 4731 1427 4801 optimatibus
1438 4729 1529 4800 populi
1541 4731 1717 4802 septuaginta
1728 4734 1784 4784 sunt

165 4826 313 4896 subiuncta
339 4831 420 4886 sunt,
453 4835 513 4891 qne
543 4820 603 4876 letae
633 4820 717 4877 luisse
744 4830 949 4892 memorantur;
1001 4819 1171 4892 percussi,de
1184 4820 1240 4889 ipsa
1252 4819 1329 4874 turba
1344 4818 1448 4890 culpmi
1460 4818 1585 4874 homines
1594 4816 1783 4889 quinquaginta

165 4981 256 5044 annis,
267 4974 422 5034 sacerdotes
443 4980 639 5056 recensentur:
656 4972 702 5026 sed
717 4972 788 5057 quod
806 4975 948 5043 superstite
1004 4984 1037 5060 ut
1059 4974 1193 5057 acerbis
1215 4973 1319 5030 Claudii
1346 4981 1471 5029 seccrntu
1493 4972 1590 5037 lector,
1614 4971 1723 5028 lineolis
1747 4969 1784 5025 dl·

165 5046 352 5107 tautummodo
372 5042 579 5128 lllloupuellulo.
598 5043 712 5124 ideoque
734 5051 837 5124 impote
860 5059 950 5126 sacer-
1004 5055 1097 5102 strnxr.
1133 5115 1138 5127 ⁸
1233 5114 1239 5128 Ι

165 5121 231 5178 dubi
244 5130 356 5175 munere
368 5113 453 5185 iungi,
473 5113 621 5167 sacerdotis
629 5122 720 5182 partes
734 5112 885 5182 impleverit
896 5112 947 5168 Sa-
1038 5114 1137 5169 lustu
1154 5127 1164 5166 .·
1184 5113 1334 5186 designent.

164 5189 247 5258 muel,
270 5186 318 5259 pul
333 5194 477 5258 propterea
500 5181 629 5237 solemnia
652 5180 784 5237 soeriieis
800 5181 881 5238 etiam
901 5183 949 5237 ob
1041 5183 1142 5239 eDiliti
1155 5197 1165 5236 .·
1179 5185 1245 5267 006.Ι
1498 5252 1506 5266 ¹
1616 5251 1624 5264 ι

166 5260 236 5316 tulit.
260 5257 271 5314 l
289 5257 356 5341 iles.
372 5256 398 5311 7.
412 5253 439 5311 6.
453 5252 496 5307 ll).
513 5252 540 5309 6.
553 5251 596 5306 ll.
613 5250 656 5305 66.
668 5249 695 5333 Ι9,
708 5258 760 5306 etc.
1013 5325 1019 5337 ο
1041 5254 1051 5295 ¹
1067 5254 1264 5337 subsequentia
1286 5326 1291 5338 Ι
1311 5254 1417 5310 rtlmett
1432 5252 1542 5334 bomslia
1562 5252 1598 5307 67
1615 5267 1644 5306 ru
1668 5250 1784 5321 Emp-

201 5326 601 5468 :ltllltutsstiiltzlt
615 5321 826 5473 iiiluna.
841 5391 947 5448 nn...
1001 5324 1245 5464 66066606
1263 5316 1784 5461 6666066666.ὲὲΕὲ

201 5466 465 5547 ‘llaecomniaqnm
482 5468 857 5545 sequuntnrescepstnoster
869 5462 950 5518 Clari·
1002 5465 1095 5519 lector.
1400 5533 1406 5547 ·
1511 5533 1518 5545 .
1606 5529 1613 5543 ·
1664 5530 1671 5543 ·

167 5536 228 5592 dius
244 5535 403 5607 adrogorio
424 5531 529 5603 Hagno,
546 5547 593 5603 qus
607 5546 639 5587 ea
658 5530 776 5605 asunps,
792 5530 950 5587 numerali
1038 5536 1051 5574 Ι
1077 5532 1142 5602 Cap.
1166 5532 1193 5586 6.
1213 5533 1256 5589 st.
1271 5533 1341 5589 Dede
1363 5534 1443 5603 huns
1467 5533 1520 5588 loct
1540 5529 1752 5601 espbcatsoneta
1768 5539 1784 5581 a

55 5618 61 5627 ·
167 5604 229 5660 ,ibri
244 5620 281 5660 ru
302 5602 442 5659 {aralium
460 5603 487 5656 iu
500 5601 551 5658 lob
565 5619 572 5657 τ
588 5599 637 5656 sed
647 5600 855 5670 expressissima
868 5601 951 5657 babet
1002 5603 1113 5659 Claudio
1131 5603 1258 5657 traditam
1274 5605 1376 5659 docet:
1397 5604 1485 5674 capite
1507 5600 1645 5658 seilicet-'s
1662 5598 1785 5671 quui)-

163 5691 242 5732 auin.
267 5676 284 5730 5
305 5671 421 5729 bomilltr
442 5670 476 5728 ll
496 5671 524 5725 in
537 5669 702 5744 Evangelia:
723 5670 782 5726 haec
795 5678 947 5740 propterea,
1002 5688 1065 5729 nuru
1079 5673 1107 5727 in
1120 5672 1325 5744 librnsilrgum.
