3832 6120
127 340 197 399 ηπ
686 330 849 389 lcoovtel
867 331 878 387 l
897 328 1134 389 musteum
1150 329 1193 387 erl
1525 368 1528 374 ·
1709 333 1781 390 Ἦ

127 470 208 526 super
220 451 282 507 fluvi
301 449 384 513 huso,
409 446 558 518 pertineret
571 444 605 501 ad
625 460 703 500 suum
721 444 918 514 episcopatum,
933 446 956 505 A
971 451 1025 498 tarn
1039 443 1173 514 predictas
1185 441 1356 512 parrochias,
1369 457 1451 514 qaam
1463 451 1492 498 et
1503 443 1670 514 supradicto
1681 461 1783 502 mona-

127 551 155 600 et
164 543 200 597 oh
216 537 403 595 cullamaliam
413 535 585 591 occasionem
596 548 658 589 eum
667 532 920 601 teneret,nisiquod
971 533 1056 589 sterio
1066 534 1152 590 saneti
1166 533 1240 588 Petri
1255 533 1289 589 ad
1302 531 1386 600 Asso,
1399 534 1470 589 sicut
1485 535 1512 589 in
1523 535 1599 604 ipsas
1611 537 1782 593 contineba-

128 627 299 699 spoltenads
319 626 388 682 abba
407 641 456 695 per
477 624 639 680 beneficium
654 623 745 695 regule
770 623 919 678 habuisset.
972 632 1016 678 tur
1028 624 1164 695 judicatas
1176 633 1206 682 et
1219 633 1379 696 preceptora
1399 640 1415 680 a
1434 633 1559 697 tempore
1576 626 1781 699 langobardo-

127 724 166 779 lta
181 719 411 788 eclatentesipse
428 717 485 786 iarn
511 717 599 773 dietrrs
616 715 770 786 episcopus,
792 722 921 785 precepta
972 728 1032 769 rum
1055 717 1174 772 emissas
1195 716 1230 770 ad
1252 714 1311 785 lam
1337 724 1489 772 memorato
1512 716 1693 788 llsdpnndo
1717 736 1779 777 rea.

128 820 154 869 'et
174 811 364 868 monituiuase
385 807 624 874 diuissctlrabere,
639 825 689 879 pro
711 807 811 879 quibus
843 807 922 863 nobis
972 804 1093 877 lienique
1106 815 1134 863 et
1147 808 1204 878 ipse
1213 808 1352 878 piissimus
1365 810 1628 882 sarcremqlorlose
1642 816 1780 870 memorie

128 906 179 974 per
196 901 312 958 eundem
325 899 473 957 indiculum
496 899 628 970 precepit,
644 894 673 955 ut
686 901 734 955 col
756 898 861 970 pariter
883 896 923 953 sl·
972 897 1088 952 domnus
1100 894 1214 953 Carolus
1225 914 1272 953 rex
1283 913 1332 969 per
1343 914 1422 954 suum
1431 909 1590 972 preceptum
1602 904 1780 963 contirmavit

129 994 241 1065 lnulque
252 1000 314 1050 cum'
328 1008 423 1048 eorum
441 990 581 1047 advocatis
603 989 698 1044 vorrirc
711 987 881 1050 fecissemus,
895 974 925 1042 et
973 988 1032 1058 ipso
1044 997 1172 1058 precepto
1192 990 1264 1059 quod
1289 990 1370 1045 leoni
1386 1005 1464 1060 pape,
1479 1000 1508 1047 et
1519 993 1627 1060 omnia,
1642 997 1718 1050 sicut
1731 1013 1778 1052 su·

130 1086 266 1144 ‘srrlrtiliter
289 1083 542 1154 investigassemus,
572 1080 594 1136 si
620 1060 735 1151 ligimus
757 1077 841 1134 abbas
861 1064 925 1133 lnds
973 1080 1066 1150 periris
1092 1080 1250 1135 adnotatum
1268 1087 1325 1146 est,
1352 1079 1387 1135 ad
1410 1090 1489 1151 parte
1509 1082 1627 1139 hretine
1650 1085 1779 1151 ecclesie,

131 1179 250 1248 aliquam
274 1181 380 1246 poterat
401 1173 566 1229 hostendere
582 1166 750 1234 llrirritateru,
762 1184 812 1241 per
824 1162 877 1239 qua
890 1167 925 1223 ad
973 1168 1076 1224 sicut..
1087 1209 1094 1223 .
1106 1207 1113 1222 .
1127 1169 1215 1225 dietas
1224 1168 1372 1238 iudicatas,
1388 1179 1559 1241 preceptora,
1574 1180 1606 1228 et
1624 1173 1780 1246 brevilegia

132 1264 329 1323 loerrasteiinrn
342 1260 393 1317 sihi
408 1262 585 1319 commissum
596 1244 924 1331 perrineier‘rslaau‘tcrh
974 1259 1129 1316 continetur
1131 1299 1198 1313 ......
1210 1268 1375 1317 memoratas
1385 1260 1543 1331 parrochias
1551 1268 1582 1316 et
1593 1266 1780 1330 monasterio,

132 1360 184 1415 hoc
195 1373 247 1414 nou
263 1356 474 1421 invenissemus,
488 1362 517 1410 et
529 1364 559 1409 sc
571 1340 697 1409 lrenelleii
710 1351 926 1408 alletoritatem·
975 1353 1046 1409 sicut
1057 1367 1072 1406 a
1084 1351 1180 1423 priscis
1193 1353 1360 1424 temporibus
1369 1352 1536 1410 convicte...
1548 1354 1691 1413 Emissis
1706 1357 1783 1413 ideo

131 1452 284 1514 plantasset,
303 1456 367 1502 turm
383 1434 610 1503 suumdccretum
622 1442 651 1500 el
677 1438 803 1498 voluntas
820 1443 924 1514 jussis·
974 1460 1028 1515 qce
1048 1452 1076 1499 ct
1095 1444 1215 1500 ostendit
1236 1445 1314 1500 arabis
1334 1453 1491 1516 preceptum
1516 1445 1613 1501 drrmni
1635 1447 1784 1505 llludorici

133 1549 170 1613 ni,
187 1542 364 1614 utiamdicta
377 1534 525 1617 monimini
536 1538 639 1609 deipeo
662 1537 780 1594 Petrone
799 1535 927 1607 episeopo
975 1533 1148 1604 imperatoris
1165 1532 1290 1605 Augusti,
1306 1534 1462 1604 qualiteret
1477 1535 1601 1606 ipseper
1621 1553 1708 1593 sunna
1722 1554 1784 1610 pre·

132 1637 210 1694 ischis
234 1631 392 1706 presentare
417 1620 586 1686 'fecissemus
618 1628 653 1683 ht
678 1628 703 1682 si
729 1626 928 1682 invenissemus
975 1631 1083 1693 ceptum
1096 1623 1304 1678 confirmaverat
1313 1632 1368 1678 tam
1382 1624 1470 1695 ipsum
1479 1636 1643 1696 preceptum
1663 1614 1785 1699 ploriose

133 1727 205 1800 quod
216 1710 250 1780 ud
273 1726 426 1795 predictum
447 1723 631 1792 episcopatum
646 1718 837 1791 pertinuisset,
863 1725 927 1773 turre
976 1713 1107 1769 memorie
1121 1711 1211 1770 Caroli
1235 1715 1360 1786 genitore
1375 1728 1436 1780 suc,
1450 1730 1531 1785 qnam
1544 1723 1576 1770 et
1590 1717 1685 1788 ipsum
1699 1717 1783 1775 horsi

133 1822 236 1888 ahsq'ne
248 1816 338 1885 aliq'ua
351 1813 508 1868 dilatatione
521 1827 584 1867 euru
610 1810 741 1866 revestire
768 1808 927 1866 fecissemus
941 1786 964 1847 11
977 1796 1214 1874 quondam'pape,
1235 1804 1306 1860 sicrtt
1326 1812 1356 1859 et
1376 1804 1496 1876 reliquas
1508 1805 1652 1874 judicatas
1672 1817 1705 1864 et
1720 1824 1782 1880 pre·

133 1918 195 1964 cunr
211 1906 302 1962 omnia
316 1907 350 1961 ad
360 1903 419 1973 jam
433 1904 505 1960 dicta
516 1902 640 1969 cellulam
653 1901 829 1972 aspicientem
844 1897 927 1954 sicuti
979 1902 1104 1964 ceptoras
1121 1909 1185 1965 sepe
1199 1904 1363 1952 memoratas
1364 1934 1431 1950 ......
1448 1898 1483 1951 ad
1501 1909 1583 1967 parte
1601 1899 1723 1958 Aretias
1736 1902 1784 1958 m·

133 2008 162 2055 ct
176 1997 291 2052 fecimus
302 1995 381 2051 nohis
402 1995 460 2065 ipse
483 1991 632 2047 monimina
654 1990 826 2046 hostendere.
851 1988 930 2044 'ltine
978 1984 1071 2051 elesle,
1083 1985 1141 2040 sive
1153 1987 1186 2041 de
1197 1986 1358 2055 parrochias
1369 1984 1450 2056 quarn
1464 1989 1630 2058 etpredicto
1644 2000 1785 2047 memaste

134 2092 192 2160 ipse
205 2090 303 2146 Petrus
320 2087 465 2157 episcopus
479 2099 533 2139 una
556 2094 620 2137 cum
643 2078 778 2151 predictis
789 2078 930 2134 advocatis
979 2078 1021 2132 rio
1032 2093 1095 2133 cunr
1112 2077 1231 2147 reliquas
1242 2078 1435 2143 monasterias,
1449 2078 1521 2135 siem
1538 2080 1575 2134 ad
1599 2082 1705 2151 prisc·
1718 2088 1785 2138 te·-

134 2182 191 2237 suis
203 2178 323 2235 ostendit
334 2180 461 2249 precepta
483 2176 513 2229 ot
528 2172 687 2251 monimina.
697 2166 790 2226 Primo
809 2168 930 2239 indicato
979 2169 1091 2240 poribus
1105 2169 1254 2233 coemeras,
1269 2170 1356 2240 adque
1370 2183 1511 2240 possessas
1523 2169 1651 2227 luerunt.

135 2266 245 2343 ostenso
271 2264 301 2324 et
327 2265 430 2324 relecto
454 2261 646 2323 continebatur
666 2262 784 2334 qualiter
808 2269 930 2332 tempore
1013 2259 1153 2316 iudicatas
1163 2268 1192 2315 et
1203 2247 1378 2331 preceptoras
1388 2267 1511 2315 emersas
1523 2268 1554 2315 et
1567 2261 1703 2331 relecus,
1716 2263 1786 2320 sicat

135 2354 302 2431 liudprandi
313 2359 385 2430 repis
399 2346 587 2429 luparcianus
601 2355 747 2427 episcopus
760 2361 824 2410 ante
845 2353 930 2408 misso
980 2353 1016 2410 ab
1030 2353 1126 2409 ordine
1146 2351 1495 2425 superiusdeclararimcs,
1513 2361 1583 2411 tunc
1607 2370 1662 2411 nos
1687 2364 1784 2428 supra-

135 2453 219 2524 rpsius
232 2450 397 2522 liudprandi
413 2449 469 2522 regi
482 2448 640 2519 adviquerat
651 2448 683 2500 da
706 2445 826 2502 licolato
849 2443 923 2514 epis·
980 2444 1074 2514 scripti
1093 2443 1170 2498 missi
1190 2451 1219 2498 et
1239 2442 1358 2514 episcopi
1377 2443 1612 2514 interrogavimus
1633 2445 1698 2516 ipso
1714 2446 1786 2519 llql-

135 2546 219 2613 ecpus
238 2539 406 2596 monasterio
427 2538 515 2594 sancti
539 2537 614 2592 Petri
649 2535 684 2589 ad
707 2533 782 2591 Asso
804 2534 839 2590 ad
852 2542 930 2605 parte
980 2539 1138 2605 liusabbas,
1152 2544 1180 2594 et
1193 2536 1293 2604 l'urvo,
1309 2544 1337 2593 et
1359 2535 1429 2591 llrsc
1442 2536 1571 2592 advocati
1595 2535 1739 2606 quadem,
1757 2544 1786 2594 ut

135 2634 222 2691 saneti
235 2632 403 2687 [lunaticum
417 2630 536 2700 reliquas
551 2627 712 2699 parrochias
720 2627 850 2683 ecclesias
864 2628 931 2698 hap-
979 2630 1003 2686 si
1021 2630 1135 2684 altercat
1146 2636 1194 2683 aut
1206 2635 1363 2699 preceptum
1378 2627 1421 2682 vel
1432 2625 1589 2697 judicatam
1608 2639 1664 2683 ant
1677 2638 1785 2698 testem

136 2718 261 2790 tisrrralis,
273 2725 346 2780 sicut
360 2723 387 2778 in
400 2721 589 2795 ipsojudicato
602 2721 717 2793 legetur.
731 2720 796 2776 l‘ost
807 2721 931 2776 hochoe·
979 2719 1023 2775 vel
1033 2718 1160 2789 qualibed
1178 2717 1334 2783 factionem,
1348 2717 1420 2786 quod
1438 2717 1684 2787 ipssmonasterio
1698 2723 1786 2777 sanmi

137 2808 223 2875 'leudis
253 2824 410 2889 preceptum
440 2815 554 2887 predicti
576 2815 744 2885 liudprandi
763 2814 837 2886 reqi,
858 2816 931 2885 qnod
980 2807 1054 2865 Petri
1076 2808 1224 2878 pertineret
1244 2808 1279 2862 ad
1293 2816 1370 2878 parte
1387 2806 1616 2874 sanesibnteml,
1634 2811 1676 2864 ita
1697 2821 1787 2866 osten

137 2924 198 2964 enrn
212 2907 343 2963 relectum
363 2904 469 2972 fuisset,
486 2906 678 2962 continebatur
690 2905 763 2975 quod
779 2905 838 2975 ipso
855 2903 930 2974 judi-
980 2899 1054 2955 dere.
1068 2898 1119 2967 Qui
1132 2905 1160 2954 et
1179 2898 1350 2969 ipsiparteor
1363 2913 1416 2954 una
1429 2913 1490 2954 cum
1503 2899 1567 2970 ipso
1587 2900 1703 2958 rlbbate
1718 2903 1787 2959 refu

137 3000 249 3056 tartede
271 2999 330 3071 ipso
343 2997 508 3054 monasterio
525 3004 553 3053 ct
569 2997 730 3070 parrochias
755 2997 932 3054 coudrmavc·
981 2997 1106 3046 laverunt
1117 2997 1145 3044 el
1159 2990 1300 3045 diluerunt
1315 3008 1322 3044 τ
1338 2998 1348 3041 1
1365 2990 1445 3045 Certe
1459 3004 1511 3046 1¹00
1519 2988 1653 3059 iudicato
1663 3008 1717 3050 nec
1728 3010 1787 3066 pre·

139 3084 181 3142 ¹rat
195 3097 244 3158 p'er
258 3094 337 3143 sunm
349 3096 508 3159 preceptum
519 3088 552 3142 ad
568 3095 645 3157 parte
662 3087 767 3144 Aritine
787 3087 927 3145 Ecclesiae.
980 3088 1069 3153 101110,
1091 3095 1142 3136 ¹¹⁰⁰
1154 3080 1226 3136 1111111
1242 3079 1402 3148 1101100111,
1418 3097 1525 3153 necque
1538 3099 1592 3155 per
1610 3086 1690 3142 salla
1703 3088 1787 3142 ratio·

138 3175 228 3231 hlium
243 3178 351 3247 quidem
363 3176 482 3256 ostendit
490 3177 623 3248 iudicato,
634 3176 681 3247 qul
695 3177 867 3248 significante
877 3178 926 3234 de-
982 3189 1046 3230 neut
1061 3189 1115 3231 scu
1131 3175 1279 3241 habenas,
1296 3192 1346 3246 per
1358 3192 1426 3248 quos
1439 3178 1498 3248 ipsc
1512 3183 1692 3238 monasterio
1702 3183 1788 3238 saaesi

138 3267 261 3324 elaralrat
274 3269 392 3338 qualiter
398 3266 456 3337 lam
483 3268 586 3325 dictum
599 3268 764 3338 liudprandi
782 3285 830 3325 rea
842 3269 931 3326 direx·
981 3263 1054 3321 Petri
1073 3264 1116 3321 vel
1130 3265 1212 3323 rebus
1231 3268 1264 3322 ad
1279 3282 1341 3323 eum
1356 3268 1562 3337 pertinentibus
1574 3275 1787 3343 monemus,

138 3368 214 3416 serat
231 3353 361 3430 quattuor
374 3355 517 3431 episcopos
531 3357 630 3415 missc's
645 3368 720 3425 strom
736 3375 785 3430 pro
808 3360 930 3432 predicta
981 3364 1028 3411 aut
1040 3357 1073 3411 ad
1085 3365 1162 3426 parte
1175 3357 1261 3412 sancti
1272 3358 1378 3412 luterni
1392 3358 1543 3415 defendere
1554 3358 1723 3430 summus,
1736 3364 1787 3421 nisi

138 3450 218 3510 hausd
238 3449 265 3508 e't
278 3449 444 3509 monasterio
463 3460 543 3522 atque
563 3450 722 3521 parrochias
746 3448 931 3508 ceronatam·-
981 3455 1011 3503 ut
1022 3448 1098 3517 prius
1111 3448 1260 3513 dixsimus,
1274 3449 1346 3519 quod
1360 3466 1408 3520 per
1422 3450 1559 3507 beneflcio
1573 3453 1675 3510 mmet
1690 3445 1787 3511 llmdo

133 3545 219 3609 dunr;
236 3543 263 3599 iu
274 3558 368 3599 eorum
381 3542 519 3614 presentia
534 3550 562 3598 ct
576 3557 624 3612 per
637 3555 732 3597 eorum
753 3540 858 3612 jrnlicio
871 3544 930 3615 ipso
981 3536 1034 3593 lici
1051 3545 1080 3592 et
1092 3535 1218 3593 llloltatii
1241 3539 1434 3608 imperatorum
1457 3554 1523 3595 euru
1540 3541 1705 3598 habuimus.
1726 3565 1737 3598 s
1757 3544 1786 3599 is

139 3616 324 3705 'luparcianus
331 3633 475 3704 episcopus
483 3633 660 3704 conviquerat
670 3633 702 3688 da
713 3638 791 3702 parte
799 3631 931 3692 Senensis
981 3638 1042 3688 cum
1056 3632 1148 3698 taliter
1164 3633 1373 3699 refutasserunt,
1396 3632 1518 3692 diximus
1538 3652 1590 3692 nos
1603 3641 1786 3711 suprascripti

140 3724 258 3781 heclcsie
268 3725 302 3780 ad
316 3730 393 3794 parte
406 3740 456 3780 sue
468 3723 579 3780 hretirre
589 3723 712 3780 Ecclesie
731 3724 855 3794 predicto
871 3741 931 3783 mo·
982 3723 1058 3779 misti
1082 3723 1168 3794 ipsius
1189 3725 1303 3780 abbati:
1322 3742 1332 3776 s
1349 3724 1428 3782 Certe
1448 3740 1499 3796 per
1514 3727 1569 3783 ista
1582 3732 1660 3786 ratio
1674 3746 1739 3786 enm
1752 3742 1783 3787 tr·

138 3814 258 3887 castenio
274 3817 363 3874 saneti
377 3815 450 3873 Petri
464 3817 499 3872 ad
524 3815 598 3872 llxsc
614 3832 676 3873 cum
694 3815 812 3887 reliquas
836 3833 932 3887 parro-
982 3827 1048 3871 cere
1072 3813 1187 3885 amplius
1201 3829 1256 3869 non
1280 3815 1390 3881 valebis,
1410 3816 1474 3886 quia
1491 3818 1620 3875 dornnrm
1644 3821 1784 3894 imperatu

139 3908 228 3978 chiae,
242 3908 313 3965 sicut
325 3908 353 3965 iu
379 3909 437 3980 ipso
457 3907 598 3978 legebatur
614 3907 755 3978 judicato:
771 3906 809 3962 ita
827 3912 856 3964 ‘et
882 3912 933 3977 p'er
983 3906 1061 3963 hobis
1076 3921 1127 3977 per
1136 3905 1194 3975 ism
1206 3906 1279 3962 dicto
1293 3907 1440 3962 indiculum
1453 3910 1592 3980 precepit,
1608 3922 1643 3967 ut
1657 3915 1682 3969 si
1702 3925 1730 3970 tc
1745 3912 1782 3967 fr·

140 4009 296 4074 preceptum
308 3999 389 4056 simili
409 3999 489 4054 modo
504 3999 563 4068 lpse
586 3997 760 4068 liudprando
780 4013 828 4054 rea
842 3997 930 4068 ipsum
983 3996 1106 4051 mitatem
1116 3995 1199 4050 talem
1209 4011 1263 4052 nou
1278 3997 1537 4067 ostendissit,quod
1548 4001 1585 4058 ad
1601 4014 1781 4073 panemona

136 4093 287 4162 judicatum
313 4097 341 4145 et
367 4088 561 4146 monasterium
586 4102 649 4144 cum
682 4087 741 4159 ipsc
771 4078 931 4157 parrochias
982 4086 1059 4144 sterii
1075 4087 1309 4144 tibicommissurn
1323 4090 1562 4159 pertenuisset,et
1584 4109 1643 4151 nos
1657 4110 1709 4167 per
1719 4096 1784 4167 ipsas

141 4181 352 4239 ccrrdrrnavcrat
380 4178 414 4233 ad
436 4187 512 4260 parte
536 4177 643 4235 hritine
666 4178 799 4235 Ecclesia.
828 4179 931 4237 idcirco
982 4178 1147 4234 monhninas
1171 4178 1251 4235 istius
1277 4177 1386 4234 Petroni
1411 4181 1536 4253 episcopi
1565 4183 1781 4250 invenissemus,

139 4281 167 4328 et
182 4271 301 4327 ostendit
320 4270 493 4342 brevilegium
509 4271 580 4326 bone
599 4270 730 4328 memorie
744 4269 848 4328 stefani
860 4282 931 4345 pape
982 4267 1053 4339 quod
1066 4266 1100 4323 sd
1122 4268 1306 4338 episeopsmm
1326 4268 1578 4328 renascentem
1597 4275 1781 4346 perticulam,

140 4364 214 4423 urbis
227 4363 325 4430 usne,
337 4363 454 4434 qualiter
471 4364 505 4418 ad
526 4364 655 4434 petitione
678 4362 775 4421 stavili
793 4366 930 4436 quondam
983 4360 1084 4429 absque
1102 4348 1156 4414 ulla
1177 4358 1307 4414 dilatione
1320 4359 1445 4415 mvestirl
1462 4355 1647 4421 fecissemus
1660 4364 1781 4422 Posthac

139 4456 258 4529 episcopi
273 4455 508 4512 dritinellcclesie
519 4471 566 4527 per
577 4471 656 4512 suunr
671 4464 827 4527 preceptum
843 4457 932 4513 bleri-
943 4484 971 4544 Β
983 4450 1308 4522 dictum,ideoqueetpro
1319 4450 1670 4524 satisfactionedlligenter
1677 4455 1779 4513 inresti-

140 4549 238 4622 leqium
260 4547 469 4604 confirmaverat
493 4547 526 4602 ad
550 4549 654 4619 partem
678 4545 784 4605 Aritine
810 4548 931 4607 Ecclesie
983 4541 1779 4617 msmnuslegepmdiertsesastslpsinsahbatlquande

141 4647 196 4693 tam
207 4631 491 4710 predictasiudicatas
500 4628 535 4690 de
546 4645 666 4707 tempore
676 4634 835 4708 lirrtpraudi
848 4638 929 4710 regis,
984 4635 1057 4698 ham,
1066 4633 1138 4702 qrmd
1150 4640 1213 4705 post
1224 4640 1383 4704 preceptora
1391 4633 1449 4702 ipse
1457 4641 1539 4704 parte
1547 4637 1644 4693 uncti
1656 4636 1776 4693 honadrt

139 4745 221 4801 qnam
239 4737 267 4784 et
284 4727 429 4800 praedictas
446 4724 606 4798 preceptora
626 4725 746 4795 ciusdem
766 4727 930 4798 liudprandi
983 4724 1776 4795 hretiueEcclesievestitursdeipsomonasterlonocls‘s

140 4822 206 4893 regi,
220 4820 277 4876 sive
290 4819 393 4891 delam
406 4827 557 4876 memorato
575 4821 741 4876 monasterio
754 4818 840 4876 saneti
856 4820 931 4897 Petri
983 4826 1050 4873 sets
1067 4816 1597 4888 'funenossuprascrlptimlssifeelmus
1608 4823 1776 4879 reuiremra

141 4914 175 4968 ad
193 4911 278 4977 Asso,
291 4926 371 4981 quarn
389 4911 463 4966 etde
482 4909 617 4980 predictas
631 4910 799 4980 parrochias,
817 4910 888 4968 sicut
902 4912 930 4967 in
983 4918 1038 4972 res,
1047 4921 1115 4978 quas
1125 4906 1434 4978 ipsel’etrcseplscottus
1443 4907 1733 4967 nobisdenominarit.
1741 4906 1774 4965 tra

140 5002 214 5076 ipsas
227 4999 416 5058 continebatur
434 4997 570 5068 judicatas
583 5009 611 5056 et
630 5001 813 5072 preceptoras.
830 5000 931 5069 Quam·
979 5008 1008 5055 et
1020 4998 1070 5068 ipsi
1093 4997 1157 5054 laici
1175 5012 1272 5055 omnes
1284 4998 1318 5053 ad
1333 4999 1380 5054 liei
1396 4997 1543 5071 Evangelia
1552 5038 1654 5058 ......
1666 5000 1774 5075 prefeci-

140 5095 233 5152 obrem
256 5086 285 5148 e't
306 5090 425 5148 'distendit
450 5088 625 5160 brevilegium
649 5093 719 5161 quod
741 5093 823 5147 leoni
844 5108 930 5164 pape,
980 5105 1049 5145 mus.
1061 5129 1067 5143 .
1150 5091 1392 5161 interrogassemus
1407 5090 1440 5146 de
1456 5088 1515 5159 ipsa
1531 5093 1687 5159 vestitura,
1702 5102 1731 5150 et
1743 5091 1775 5146 illi

22 5193 25 5200 '
141 5189 258 5259 qualiter
270 5193 298 5242 et
310 5184 368 5257 lpse
384 5181 432 5254 pel·
446 5184 524 5239 suitur
547 5182 722 5254 brevilegium
734 5191 762 5238 et
774 5192 930 5254 preceptum
979 5181 1091 5247 seirent,
1106 5182 1186 5238 nobis
1199 5190 1304 5236 certum
1321 5181 1443 5237 dicerent
1454 5181 1619 5239 veritatem.
1634 5184 1676 5241 lta
1686 5192 1716 5241 et
1730 5182 1775 5254 ipsi

140 5294 189 5351 per
204 5277 360 5350 petitionem
380 5275 451 5346 quod
473 5273 596 5342 simperti
610 5271 824 5328 sanctehretine
837 5272 932 5328 Eccle-
980 5272 1136 5329 sacerdotes
1155 5270 1356 5341 conjuravimus
1372 5284 1419 5327 eos
1435 5271 1463 5326 in
1486 5286 1572 5327 snam
1598 5274 1775 5331 sacerdotis·

140 5372 189 5436 sle,
204 5379 232 5426 et
249 5383 298 5440 per
310 5380 442 5424 consenso
456 5365 548 5421 dornnl
567 5372 595 5421 ct
613 5365 728 5437 piissimi
742 5364 832 5421 Caroli
846 5365 932 5436 impe-
980 5370 1010 5418 et
1023 5362 1196 5429 fidelitatem,
1211 5377 1281 5432 quas
1295 5360 1328 5417 ad
1343 5370 1420 5434 parte
1432 5361 1526 5417 domni
1541 5362 1773 5435 imperatoriam

141 5462 240 5517 ratoris
251 5460 278 5516 in
293 5472 372 5516 suum
384 5457 508 5514 sinodum
521 5457 673 5529 pacificum,
697 5456 768 5512 inter
788 5457 860 5527 quod
875 5455 931 5510 Arr-
981 5463 1069 5512 ratum
1085 5456 1230 5521 habehant,
1245 5463 1274 5510 ut
1290 5455 1355 5526 quid
1376 5467 1441 5509 vera
1452 5453 1555 5509 exinde
1578 5457 1698 5521 scirent,
1712 5453 1774 5510 reri·

142 5553 206 5608 drea
220 5560 313 5607 sarrcte
331 5548 460 5606 Sencnds
484 5547 604 5604 Ecclesic
625 5547 778 5618 episeopus,
801 5556 828 5603 ct
842 5548 930 5618 ipsum
982 5556 1063 5602 tatenr
1082 5554 1113 5601 ut
1132 5554 1159 5601 et
1174 5547 1225 5616 ipsi
1245 5547 1416 5603 declararent
1431 5544 1467 5601 dc
1484 5546 1614 5616 predicta
1636 5550 1771 5605 vestitura.

142 5642 301 5711 hrepertum
316 5641 426 5698 hretinc
439 5640 561 5695 licelesle
571 5641 738 5710 episcopum,
752 5648 779 5696 ct
789 5657 838 5712 per
851 5656 929 5697 suum
980 5638 1032 5705 Qui
1048 5645 1077 5694 ct
1089 5637 1117 5692 in
1131 5637 1226 5706 primis
1237 5636 1483 5694 maismacenses·
1496 5636 1701 5712 Gsraprssrlus
1710 5639 1772 5697 mi-

133 5731 349 5793 thrrfrurarcrat
367 5737 527 5805 preceptum
542 5730 576 5787 ad
593 5739 671 5803 parte
684 5730 796 5788 Aretine
809 5731 931 5790 Ecclesia
979 5729 1111 5787 ciamare
1135 5727 1248 5787 metim
1274 5726 1411 5796 Mis,
1438 5730 1631 5804 inarmatus
1656 5750 1674 5790 a
1701 5733 1772 5789 asts
