3832 6120
129 290 196 346 ten
697 272 1189 334 mensuartsecuustasrtca.

165 400 193 457 Si
203 397 575 464 sacerdotnmservorumquc
584 393 632 448 liei
644 387 914 462 justisetrationabi-
928 386 954 445 A
1297 391 1409 447 sexti.

128 490 199 546 libus
207 488 381 560 petitionibus
392 487 656 556 adoptatumaurem
668 482 916 546 accommodamus,
1140 496 1189 535 nno
1207 496 1376 536 uovtsrsmo
1396 498 1418 537 s.
1434 498 1583 538 canturam.

129 597 183 636 non
197 580 282 634 solum
303 578 406 647 regiam
421 585 448 632 ct
468 575 916 645 imperatoriamexereemuscon·
1273 571 1360 643 (Aeno
1375 572 1450 644 856.)

128 670 307 733 suetudinem,
321 668 368 722 sed
379 666 580 741 etiameosdem
593 678 642 732 pro
649 661 804 718 excessibus
815 660 917 723 nostris
1209 660 1297 733 [Apud
1310 663 1413 728 Baium,
1433 662 1511 735 ibid]

128 762 234 817 bomini
247 759 461 816 misericordiam
475 757 628 813 exorandos
643 754 796 810 devotiores
805 766 916 823 promp-
1003 752 1032 806 ln
1046 753 1154 808 nominc
1167 752 1272 807 Domini
1288 751 1337 807 [lei
1360 761 1388 807 et
1412 751 1561 808 Salvatovis
1587 753 1674 810 nostri
1691 751 1755 809 less

128 853 264 923 timeoque
276 851 399 914 iacimus,
415 857 497 920 atque
508 863 557 918 per
571 848 622 904 hoc
634 847 795 901 immensam
806 844 853 899 liei
869 843 918 897 mi·
968 844 1085 908 Christi,
1106 843 1268 908 Ltvdovicus,
1293 842 1382 897 divina
1396 843 1589 914 repropitiante
1600 843 1754 906 clementia,

129 943 305 998 scricordiam
317 941 423 997 lacilins
437 941 516 997 uobis
522 940 719 996 conciliandam
731 954 792 994 esse
802 938 917 994 conlidi·
969 935 1119 1005 imperator
1132 934 1284 1011 Augustus..

128 1049 201 1090 mus.
216 1033 320 1088 idcirco
333 1041 428 1088 notum
446 1031 644 1088 essevolumus
666 1031 772 1098 cunctis
793 1029 919 1085 lidelibus
1000 1028 1557 1099 Sisacerdotumservorumquelleijustis
1571 1037 1600 1086 ct
1610 1028 1759 1086 rationabi-

129 1132 230 1180 sancte
242 1123 290 1178 Dei
308 1123 438 1179 Ecclesiae
451 1121 804 1192 nostrisqne‚praesemtbns
813 1119 920 1176 scilicet
968 1118 1039 1174 libus
1050 1118 1225 1190 petitionibus
1235 1133 1329 1174 aurem
1352 1119 1597 1185 accommodamus,
1611 1131 1760 1188 eorumque

128 1219 157 1268 et
182 1212 296 1278 laturis,
314 1212 377 1282 quia
397 1213 439 1268 uir
461 1212 624 1268 venerabilis
641 1212 828 1268 cenomanicas
844 1210 919 1267 urbis
966 1208 1055 1278 justas
1073 1216 1101 1263 et
1115 1205 1289 1262 rationabiles
1308 1206 1506 1277 postulationes
1525 1207 1559 1261 ad
1580 1215 1704 1276 optatum
1719 1205 1760 1262 cl-

128 1303 288 1372 episcopus‚
303 1302 429 1358 aldricus
444 1304 563 1366 nontine,
580 1302 658 1358 nobis
674 1302 792 1357 innotuit
803 1316 835 1357 eo
846 1301 920 1370 quod
969 1298 1069 1354 lectum
1082 1299 1264 1370 perducimus,
1282 1314 1335 1353 nou
1351 1296 1437 1364 solum
1452 1300 1555 1369 regiam
1572 1308 1599 1353 et
1617 1300 1759 1368 imperato·

130 1400 319 1447 antecessores
334 1391 387 1456 sni,
404 1391 521 1447 hlcrolus
535 1392 639 1447 scilicet
656 1399 684 1445 et
696 1389 918 1456 Gaureiolenus,
970 1391 1039 1445 riam
1052 1405 1212 1445 exercemus
1228 1390 1463 1456 consuetudinem,
1476 1391 1522 1444 sed
1541 1391 1623 1444 etiam
1649 1389 1760 1444 eosdem

129 1493 211 1554 atque
223 1483 438 1555 praedecessores
449 1499 564 1549 eornm,
585 1484 612 1538 in
631 1483 760 1552 praedicta
781 1482 847 1536 urbe
862 1496 920 1536 mo-
970 1496 1019 1552 pro
1034 1481 1190 1559 cuccssibns
1208 1481 1311 1535 nostris
1336 1480 1443 1535 Domini
1469 1480 1682 1536 misericordiam
1697 1495 1761 1535 exo-

84 1634 86 1637 ,
130 1585 221 1631 notam
232 1575 369 1644 publicam
379 1583 570 1646 perpraeccpta
583 1575 662 1630 honae
676 1574 812 1628 memoriae
827 1573 919 1629 domni
972 1573 1057 1627 rando
1081 1572 1235 1628 devotiores
1264 1572 1498 1642 promptioresque
1523 1570 1657 1634 iacimus,
1679 1579 1760 1641 atque

129 1673 155 1720 et
169 1665 299 1737 genitoris
313 1664 399 1720 nostri
414 1664 503 1720 Caroli
528 1674 556 1718 ot
577 1664 683 1734 Pippini
703 1664 746 1718 avi
764 1664 848 1719 nostri
863 1662 920 1718 sive
971 1677 1020 1735 per
1035 1665 1088 1719 hoc
1103 1664 1263 1720 immensam
1273 1664 1322 1718 llei
1334 1663 1549 1718 misericordiam
1564 1663 1669 1718 lacilins
1683 1660 1761 1718 nobis

130 1756 289 1811 Theoderici
317 1756 388 1826 regis
413 1763 495 1826 atqne
518 1756 685 1810 anteriorum
715 1770 808 1825 regum
840 1755 919 1823 ploua
934 1738 956 1796 Β
971 1757 1168 1812 conciliandam
1190 1771 1251 1812 esse
1271 1756 1441 1812 conlidimus.
1464 1756 1566 1811 idcirco
1589 1762 1682 1810 notum
1701 1766 1762 1809 csse

129 1863 224 1904 corum
250 1847 412 1901 auctoritate
435 1861 592 1901 concessam
611 1844 767 1914 predictam
783 1852 921 1899 monetam
970 1850 1095 1904 volumus
1112 1851 1221 1904 evinctis
1238 1849 1362 1903 hilciibns
1377 1861 1478 1903 sancte
1494 1849 1542 1903 liei
1569 1846 1698 1902 Ecclesiae
1713 1861 1762 1901 no-

129 1938 302 2001 habuissent,
316 1951 376 2006 quac
386 1944 498 2005 propter
509 1936 671 1990 ablationem
683 1950 776 1990 rernm
786 1935 921 2005 predictas
971 1940 1101 2008 strisque,
1112 1940 1292 2008 praesentibus
1307 1938 1559 2004 scilicetctlutnris,
1568 1939 1630 2008 quia
1638 1935 1763 1993 bidricus

129 2029 201 2085 sedis
211 2027 343 2091 ecclesiae,
363 2028 420 2081 sive
431 2035 543 2096 propter
554 2027 729 2080 vastationem
742 2041 835 2080 earum
849 2067 856 2091 ,
872 2025 921 2080 ali-
970 2030 1133 2084 venerabilis
1143 2030 1219 2084 urbis
1230 2028 1418 2083 Centtrnauicae
1428 2030 1570 2099 episcopus
1580 2028 1763 2084 obtulitnobis

98 2112 106 2120 ’
129 2135 184 2192 quo
196 2128 328 2191 tempore,
337 2118 402 2175 licet
415 2134 510 2189 parvo,
522 2120 769 2189 nostroquesivciu
783 2118 837 2173 tine
845 2118 922 2188 getti-
971 2121 1104 2190 quasdam
1116 2122 1293 2176 auctoritates
1305 2136 1398 2189 rogum
1412 2120 1577 2176 francorum
1588 2121 1763 2176 decessorum

130 2212 198 2267 toris
216 2211 302 2267 nestri
313 2211 444 2280 predicta
451 2218 560 2266 moneta
570 2210 680 2264 dimissa
689 2218 715 2264 ct
724 2219 836 2279 propter
849 2224 918 2279 prae·
969 2211 1096 2266 videlicet
1119 2219 1273 2267 nostromm
1302 2227 1364 2283 erga
1388 2213 1583 2268 monasterium
1599 2229 1677 2271 sunm
1692 2212 1763 2284 qnod

130 2300 263 2356 dictarum
279 2315 369 2355 rerum
383 2301 502 2368 inopiam
513 2307 594 2368 atquc
605 2300 800 2354 desolationem
814 2308 921 2354 cessata
971 2299 1042 2355 inira
1057 2303 1189 2355 terminos
1207 2304 1345 2371 praedictae
1356 2303 1434 2357 urbis
1452 2304 1587 2371 parochie
1601 2305 1628 2358 in
1641 2304 1701 2358 loco
1716 2303 1762 2373 qni

130 2401 220 2459 esset;
236 2408 318 2462 qnam
346 2407 433 2461 neque
458 2406 532 2456 uos,
557 2405 646 2461 neque
669 2391 785 2446 domnus
809 2391 922 2446 Carolus
971 2401 1084 2446 vocatur
1102 2391 1223 2456 hnisola,
1245 2393 1271 2446 in
1285 2401 1464 2462 qnosauetns
1478 2393 1637 2463 Carilcphus
1651 2408 1765 2464 corpore

130 2484 237 2554 genitor
251 2490 356 2548 noster,
370 2496 458 2553 neque
474 2481 545 2560 ullus
556 2483 655 2537 missus
668 2492 761 2538 noster
772 2491 865 2537 nostra
875 2490 922 2537 ant
972 2481 1128 2550 requiescit,
1144 2481 1171 2535 in
1195 2482 1297 2537 honore
1312 2482 1432 2551 praedicti
1452 2484 1542 2538 sancti
1552 2483 1686 2556 Carilcphi
1699 2485 1765 2540 alio·

130 2588 179 2627 sua
194 2571 527 2640 auctoritateprohibuit,
550 2571 597 2627 scd
619 2571 789 2627 solummodo
811 2578 923 2640 propter
971 2587 1086 2643 rumque
1109 2581 1265 2628 sanctorum
1291 2572 1373 2626 sitnm
1401 2581 1482 2642 atque
1508 2582 1697 2629 consecratum
1722 2583 1764 2630 est
1807 2640 1812 2648 ,

131 2662 271 2733 praelatam
294 2662 469 2732 indigentiam
487 2662 598 2718 dimissa
615 2671 698 2718 essct.
714 2661 817 2718 Obtulit
840 2662 921 2716 etiam
972 2664 1078 2730 lactas,
1106 2680 1155 2735 per
1170 2680 1238 2734 quas
1256 2656 1319 2720 cum
1348 2665 1496 2720 immunem
1524 2682 1539 2721 a
1559 2668 1765 2739 quibuscunque

131 2755 284 2810 antedictus
301 2754 444 2824 episcopus
464 2754 604 2811 obtutibus
615 2754 717 2810 uostris
731 2763 865 2824 praecepta
880 2768 923 2809 re·
971 2755 1088 2825 publicis
1105 2755 1290 2810 functionibus
1303 2763 1454 2812 statuentes
1467 2759 1516 2813 sub
1529 2774 1578 2813 sua
1594 2759 1765 2814 manrunitate

131 2862 194 2914 gum
206 2846 433 2916 predecessorum
445 2850 599 2901 nostrornm
611 2845 921 2910 videlicetFrancoruut,
972 2855 1001 2900 et
1013 2844 1170 2900 detonsione
1184 2844 1382 2899 constituerunt
1395 2885 1402 2911 ,
1418 2846 1573 2916 suppliciter
1583 2848 1723 2917 postulans
1734 2853 1765 2900 ut

133 2936 270 3006 inquibus
284 2937 475 2992 continebatur
487 2935 558 3007 quod
572 2937 702 3007 predicta
722 2944 829 2990 moneta
843 2942 921 2988 ante·
972 2938 1016 3007 pia
1030 2935 1101 2992 lacta
1112 2943 1313 2991 antecessorum
1325 2944 1478 2990 nostrorum
1496 2946 1624 2993 consucta
1643 2939 1765 3009 benigni·

131 3026 285 3082 sessoribus
303 3027 426 3096 predicti
453 3026 553 3082 hldrici
580 3026 699 3097 episcopi
723 3025 922 3096 apracscriptis
973 3038 1029 3085 tate
1049 3039 1077 3085 et
1089 3028 1297 3084 martsnctndine
1322 3036 1422 3084 nostre
1436 3029 1602 3085 celsitudinis
1615 3030 1766 3087 roboranda

132 3115 241 3187 regibus
263 3131 393 3171 cottcessa
418 3117 537 3187 antiquis
551 3125 579 3173 et
592 3117 731 3172 modernis
755 3116 922 3185 temporibus
975 3121 1108 3193 imperiali
1135 3122 1297 3176 auctoritate
1320 3121 1498 3176 sanciremus.
1534 3120 1616 3193 Cujus
1640 3122 1766 3190 precibus

131 3207 236 3264 sitisset.
252 3208 318 3276 Quae
333 3216 360 3264 ct
375 3224 424 3264 uos
443 3210 595 3280 relegentes
616 3218 692 3263 muta
717 3209 881 3272 invcmnm,
897 3217 924 3263 et
974 3229 1067 3268 mtrem
1090 3213 1192 3268 laveris
1216 3213 1398 3269 libentissime
1426 3214 1686 3279 accommodantes,
1717 3214 1767 3270 has

131 3306 209 3375 signa
229 3313 311 3375 atque
335 3304 422 3374 sigilla
449 3319 541 3373 regum
565 3304 794 3373 praedecessorum
816 3318 924 3374 quoque
974 3306 1144 3360 alletoritatis
1163 3315 1264 3360 nostrae
1286 3305 1391 3360 litteras
1413 3305 1486 3360 circa
1510 3313 1689 3361 memoratum
1706 3321 1766 3361 mo-

133 3403 288 3450 nostrorum
302 3396 329 3450 iu
343 3396 383 3450 eis
393 3395 579 3465 inspicientes,
594 3409 657 3448 vera
671 3410 730 3450 csso
742 3410 802 3465 qnae
816 3396 925 3450 dicebat
973 3397 1122 3452 arcisterium
1137 3396 1196 3451 lieri
1212 3397 1344 3466 jussimus
1357 3414 1364 3461 ;
1378 3411 1428 3465 per
1441 3411 1509 3466 quas
1522 3397 1711 3468 praecipientes
1720 3411 1767 3453 vo·

66 3530 71 3538 .
133 3485 317 3554 cognovimus.
334 3484 437 3541 idcirco
455 3486 643 3557 praecipientes
653 3485 780 3554 jubemus
791 3495 821 3540 ut
834 3486 924 3542 nnlins
974 3490 1063 3544 ltntms
1075 3499 1157 3559 atque
1168 3487 1319 3556 jubemus,
1341 3497 1372 3543 ut
1397 3489 1488 3543 nullus
1510 3489 1640 3558 quislibet
1657 3488 1769 3557 maioris

135 3576 925 3645 missusuostervelcomcsipsiusprovinciaeautquislibet
974 3587 1022 3635 ant
1050 3577 1187 3631 interioris
1210 3577 1315 3631 ordinis
1333 3590 1379 3629 sen
1397 3577 1542 3644 quisquam
1566 3590 1599 3629 cx
1622 3554 1767 3644 judiciaria

130 3683 164 3722 ex
175 3667 320 3737 judiciaria
340 3674 474 3735 potestate
491 3667 516 3719 ei
536 3665 793 3733 successoribusque
811 3666 868 3719 suis
890 3680 923 3721 ex
974 3677 1108 3737 potestate
1127 3667 1155 3720 in
1180 3665 1328 3721 concavet
1357 3665 1434 3718 villus
1455 3679 1503 3719 seu
1534 3664 1592 3717 loca
1621 3672 1668 3718 aut
1688 3680 1769 3735 agros

132 3755 550 3830 praestantonetanttonnqnam
561 3763 681 3824 tempore
692 3754 810 3823 aliquam
822 3755 921 3809 calum·
975 3756 1097 3828 ejusdem
1115 3754 1274 3810 monasterii
1294 3753 1328 3806 ad
1347 3767 1445 3808 causas
1456 3752 1601 3824 judiciario
1625 3768 1701 3808 more
1721 3766 1768 3808 au-

132 3849 207 3903 niam
230 3855 277 3903 aut
297 3847 449 3903 molestiam
468 3854 516 3900 aut
532 3846 660 3916 injustam
673 3844 853 3914 pulsationem
867 3845 924 3900 sive
975 3848 1096 3913 dieudas,
1112 3846 1156 3901 uel
1171 3844 1311 3900 inlereuda
1323 3844 1466 3914 exigenda,
1483 3852 1529 3898 aut
1542 3844 1663 3900 teloneos
1678 3845 1768 3914 requi-

133 3941 320 3997 canbationem
331 3949 412 4010 atque
425 3938 653 3995 machinationem
669 3937 758 3992 lacere
768 3945 923 4007 praesumat,
975 3940 1094 4005 reodos,
1114 3954 1167 3995 nec
1180 3938 1255 3993 ireda
1277 3945 1324 3991 ant
1351 3936 1524 4007 fidejussores
1546 3936 1697 4002 tollendos,
1720 3951 1768 3992 seu

133 4036 181 4090 scd
192 4035 293 4089 uostris
306 4033 457 4101 luturisqne
470 4031 636 4102 temporibus
645 4031 805 4101 praescripta
815 4039 924 4085 moneta
977 4031 1133 4087 mansiones
1146 4037 1195 4084 aut
1205 4035 1317 4099 paratas
1328 4026 1478 4093 iaciendas,
1490 4036 1537 4082 ant
1549 4027 1673 4084 hominos
1684 4024 1768 4095 ipsius

134 4127 161 4180 in
187 4124 299 4195 praelata
313 4123 379 4179 urhe
392 4123 538 4192 saepedicto
550 4123 677 4192 episeopo
697 4130 779 4191 atque
792 4119 851 4191 ejus
865 4136 926 4176 suc·
976 4119 1135 4176 monasterii
1147 4127 1203 4174 tam
1215 4118 1346 4186 ingenuos
1358 4132 1439 4187 qnam
1452 4131 1547 4172 semes
1557 4116 1766 4192 distringendos,

133 4217 288 4273 sessoribus
311 4221 489 4287 permaneat;
511 4214 548 4267 ita
563 4222 654 4268 tamon
668 4222 698 4268 ut
714 4214 765 4268 hoc
778 4212 926 4283 praevideat
976 4227 1026 4268 nec
1042 4213 1112 4268 ullas
1127 4209 1321 4267 redhibitiones
1336 4209 1512 4278 requirendas
1538 4208 1596 4263 sive
1621 4206 1769 4277 exigendas

133 4317 190 4363 tam
206 4307 333 4379 praefixus
352 4306 477 4361 Aldricus
497 4320 577 4375 quarn
595 4312 623 4360 ct
636 4305 678 4359 sui
693 4320 879 4367 successores,
894 4312 926 4361 ut
976 4303 1030 4359 ullo
1055 4316 1174 4372 unquam
1195 4309 1316 4369 tempore
1334 4298 1437 4369 ingredi
1461 4303 1629 4368 praesumat,
1654 4303 1701 4350 aut
1722 4310 1769 4350 cx·

134 4399 224 4470 aliqua
235 4398 339 4454 laisitas
352 4398 379 4453 iu
394 4397 450 4467 ipsa
463 4404 569 4451 moneta
581 4411 635 4450 non
642 4405 781 4465 appareat.
791 4396 858 4451 Etut
868 4395 925 4450 baec
938 4423 964 4481 D
976 4395 1086 4466 quirem
1102 4393 1201 4448 audeat
1213 4409 1220 4458 ;
1238 4392 1287 4447 sed
1300 4390 1430 4460 quidquid
1449 4391 1546 4445 exinde
1561 4388 1643 4444 ltscns
1657 4401 1769 4458 sperare

134 4488 275 4543 concessio
299 4496 393 4542 nostra
408 4486 453 4540 'dc
468 4485 595 4554 predicta
611 4493 718 4539 moneta
742 4484 840 4539 tuturis
855 4500 923 4540 con·
976 4494 1102 4555 poterat,
1125 4491 1210 4539 totum
1225 4484 1252 4537 in
1263 4482 1407 4536 luminaria
1421 4481 1540 4549 ejusdem
1553 4479 1675 4534 ccclesia
1688 4485 1769 4548 atquc

135 4585 257 4634 servetur
272 4577 458 4655 temporibus,
475 4591 555 4644 quam
579 4591 629 4630 nos
648 4591 698 4644 pro
720 4575 768 4630 Dei
792 4591 885 4631 amore
897 4583 925 4631 et
975 4578 1154 4633 necessitates
1173 4572 1391 4645 congregationis
1413 4573 1439 4626 in
1456 4585 1489 4627 eo
1501 4569 1614 4624 Domino
1627 4568 1769 4623 militantis

134 4684 184 4738 pro
197 4668 348 4723 reverentia
364 4667 448 4737 ipsius
463 4666 516 4720 loci
529 4664 588 4720 fieri
608 4663 758 4732 jussimus,
787 4675 816 4719 et
834 4665 925 4721 verius
976 4666 1156 4724 sublevandas
1180 4682 1209 4721 ac
1235 4664 1384 4719 lnlciendas
1411 4669 1542 4733 perpetuo
1573 4661 1652 4716 cedat
1687 4667 1769 4729 atque

134 4762 264 4817 credatur
278 4768 305 4816 et
327 4759 481 4830 diligentius
504 4765 701 4823 conservetur,
723 4771 805 4812 ntanu
831 4767 924 4813 nostra
976 4758 1114 4828 prohciat,
1128 4765 1262 4828 qnatenus
1273 4762 1449 4811 memoratam
1463 4753 1700 4824 congregationem
1715 4762 1766 4820 pro
1861 4760 1871 4775 ·

134 4853 227 4908 subter
258 4851 445 4909 tirmavimus.
470 4856 499 4904 et
525 4848 559 4904 de
582 4849 682 4904 annulo
703 4857 798 4904 nostro
813 4849 924 4921 sigillari
979 4850 1068 4914 nohis,
1083 4848 1206 4919 conjuge,
1224 4862 1256 4902 ac
1270 4846 1346 4918 prole
1360 4854 1466 4909 nostra,
1481 4851 1508 4898 et
1524 4842 1671 4898 stabilitate
1684 4839 1769 4895 totius

130 4944 271 5014 jussimus.
979 4942 1085 5009 imperii
1099 4941 1184 4994 nostri
1206 4939 1312 4994 bantini
1332 4935 1548 4991 misericordiam
1567 4934 1696 4988 attentius
1706 4946 1770 4986 exo-

172 5036 286 5107 Signum
301 5035 428 5092 Ludovici
445 5033 562 5106 piissimi
576 5033 761 5102 imperatoris.
979 5047 1041 5088 rare
1048 5033 1171 5087 delectet.
1184 5030 1213 5085 Si
1225 5030 1287 5098 quis
1301 5036 1390 5083 autem
1401 5026 1552 5096 judiciariae
1564 5022 1768 5094 potcstatistam

173 5128 373 5183 llirminmarns
392 5127 514 5181 numnius
538 5126 572 5181 ad
604 5126 692 5181 vicem
710 5124 830 5194 lingonis
851 5139 926 5182 reco-
979 5123 1140 5180 temerarius
1163 5121 1352 5184 exstiterit,ut
1378 5119 1448 5174 hanc
1472 5125 1593 5172 nostram
1619 5127 1768 5184 eorumque

135 5222 216 5295 gnoti
233 5228 262 5275 et
278 5220 436 5288 subscripsi.
978 5215 1173 5285 praeceptiones
1190 5213 1292 5267 violare
1312 5219 1435 5274 cantetur,
1457 5208 1563 5264 noverit
1589 5222 1628 5271 se,
1653 5207 1725 5261 sicut
1742 5205 1770 5259 iu

173 5310 240 5365 llata
258 5325 285 5363 xt
303 5308 362 5362 llal.
380 5307 491 5376 Aprilis,
515 5324 596 5372 anno,
621 5307 729 5362 Christo
745 5308 873 5377 propitio,
890 5307 926 5364 25
977 5308 1205 5377 predecessorum
1215 5312 1370 5359 nostronrm
1382 5300 1595 5356 immunitatibus
1603 5297 1769 5360 continetur,

137 5402 245 5470 imperii
272 5399 364 5455 domni
393 5398 520 5453 ludovici
546 5398 661 5469 piissimi
686 5398 816 5469 Augusti,
841 5398 928 5455 indic-
979 5397 1146 5452 aeschessc
1158 5392 1771 5461 multandum,erqnilutsduaspartcsrecto·

138 5490 211 5545 tione
226 5490 268 5544 tt.
285 5494 288 5499 ’
978 5503 1022 5542 res
1036 5486 1178 5542 memorati
1195 5484 1368 5547 monasterii,
1386 5483 1492 5537 tertiam
1508 5495 1571 5536 vcro
1583 5481 1664 5534 hscus
1677 5485 1771 5533 noster

171 5581 269 5636 Actum
282 5580 444 5653 hqnisgraui
456 5578 556 5650 palatio
576 5577 650 5648 regio
666 5579 692 5634 iu
705 5579 751 5635 [lei
764 5578 873 5635 nomine
888 5577 927 5636 lo·
980 5579 1106 5649 accipiat.
1129 5579 1162 5632 Et
1181 5587 1210 5631 ut
1225 5578 1283 5632 hacc
1302 5586 1394 5631 nostra
1415 5574 1562 5630 auctoritas
1587 5570 1768 5628 inviolabilem

137 5672 235 5732 hciter.
250 5672 345 5730 Amen.
980 5679 1006 5727 ct
1020 5668 1207 5726 inconvulsam
1220 5668 1341 5723 obtineat
1355 5665 1528 5736 firmitatem,
1552 5679 1633 5720 mauu
1657 5659 1766 5736 propria
