<?xml version="1.0" encoding="UTF-8"?>
<!DOCTYPE html PUBLIC "-//W3C//DTD XHTML 1.0 Transitional//EN"
    "http://www.w3.org/TR/xhtml1/DTD/xhtml1-transitional.dtd">
<html xmlns="http://www.w3.org/1999/xhtml" xml:lang="en" lang="en">
 <head>
  <title>
</title>
<meta http-equiv="Content-Type" content="text/html;charset=utf-8" />
  <meta name='ocr-system' content='tesseract 3.04.00' />
  <meta name='ocr-capabilities' content='ocr_page ocr_carea ocr_par ocr_line ocrx_word'/>
</head>
<body>
  <div class='ocr_page' id='page_1' title='image "./patrologiaecurs103migngoog/patrologiaecurs103migngoog_0162.png"; bbox 0 0 3832 6120; ppageno 0'>
   <div class='ocr_carea' id='block_1_1' title="bbox 150 274 1786 340">
    <p class='ocr_par' dir='ltr' id='par_1_1' title="bbox 150 274 1786 340">
     <span class='ocr_line' id='line_1_1' title="bbox 150 274 1786 340; baseline -0.002 0"><span class='ocrx_word' id='word_1_1' title='bbox 150 279 205 340; x_wconf 70' lang='lat'>813</span> <span class='ocrx_word' id='word_1_2' title='bbox 694 278 798 336; x_wconf 80' lang='lat' dir='ltr'>trouu</span> <span class='ocrx_word' id='word_1_3' title='bbox 817 276 886 335; x_wconf 77' lang='lat' dir='ltr'>PRO</span> <span class='ocrx_word' id='word_1_4' title='bbox 904 274 1006 332; x_wconf 75' lang='lat' dir='ltr'>ottus</span> <span class='ocrx_word' id='word_1_5' title='bbox 1024 275 1187 334; x_wconf 73' lang='lat' dir='ltr'>bonotto</span> <span class='ocrx_word' id='word_1_6' title='bbox 1207 276 1259 332; x_wconf 77' lang='lat' dir='ltr'>ott.</span> <span class='ocrx_word' id='word_1_7' title='bbox 1732 280 1786 337; x_wconf 68' lang='lat' dir='ltr'>Sil</span> 
     </span>
    </p>
   </div>
   <div class='ocr_carea' id='block_1_2' title="bbox 144 389 1790 2736">
    <p class='ocr_par' dir='ltr' id='par_1_2' title="bbox 147 389 1790 832">
     <span class='ocr_line' id='line_1_2' title="bbox 149 389 1789 463; baseline 0.003 -14"><span class='ocrx_word' id='word_1_8' title='bbox 149 395 274 457; x_wconf 73' lang='lat' dir='ltr'>Ecclesia</span> <span class='ocrx_word' id='word_1_9' title='bbox 285 393 335 451; x_wconf 85' lang='lat' dir='ltr'>bet</span> <span class='ocrx_word' id='word_1_10' title='bbox 353 392 422 458; x_wconf 88' lang='lat' dir='ltr'>rivi,</span> <span class='ocrx_word' id='word_1_11' title='bbox 438 392 562 448; x_wconf 89' lang='lat' dir='ltr'>columna</span> <span class='ocrx_word' id='word_1_12' title='bbox 583 399 612 447; x_wconf 89' lang='lat' dir='ltr'>et</span> <span class='ocrx_word' id='word_1_13' title='bbox 625 391 825 450; x_wconf 82' lang='lat' dir='ltr'>firmamentum</span> <span class='ocrx_word' id='word_1_14' title='bbox 845 393 943 448; x_wconf 84' lang='lat' dir='ltr'>verita·</span> <span class='ocrx_word' id='word_1_15' title='bbox 956 390 983 451; x_wconf 72' lang='grc' dir='ltr'><strong>Α</strong></span> <span class='ocrx_word' id='word_1_16' title='bbox 994 389 1132 457; x_wconf 91' lang='lat' dir='ltr'>dicuntur,</span> <span class='ocrx_word' id='word_1_17' title='bbox 1161 391 1236 448; x_wconf 88' lang='lat' dir='ltr'>ludat</span> <span class='ocrx_word' id='word_1_18' title='bbox 1253 393 1403 462; x_wconf 89' lang='lat' dir='ltr'>pueriliter,</span> <span class='ocrx_word' id='word_1_19' title='bbox 1430 396 1615 463; x_wconf 75' lang='lat' dir='ltr'>spectantibus</span> <span class='ocrx_word' id='word_1_20' title='bbox 1637 397 1718 452; x_wconf 86' lang='lat' dir='ltr'>etiam</span> <span class='ocrx_word' id='word_1_21' title='bbox 1739 399 1789 454; x_wconf 91' lang='lat' dir='ltr'>ali·</span> 
     </span>
     <span class='ocr_line' id='line_1_3' title="bbox 149 482 1790 560; baseline 0.002 -18"><span class='ocrx_word' id='word_1_22' title='bbox 149 489 203 554; x_wconf 77' lang='lat' dir='ltr'>tis,</span> <span class='ocrx_word' id='word_1_23' title='bbox 234 494 296 542; x_wconf 89' lang='lat' dir='ltr'>orat</span> <span class='ocrx_word' id='word_1_24' title='bbox 321 495 351 542; x_wconf 94' lang='lat' dir='ltr'>ut</span> <span class='ocrx_word' id='word_1_25' title='bbox 374 485 608 543; x_wconf 78' lang='lat' dir='ltr'>christianissimo</span> <span class='ocrx_word' id='word_1_26' title='bbox 646 487 804 558; x_wconf 89' lang='lat' dir='ltr'>imperatori</span> <span class='ocrx_word' id='word_1_27' title='bbox 835 487 945 543; x_wconf 88' lang='lat' dir='ltr'>barbari</span> <span class='ocrx_word' id='word_1_28' title='bbox 996 482 1095 550; x_wconf 76' lang='lat' dir='ltr'>(litibus</span> <span class='ocrx_word' id='word_1_29' title='bbox 1112 484 1146 538; x_wconf 91' lang='lat' dir='ltr'>de</span> <span class='ocrx_word' id='word_1_30' title='bbox 1166 485 1261 539; x_wconf 79' lang='lat' dir='ltr'><strong>ordine</strong></span> <span class='ocrx_word' id='word_1_31' title='bbox 1279 485 1451 551; x_wconf 83' lang='lat' dir='ltr'>sacerdotali,</span> <span class='ocrx_word' id='word_1_32' title='bbox 1471 495 1499 542; x_wconf 88' lang='lat' dir='ltr'>et</span> <span class='ocrx_word' id='word_1_33' title='bbox 1518 487 1531 527; x_wconf 75' lang='lat'>⁴¹</span> <span class='ocrx_word' id='word_1_34' title='bbox 1548 489 1685 560; x_wconf 88' lang='lat' dir='ltr'>plerisque</span> <span class='ocrx_word' id='word_1_35' title='bbox 1705 490 1790 546; x_wconf 87' lang='lat' dir='ltr'>collu-</span> 
     </span>
     <span class='ocr_line' id='line_1_4' title="bbox 148 572 1786 652; baseline 0.001 -17"><span class='ocrx_word' id='word_1_36' title='bbox 148 577 341 651; x_wconf 74' lang='lat' dir='ltr'>mbiiciantur,</span> <span class='ocrx_word' id='word_1_37' title='bbox 363 592 417 633; x_wconf 90' lang='lat' dir='ltr'>noo</span> <span class='ocrx_word' id='word_1_38' title='bbox 437 584 469 632; x_wconf 90' lang='lat' dir='ltr'>ut</span> <span class='ocrx_word' id='word_1_39' title='bbox 491 576 605 647; x_wconf 89' lang='lat' dir='ltr'>subjecti</span> <span class='ocrx_word' id='word_1_40' title='bbox 624 579 819 634; x_wconf 77' lang='lat' dir='ltr'>conturbentur</span> <span class='ocrx_word' id='word_1_41' title='bbox 839 586 866 632; x_wconf 93' lang='lat' dir='ltr'>et</span> <span class='ocrx_word' id='word_1_42' title='bbox 882 577 946 632; x_wconf 89' lang='lat' dir='ltr'>bar-</span> <span class='ocrx_word' id='word_1_43' title='bbox 996 572 1132 640; x_wconf 91' lang='lat' dir='ltr'>dentibns,</span> <span class='ocrx_word' id='word_1_44' title='bbox 1157 575 1202 644; x_wconf 91' lang='lat' dir='ltr'>qui</span> <span class='ocrx_word' id='word_1_45' title='bbox 1223 574 1383 646; x_wconf 84' lang='lat' dir='ltr'>(secundum</span> <span class='ocrx_word' id='word_1_46' title='bbox 1409 575 1524 632; x_wconf 84' lang='lat' dir='ltr'>formam</span> <span class='ocrx_word' id='word_1_47' title='bbox 1546 594 1627 648; x_wconf 87' lang='lat' dir='ltr'>quam</span> <span class='ocrx_word' id='word_1_48' title='bbox 1641 579 1786 652; x_wconf 77' lang='lat' dir='ltr'>Apostolus</span> 
     </span>
     <span class='ocr_line' id='line_1_5' title="bbox 148 665 1786 742; baseline -0.001 -10"><span class='ocrx_word' id='word_1_49' title='bbox 148 673 318 732; x_wconf 85' lang='lat' dir='ltr'>barizentur.</span> <span class='ocrx_word' id='word_1_50' title='bbox 335 670 428 740; x_wconf 86' lang='lat' dir='ltr'>Neque</span> <span class='ocrx_word' id='word_1_51' title='bbox 442 671 516 726; x_wconf 90' lang='lat' dir='ltr'>enim</span> <span class='ocrx_word' id='word_1_52' title='bbox 529 670 756 727; x_wconf 75' lang='lat' dir='ltr'>christianissimi</span> <span class='ocrx_word' id='word_1_53' title='bbox 772 672 945 742; x_wconf 88' lang='lat' dir='ltr'>imperatoris</span> <span class='ocrx_word' id='word_1_54' title='bbox 996 665 1092 720; x_wconf 70' lang='lat' dir='ltr'>scribit</span> <span class='ocrx_word' id='word_1_55' title='bbox 1112 665 1145 720; x_wconf 79' lang='lat' dir='ltr'>do</span> <span class='ocrx_word' id='word_1_56' title='bbox 1168 665 1300 736; x_wconf 71' lang='lat' dir='ltr'>elisendis</span> <span class='ocrx_word' id='word_1_57' title='bbox 1322 667 1466 737; x_wconf 65' lang='lat' dir='ltr'>episcopis,</span> <span class='ocrx_word' id='word_1_58' title='bbox 1491 669 1584 723; x_wconf 74' lang='lat' dir='ltr'>dicens</span> <span class='ocrx_word' id='word_1_59' title='bbox 1596 686 1603 721; x_wconf 68' lang='grc' dir='ltr'><em>τ</em></span> <span class='ocrx_word' id='word_1_60' title='bbox 1616 669 1716 725; x_wconf 68' lang='lat' dir='ltr'>Domui</span> <span class='ocrx_word' id='word_1_61' title='bbox 1730 687 1786 725; x_wconf 63' lang='grc' dir='ltr'>τιατ</span> 
     </span>
     <span class='ocr_line' id='line_1_6' title="bbox 147 754 1785 832; baseline 0.001 -20"><span class='ocrx_word' id='word_1_62' title='bbox 147 771 191 822; x_wconf 66' lang='lat' dir='ltr'>eet</span> <span class='ocrx_word' id='word_1_63' title='bbox 204 762 505 832; x_wconf 25' lang='lat' dir='ltr'>subjectoslertnrbare</span> <span class='ocrx_word' id='word_1_64' title='bbox 522 769 549 816; x_wconf 90' lang='lat' dir='ltr'>ct</span> <span class='ocrx_word' id='word_1_65' title='bbox 567 762 659 817; x_wconf 84' lang='lat' dir='ltr'>unitos</span> <span class='ocrx_word' id='word_1_66' title='bbox 673 762 804 818; x_wconf 74' lang='lat' dir='ltr'>dividere.</span> <span class='ocrx_word' id='word_1_67' title='bbox 995 754 1058 809; x_wconf 83' lang='lat' dir='ltr'>bene</span> <span class='ocrx_word' id='word_1_68' title='bbox 1070 757 1251 829; x_wconf 73' lang='lat' dir='ltr'>prepositum,</span> <span class='ocrx_word' id='word_1_69' title='bbox 1266 754 1335 824; x_wconf 73' lang='lat' dir='ltr'>filios</span> <span class='ocrx_word' id='word_1_70' title='bbox 1349 757 1484 810; x_wconf 82' lang='lat' dir='ltr'>boberucru</span> <span class='ocrx_word' id='word_1_71' title='bbox 1502 758 1620 812; x_wconf 78' lang='lat' dir='ltr'>subditos</span> <span class='ocrx_word' id='word_1_72' title='bbox 1635 776 1695 813; x_wconf 86' lang='lat' dir='ltr'>cum</span> <span class='ocrx_word' id='word_1_73' title='bbox 1713 761 1785 813; x_wconf 83' lang='lat' dir='ltr'>orani</span> 
     </span>
    </p>

    <p class='ocr_par' dir='ltr' id='par_1_3' title="bbox 144 845 1788 2555">
     <span class='ocr_line' id='line_1_7' title="bbox 182 845 1785 923; baseline -0.004 -14"><span class='ocrx_word' id='word_1_74' title='bbox 182 853 228 911; x_wconf 79' lang='grc' dir='ltr'>Ν.</span> <span class='ocrx_word' id='word_1_75' title='bbox 249 851 271 910; x_wconf 94' lang='lat'>0</span> <span class='ocrx_word' id='word_1_76' title='bbox 290 852 404 907; x_wconf 83' lang='lat' dir='ltr'>Domine</span> <span class='ocrx_word' id='word_1_77' title='bbox 419 851 491 906; x_wconf 86' lang='lat' dir='ltr'>Deus</span> <span class='ocrx_word' id='word_1_78' title='bbox 506 852 568 906; x_wconf 84' lang='lat' dir='ltr'>cmii</span> <span class='ocrx_word' id='word_1_79' title='bbox 581 868 613 907; x_wconf 85' lang='lat' dir='ltr'>ae</span> <span class='ocrx_word' id='word_1_80' title='bbox 628 860 718 918; x_wconf 76' lang='lat' dir='ltr'>terrae,</span> <span class='ocrx_word' id='word_1_81' title='bbox 734 868 783 908; x_wconf 91' lang='lat' dir='ltr'>cur</span> <span class='ocrx_word' id='word_1_82' title='bbox 795 851 944 923; x_wconf 83' lang='lat' dir='ltr'>permisisti</span> <span class='ocrx_word' id='word_1_83' title='bbox 994 845 1130 910; x_wconf 74' lang='lat' dir='ltr'>caetitate,·</span> <span class='ocrx_word' id='word_1_84' title='bbox 1154 847 1215 917; x_wconf 84' lang='lat' dir='ltr'>quin</span> <span class='ocrx_word' id='word_1_85' title='bbox 1234 846 1258 900; x_wconf 82' lang='lat' dir='ltr'>si</span> <span class='ocrx_word' id='word_1_86' title='bbox 1280 847 1338 916; x_wconf 87' lang='lat' dir='ltr'>quis</span> <span class='ocrx_word' id='word_1_87' title='bbox 1360 846 1453 900; x_wconf 81' lang='lat' dir='ltr'>deutur</span> <span class='ocrx_word' id='word_1_88' title='bbox 1476 864 1532 901; x_wconf 78' lang='lat' dir='ltr'>rue</span> <span class='ocrx_word' id='word_1_89' title='bbox 1554 865 1666 920; x_wconf 71' lang='lat' dir='ltr'>petresse</span> <span class='ocrx_word' id='word_1_90' title='bbox 1695 852 1785 913; x_wconf 83' lang='lat' dir='ltr'>nescit,</span> 
     </span>
     <span class='ocr_line' id='line_1_8' title="bbox 147 934 1788 1010; baseline 0.001 -19"><span class='ocrx_word' id='word_1_91' title='bbox 147 943 338 1001; x_wconf 78' lang='lat' dir='ltr'>fidelissimum</span> <span class='ocrx_word' id='word_1_92' title='bbox 353 950 380 996; x_wconf 82' lang='lat' dir='ltr'>ct</span> <span class='ocrx_word' id='word_1_93' title='bbox 397 941 660 997; x_wconf 78' lang='lat' dir='ltr'>Christianissimnm</span> <span class='ocrx_word' id='word_1_94' title='bbox 674 958 783 998; x_wconf 81' lang='lat' dir='ltr'>servum</span> <span class='ocrx_word' id='word_1_95' title='bbox 802 950 878 998; x_wconf 80' lang='lat' dir='ltr'>tuum</span> <span class='ocrx_word' id='word_1_96' title='bbox 893 943 943 999; x_wconf 81' lang='lat' dir='ltr'>im·</span> <span class='ocrx_word' id='word_1_97' title='bbox 993 934 1124 1006; x_wconf 71' lang='lat' dir='ltr'>quomodo</span> <span class='ocrx_word' id='word_1_98' title='bbox 1140 935 1268 990; x_wconf 68' lang='lat' dir='ltr'>Ecclesiae</span> <span class='ocrx_word' id='word_1_99' title='bbox 1283 935 1333 989; x_wconf 77' lang='lat' dir='ltr'>Det¹</span> <span class='ocrx_word' id='word_1_100' title='bbox 1353 935 1518 1004; x_wconf 75' lang='lat' dir='ltr'>dt&#39;lt&#39;qettfiam</span> <span class='ocrx_word' id='word_1_101' title='bbox 1536 936 1639 991; x_wconf 76' lang='lat' dir='ltr'>ltudcdt&#39;l</span> <span class='ocrx_word' id='word_1_102' title='bbox 1649 938 1672 1010; x_wconf 77' lang='lat' dir='ltr'>i)</span> <span class='ocrx_word' id='word_1_103' title='bbox 1691 940 1788 1008; x_wconf 74' lang='lat' dir='ltr'>proetli-</span> 
     </span>
     <span class='ocr_line' id='line_1_9' title="bbox 146 1025 1787 1103; baseline -0.002 -16"><span class='ocrx_word' id='word_1_104' title='bbox 146 1040 431 1103; x_wconf 87' lang='lat' dir='ltr'>peratoremnostrunt</span> <span class='ocrx_word' id='word_1_105' title='bbox 443 1030 470 1085; x_wconf 89' lang='lat' dir='ltr'>iu</span> <span class='ocrx_word' id='word_1_106' title='bbox 484 1039 585 1084; x_wconf 92' lang='lat' dir='ltr'>tantam</span> <span class='ocrx_word' id='word_1_107' title='bbox 599 1031 727 1086; x_wconf 79' lang='lat' dir='ltr'>devenire</span> <span class='ocrx_word' id='word_1_108' title='bbox 742 1032 941 1103; x_wconf 76' lang='lat' dir='ltr'>negligentiam,</span> <span class='ocrx_word' id='word_1_109' title='bbox 993 1042 1057 1082; x_wconf 91' lang='lat' dir='ltr'>care</span> <span class='ocrx_word' id='word_1_110' title='bbox 1075 1027 1225 1082; x_wconf 77' lang='lat' dir='ltr'>debuerant</span> <span class='ocrx_word' id='word_1_111' title='bbox 1240 1027 1354 1083; x_wconf 79' lang='lat' dir='ltr'>dominat</span> <span class='ocrx_word' id='word_1_112' title='bbox 1376 1025 1499 1081; x_wconf 91' lang='lat' dir='ltr'>ludenti:</span> <span class='ocrx_word' id='word_1_113' title='bbox 1523 1025 1551 1080; x_wconf 91' lang='lat' dir='ltr'>Si</span> <span class='ocrx_word' id='word_1_114' title='bbox 1568 1042 1620 1096; x_wconf 88' lang='lat' dir='ltr'>qua</span> <span class='ocrx_word' id='word_1_115' title='bbox 1634 1029 1726 1098; x_wconf 79' lang='lat' dir='ltr'>regina</span> <span class='ocrx_word' id='word_1_116' title='bbox 1744 1044 1787 1084; x_wconf 86' lang='lat' dir='ltr'>se·</span> 
     </span>
     <span class='ocr_line' id='line_1_10' title="bbox 149 1115 1787 1192; baseline -0.007 -15"><span class='ocrx_word' id='word_1_117' title='bbox 149 1131 210 1177; x_wconf 85' lang='grc' dir='ltr'>·ιιι</span> <span class='ocrx_word' id='word_1_118' title='bbox 239 1122 332 1177; x_wconf 87' lang='lat' dir='ltr'>videre</span> <span class='ocrx_word' id='word_1_119' title='bbox 354 1120 421 1177; x_wconf 89' lang='lat' dir='ltr'>nolit</span> <span class='ocrx_word' id='word_1_120' title='bbox 444 1122 542 1192; x_wconf 91' lang='lat' dir='ltr'>quibus</span> <span class='ocrx_word' id='word_1_121' title='bbox 574 1123 652 1178; x_wconf 89' lang='lat' dir='ltr'>malis</span> <span class='ocrx_word' id='word_1_122' title='bbox 683 1125 865 1179; x_wconf 86' lang='lat' dir='ltr'>circumdatus</span> <span class='ocrx_word' id='word_1_123' title='bbox 891 1125 944 1179; x_wconf 85' lang='lat' dir='ltr'>sit?</span> <span class='ocrx_word' id='word_1_124' title='bbox 994 1115 1136 1184; x_wconf 70' lang='lat' dir='ltr'>metipsam</span> <span class='ocrx_word' id='word_1_125' title='bbox 1157 1130 1319 1186; x_wconf 75' lang='lat' dir='ltr'>regerenon</span> <span class='ocrx_word' id='word_1_126' title='bbox 1344 1115 1430 1180; x_wconf 91' lang='lat' dir='ltr'>novit,</span> <span class='ocrx_word' id='word_1_127' title='bbox 1448 1117 1583 1185; x_wconf 80' lang='lat' dir='ltr'>quomodo</span> <span class='ocrx_word' id='word_1_128' title='bbox 1598 1115 1787 1173; x_wconf 75' lang='lat' dir='ltr'>dehonestare</span> 
     </span>
     <span class='ocr_line' id='line_1_11' title="bbox 147 1207 1785 1286; baseline -0.003 -18"><span class='ocrx_word' id='word_1_129' title='bbox 147 1212 241 1286; x_wconf 67' lang='lat' dir='ltr'>lhligit</span> <span class='ocrx_word' id='word_1_130' title='bbox 254 1212 326 1269; x_wconf 91' lang='lat' dir='ltr'>enim</span> <span class='ocrx_word' id='word_1_131' title='bbox 339 1212 461 1269; x_wconf 88' lang='lat' dir='ltr'>odientes</span> <span class='ocrx_word' id='word_1_132' title='bbox 475 1228 516 1277; x_wconf 91' lang='lat' dir='ltr'>se,</span> <span class='ocrx_word' id='word_1_133' title='bbox 531 1221 559 1268; x_wconf 93' lang='lat' dir='ltr'>et</span> <span class='ocrx_word' id='word_1_134' title='bbox 573 1214 631 1268; x_wconf 92' lang='lat' dir='ltr'>odit</span> <span class='ocrx_word' id='word_1_135' title='bbox 644 1213 790 1283; x_wconf 76' lang='lat' dir='ltr'>diligentes</span> <span class='ocrx_word' id='word_1_136' title='bbox 805 1230 844 1269; x_wconf 91' lang='lat' dir='ltr'>se.</span> <span class='ocrx_word' id='word_1_137' title='bbox 872 1213 943 1280; x_wconf 80' lang='lat' dir='ltr'>Quid</span> <span class='ocrx_word' id='word_1_138' title='bbox 992 1207 1085 1277; x_wconf 86' lang='lat' dir='ltr'>palatii</span> <span class='ocrx_word' id='word_1_139' title='bbox 1108 1223 1200 1262; x_wconf 87' lang='lat' dir='ltr'>euram</span> <span class='ocrx_word' id='word_1_140' title='bbox 1224 1209 1353 1263; x_wconf 83' lang='lat' dir='ltr'>lraltebiti</span> <span class='ocrx_word' id='word_1_141' title='bbox 1377 1217 1434 1262; x_wconf 85' lang='lat' dir='ltr'>aut·</span> <span class='ocrx_word' id='word_1_142' title='bbox 1445 1208 1581 1276; x_wconf 88' lang='lat' dir='ltr'>quomodo</span> <span class='ocrx_word' id='word_1_143' title='bbox 1605 1210 1785 1279; x_wconf 79' lang='lat' dir='ltr'>gubernacula</span> 
     </span>
     <span class='ocr_line' id='line_1_12' title="bbox 147 1299 1786 1376; baseline -0.002 -14"><span class='ocrx_word' id='word_1_144' title='bbox 147 1305 285 1362; x_wconf 79' lang='lat' dir='ltr'>sinerum</span> <span class='ocrx_word' id='word_1_145' title='bbox 300 1312 344 1359; x_wconf 89' lang='lat' dir='ltr'>est</span> <span class='ocrx_word' id='word_1_146' title='bbox 357 1303 429 1373; x_wconf 89' lang='lat' dir='ltr'>quod</span> <span class='ocrx_word' id='word_1_147' title='bbox 440 1303 573 1375; x_wconf 87' lang='lat' dir='ltr'>plerique,</span> <span class='ocrx_word' id='word_1_148' title='bbox 589 1304 635 1373; x_wconf 91' lang='lat' dir='ltr'>qui</span> <span class='ocrx_word' id='word_1_149' title='bbox 650 1304 775 1360; x_wconf 88' lang='lat' dir='ltr'>subtilius</span> <span class='ocrx_word' id='word_1_150' title='bbox 793 1304 943 1376; x_wconf 74' lang='lat' dir='ltr'>intelligere</span> <span class='ocrx_word' id='word_1_151' title='bbox 993 1299 1070 1370; x_wconf 72' lang='lat' dir='ltr'>rocol</span> <span class='ocrx_word' id='word_1_152' title='bbox 1094 1299 1238 1369; x_wconf 73' lang='lat' dir='ltr'>diligenter</span> <span class='ocrx_word' id='word_1_153' title='bbox 1264 1301 1394 1355; x_wconf 77' lang='lat' dir='ltr'>exercet?</span> <span class='ocrx_word' id='word_1_154' title='bbox 1412 1299 1551 1355; x_wconf 77' lang='lat' dir='ltr'>Reducem</span> <span class='ocrx_word' id='word_1_155' title='bbox 1573 1315 1681 1370; x_wconf 85' lang='lat' dir='ltr'>quoque</span> <span class='ocrx_word' id='word_1_156' title='bbox 1703 1302 1729 1355; x_wconf 86' lang='lat' dir='ltr'>ei</span> <span class='ocrx_word' id='word_1_157' title='bbox 1752 1302 1786 1354; x_wconf 87' lang='lat' dir='ltr'>ad</span> 
     </span>
     <span class='ocr_line' id='line_1_13' title="bbox 147 1389 1785 1463; baseline -0.002 -14"><span class='ocrx_word' id='word_1_158' title='bbox 147 1396 287 1463; x_wconf 83' lang='lat' dir='ltr'>ridentur,</span> <span class='ocrx_word' id='word_1_159' title='bbox 303 1393 453 1459; x_wconf 71' lang='lat' dir='ltr'>affirmant,</span> <span class='ocrx_word' id='word_1_160' title='bbox 473 1393 546 1463; x_wconf 91' lang='lat' dir='ltr'>quod</span> <span class='ocrx_word' id='word_1_161' title='bbox 563 1393 670 1449; x_wconf 89' lang='lat' dir='ltr'>seilicet</span> <span class='ocrx_word' id='word_1_162' title='bbox 683 1395 738 1457; x_wconf 85' lang='lat' dir='ltr'>sint</span> <span class='ocrx_word' id='word_1_163' title='bbox 757 1395 838 1463; x_wconf 90' lang='lat' dir='ltr'>aliqui</span> <span class='ocrx_word' id='word_1_164' title='bbox 858 1396 885 1450; x_wconf 87' lang='lat' dir='ltr'>in</span> <span class='ocrx_word' id='word_1_165' title='bbox 904 1396 943 1450; x_wconf 80' lang='lat' dir='ltr'>la·</span> <span class='ocrx_word' id='word_1_166' title='bbox 992 1389 1152 1444; x_wconf 89' lang='lat' dir='ltr'>memoriam</span> <span class='ocrx_word' id='word_1_167' title='bbox 1178 1391 1341 1453; x_wconf 87' lang='lat' dir='ltr'>debuerant,</span> <span class='ocrx_word' id='word_1_168' title='bbox 1363 1390 1434 1460; x_wconf 90' lang='lat' dir='ltr'>quod</span> <span class='ocrx_word' id='word_1_169' title='bbox 1458 1391 1620 1460; x_wconf 68' lang='lat' dir='ltr'>supradicta&gt;</span> <span class='ocrx_word' id='word_1_170' title='bbox 1644 1392 1785 1446; x_wconf 72' lang='lat' dir='ltr'>sententiae</span> 
     </span>
     <span class='ocr_line' id='line_1_14' title="bbox 147 1480 1784 1555; baseline -0.005 -12"><span class='ocrx_word' id='word_1_171' title='bbox 147 1482 288 1553; x_wconf 76' lang='lat' dir='ltr'>emejus,</span> <span class='ocrx_word' id='word_1_172' title='bbox 306 1483 353 1555; x_wconf 91' lang='lat' dir='ltr'>qui</span> <span class='ocrx_word' id='word_1_173' title='bbox 373 1482 510 1539; x_wconf 78' lang='lat' dir='ltr'>inhianter</span> <span class='ocrx_word' id='word_1_174' title='bbox 527 1489 687 1551; x_wconf 78' lang='lat' dir='ltr'>exspectant</span> <span class='ocrx_word' id='word_1_175' title='bbox 703 1483 894 1539; x_wconf 81' lang='lat' dir='ltr'>exterminium</span> <span class='ocrx_word' id='word_1_176' title='bbox 912 1484 942 1538; x_wconf 90' lang='lat' dir='ltr'>ft-</span> <span class='ocrx_word' id='word_1_177' title='bbox 992 1489 1174 1551; x_wconf 77' lang='lat' dir='ltr'>congruenter</span> <span class='ocrx_word' id='word_1_178' title='bbox 1191 1481 1277 1551; x_wconf 80' lang='lat' dir='ltr'>aputri</span> <span class='ocrx_word' id='word_1_179' title='bbox 1295 1488 1393 1550; x_wconf 88' lang='lat' dir='ltr'>potest,</span> <span class='ocrx_word' id='word_1_180' title='bbox 1407 1489 1536 1550; x_wconf 91' lang='lat' dir='ltr'>quantum</span> <span class='ocrx_word' id='word_1_181' title='bbox 1554 1488 1644 1534; x_wconf 90' lang='lat' dir='ltr'>tamen</span> <span class='ocrx_word' id='word_1_182' title='bbox 1658 1480 1692 1534; x_wconf 88' lang='lat' dir='ltr'>ad</span> <span class='ocrx_word' id='word_1_183' title='bbox 1707 1490 1784 1535; x_wconf 86' lang='lat' dir='ltr'>erte-</span> 
     </span>
     <span class='ocr_line' id='line_1_15' title="bbox 146 1568 1781 1645; baseline 0.002 -13"><span class='ocrx_word' id='word_1_184' title='bbox 146 1574 332 1645; x_wconf 74' lang='lat' dir='ltr'>temnens?</span> <span class='ocrx_word' id='word_1_185' title='bbox 346 1572 423 1641; x_wconf 78' lang='lat' dir='ltr'>poor</span> <span class='ocrx_word' id='word_1_186' title='bbox 438 1572 599 1636; x_wconf 66' lang='lat' dir='ltr'>sonuertnt,</span> <span class='ocrx_word' id='word_1_187' title='bbox 616 1571 744 1627; x_wconf 69' lang='lat' dir='ltr'>certunm</span> <span class='ocrx_word' id='word_1_188' title='bbox 758 1573 942 1630; x_wconf 67' lang='lat' dir='ltr'>tantuma</span> <span class='ocrx_word' id='word_1_189' title='bbox 992 1568 1091 1624; x_wconf 77' lang='lat' dir='ltr'>norem</span> <span class='ocrx_word' id='word_1_190' title='bbox 1117 1584 1225 1624; x_wconf 78' lang='lat' dir='ltr'>seusun</span> <span class='ocrx_word' id='word_1_191' title='bbox 1251 1571 1378 1638; x_wconf 66' lang='lat' dir='ltr'>eontinet</span> <span class='ocrx_word' id='word_1_192' title='bbox 1402 1570 1474 1638; x_wconf 75' lang='lat' dir='ltr'>quon</span> <span class='ocrx_word' id='word_1_193' title='bbox 1498 1570 1524 1624; x_wconf 82' lang='lat' dir='ltr'>n</span> <span class='ocrx_word' id='word_1_194' title='bbox 1547 1570 1602 1624; x_wconf 75' lang='lat' dir='ltr'>atto</span> <span class='ocrx_word' id='word_1_195' title='bbox 1623 1569 1684 1624; x_wconf 74' lang='lat'>¹000</span> <span class='ocrx_word' id='word_1_196' title='bbox 1704 1585 1781 1624; x_wconf 68' lang='lat' dir='ltr'>stoa</span> 
     </span>
     <span class='ocr_line' id='line_1_16' title="bbox 147 1647 1782 1733; baseline -0.005 -13"><span class='ocrx_word' id='word_1_197' title='bbox 147 1678 178 1720; x_wconf 85' lang='lat' dir='ltr'>se</span> <span class='ocrx_word' id='word_1_198' title='bbox 190 1671 221 1718; x_wconf 92' lang='lat' dir='ltr'>ut</span> <span class='ocrx_word' id='word_1_199' title='bbox 240 1662 266 1717; x_wconf 94' lang='lat' dir='ltr'>in</span> <span class='ocrx_word' id='word_1_200' title='bbox 287 1662 477 1732; x_wconf 78' lang='lat' dir='ltr'>imperatorem</span> <span class='ocrx_word' id='word_1_201' title='bbox 502 1659 612 1714; x_wconf 90' lang='lat' dir='ltr'>mittant</span> <span class='ocrx_word' id='word_1_202' title='bbox 632 1676 754 1728; x_wconf 87' lang='lat' dir='ltr'>matrum,</span> <span class='ocrx_word' id='word_1_203' title='bbox 775 1671 802 1716; x_wconf 94' lang='lat' dir='ltr'>et</span> <span class='ocrx_word' id='word_1_204' title='bbox 815 1662 829 1703; x_wconf 76' lang='lat' dir='ltr'>b</span> <span class='ocrx_word' id='word_1_205' title='bbox 841 1663 942 1733; x_wconf 90' lang='lat' dir='ltr'>disper·</span> <span class='ocrx_word' id='word_1_206' title='bbox 993 1659 1133 1730; x_wconf 89' lang='lat' dir='ltr'>Scriptura</span> <span class='ocrx_word' id='word_1_207' title='bbox 1148 1661 1213 1715; x_wconf 90' lang='lat' dir='ltr'>dicit</span> <span class='ocrx_word' id='word_1_208' title='bbox 1228 1678 1233 1713; x_wconf 92' lang='lat'>:</span> <span class='ocrx_word' id='word_1_209' title='bbox 1255 1659 1351 1714; x_wconf 86' lang='lat' dir='ltr'>llnlier</span> <span class='ocrx_word' id='word_1_210' title='bbox 1363 1647 1473 1730; x_wconf 75' lang='lat' dir='ltr'>dilipena</span> <span class='ocrx_word' id='word_1_211' title='bbox 1488 1676 1586 1714; x_wconf 87' lang='lat' dir='ltr'>corono</span> <span class='ocrx_word' id='word_1_212' title='bbox 1598 1670 1634 1714; x_wconf 81' lang='lat' dir='ltr'>eet</span> <span class='ocrx_word' id='word_1_213' title='bbox 1648 1662 1702 1714; x_wconf 86' lang='lat' dir='ltr'>uiro</span> <span class='ocrx_word' id='word_1_214' title='bbox 1716 1677 1782 1723; x_wconf 83' lang='lat' dir='ltr'>roo,·</span> 
     </span>
     <span class='ocr_line' id='line_1_17' title="bbox 148 1734 1784 1824; baseline -0.004 -14"><span class='ocrx_word' id='word_1_215' title='bbox 148 1755 218 1810; x_wconf 87' lang='lat' dir='ltr'>tlaut</span> <span class='ocrx_word' id='word_1_216' title='bbox 240 1754 291 1810; x_wconf 93' lang='lat' dir='ltr'>sibi</span> <span class='ocrx_word' id='word_1_217' title='bbox 317 1768 440 1824; x_wconf 81' lang='lat' dir='ltr'>regnum.</span> <span class='ocrx_word' id='word_1_218' title='bbox 460 1750 517 1806; x_wconf 87' lang='lat' dir='ltr'>Hoc</span> <span class='ocrx_word' id='word_1_219' title='bbox 535 1759 626 1805; x_wconf 92' lang='lat' dir='ltr'>utrum</span> <span class='ocrx_word' id='word_1_220' title='bbox 649 1767 741 1806; x_wconf 86' lang='lat' dir='ltr'>verunt</span> <span class='ocrx_word' id='word_1_221' title='bbox 757 1752 803 1817; x_wconf 92' lang='lat' dir='ltr'>sit,</span> <span class='ocrx_word' id='word_1_222' title='bbox 827 1753 876 1822; x_wconf 90' lang='lat' dir='ltr'>ipsi</span> <span class='ocrx_word' id='word_1_223' title='bbox 893 1768 941 1807; x_wconf 76' lang='lat' dir='ltr'>no</span> <span class='ocrx_word' id='word_1_224' title='bbox 955 1734 979 1795; x_wconf 78' lang='grc' dir='ltr'><strong>Β</strong></span> <span class='ocrx_word' id='word_1_225' title='bbox 992 1759 1016 1805; x_wconf 89' lang='lat' dir='ltr'>ct</span> <span class='ocrx_word' id='word_1_226' title='bbox 1026 1751 1138 1821; x_wconf 86' lang='lat' dir='ltr'>putredo</span> <span class='ocrx_word' id='word_1_227' title='bbox 1162 1752 1189 1804; x_wconf 89' lang='lat' dir='ltr'>in</span> <span class='ocrx_word' id='word_1_228' title='bbox 1204 1751 1304 1804; x_wconf 84' lang='lat' dir='ltr'>ossibus</span> <span class='ocrx_word' id='word_1_229' title='bbox 1323 1751 1380 1819; x_wconf 78' lang='lat' dir='ltr'>ejus</span> <span class='ocrx_word' id='word_1_230' title='bbox 1393 1767 1451 1820; x_wconf 82' lang='lat' dir='ltr'>qrtrr</span> <span class='ocrx_word' id='word_1_231' title='bbox 1472 1750 1625 1818; x_wconf 77' lang='lat' dir='ltr'>confusione</span> <span class='ocrx_word' id='word_1_232' title='bbox 1637 1767 1677 1804; x_wconf 85' lang='lat' dir='ltr'>rer</span> <span class='ocrx_word' id='word_1_233' title='bbox 1689 1750 1784 1820; x_wconf 70' lang='lat' dir='ltr'>dspunr</span> 
     </span>
     <span class='ocr_line' id='line_1_18' title="bbox 146 1841 1785 1914; baseline -0.003 -14"><span class='ocrx_word' id='word_1_234' title='bbox 146 1852 220 1900; x_wconf 87' lang='lat' dir='ltr'>runt.</span> <span class='ocrx_word' id='word_1_235' title='bbox 237 1842 313 1898; x_wconf 85' lang='lat' dir='ltr'>biulti</span> <span class='ocrx_word' id='word_1_236' title='bbox 332 1850 422 1896; x_wconf 79' lang='lat' dir='ltr'>taatren</span> <span class='ocrx_word' id='word_1_237' title='bbox 441 1850 514 1907; x_wconf 92' lang='lat' dir='ltr'>sunt,</span> <span class='ocrx_word' id='word_1_238' title='bbox 540 1841 585 1911; x_wconf 90' lang='lat' dir='ltr'>qui</span> <span class='ocrx_word' id='word_1_239' title='bbox 606 1856 660 1896; x_wconf 89' lang='lat' dir='ltr'>uon</span> <span class='ocrx_word' id='word_1_240' title='bbox 674 1842 816 1914; x_wconf 76' lang='lat' dir='ltr'>ambigunt</span> <span class='ocrx_word' id='word_1_241' title='bbox 834 1843 894 1900; x_wconf 92' lang='lat' dir='ltr'>ilios</span> <span class='ocrx_word' id='word_1_242' title='bbox 908 1845 941 1900; x_wconf 91' lang='lat' dir='ltr'>de</span> <span class='ocrx_word' id='word_1_243' title='bbox 992 1844 1069 1914; x_wconf 80' lang='lat' dir='ltr'>perit.</span> <span class='ocrx_word' id='word_1_244' title='bbox 1086 1844 1120 1898; x_wconf 82' lang='lat' dir='ltr'>b&#39;t</span> <span class='ocrx_word' id='word_1_245' title='bbox 1133 1844 1230 1899; x_wconf 91' lang='lat' dir='ltr'>iterum</span> <span class='ocrx_word' id='word_1_246' title='bbox 1249 1860 1256 1896; x_wconf 77' lang='grc' dir='ltr'><strong>ε</strong></span> <span class='ocrx_word' id='word_1_247' title='bbox 1281 1842 1358 1896; x_wconf 85' lang='lat' dir='ltr'>Tecto</span> <span class='ocrx_word' id='word_1_248' title='bbox 1381 1842 1556 1911; x_wconf 72' lang='lat' dir='ltr'>perstillantia</span> <span class='ocrx_word' id='word_1_249' title='bbox 1575 1843 1603 1896; x_wconf 89' lang='lat' dir='ltr'>in</span> <span class='ocrx_word' id='word_1_250' title='bbox 1620 1843 1663 1897; x_wconf 88' lang='lat' dir='ltr'>die</span> <span class='ocrx_word' id='word_1_251' title='bbox 1678 1843 1785 1913; x_wconf 68' lang='lat' dir='ltr'>[riporis</span> 
     </span>
     <span class='ocr_line' id='line_1_19' title="bbox 147 1931 1784 2006; baseline -0.004 -16"><span class='ocrx_word' id='word_1_252' title='bbox 147 1935 247 2005; x_wconf 87' lang='lat' dir='ltr'>quibus</span> <span class='ocrx_word' id='word_1_253' title='bbox 261 1933 370 1998; x_wconf 90' lang='lat' dir='ltr'>dieitur,</span> <span class='ocrx_word' id='word_1_254' title='bbox 392 1933 429 1987; x_wconf 90' lang='lat' dir='ltr'>ita</span> <span class='ocrx_word' id='word_1_255' title='bbox 445 1933 602 1987; x_wconf 87' lang='lat' dir='ltr'>incumbere</span> <span class='ocrx_word' id='word_1_256' title='bbox 624 1948 723 2004; x_wconf 76' lang='lat' dir='ltr'>regno,</span> <span class='ocrx_word' id='word_1_257' title='bbox 749 1943 877 2005; x_wconf 81' lang='lat' dir='ltr'>tanquam</span> <span class='ocrx_word' id='word_1_258' title='bbox 895 1951 941 2006; x_wconf 90' lang='lat' dir='ltr'>pa·</span> <span class='ocrx_word' id='word_1_259' title='bbox 991 1937 1015 1987; x_wconf 83' lang='lat' dir='ltr'>et</span> <span class='ocrx_word' id='word_1_260' title='bbox 1026 1932 1140 2004; x_wconf 79' lang='lat' dir='ltr'>fitiqiovo</span> <span class='ocrx_word' id='word_1_261' title='bbox 1155 1932 1251 1987; x_wconf 88' lang='lat' dir='ltr'>utuiier</span> <span class='ocrx_word' id='word_1_262' title='bbox 1264 1942 1460 2003; x_wconf 79' lang='lat' dir='ltr'>corriperentur.</span> <span class='ocrx_word' id='word_1_263' title='bbox 1475 1931 1526 1996; x_wconf 85' lang='lat' dir='ltr'>Qui</span> <span class='ocrx_word' id='word_1_264' title='bbox 1538 1931 1628 1986; x_wconf 84' lang='lat' dir='ltr'>retinet</span> <span class='ocrx_word' id='word_1_265' title='bbox 1640 1949 1698 1985; x_wconf 85' lang='lat' dir='ltr'>eant</span> <span class='ocrx_word' id='word_1_266' title='bbox 1709 1934 1784 2001; x_wconf 81' lang='lat' dir='ltr'>quusi</span> 
     </span>
     <span class='ocr_line' id='line_1_20' title="bbox 146 2023 1784 2096; baseline -0.003 -16"><span class='ocrx_word' id='word_1_267' title='bbox 146 2023 208 2080; x_wconf 86' lang='lat' dir='ltr'>rieti</span> <span class='ocrx_word' id='word_1_268' title='bbox 225 2023 354 2079; x_wconf 85' lang='lat' dir='ltr'>inclinato</span> <span class='ocrx_word' id='word_1_269' title='bbox 375 2031 403 2078; x_wconf 89' lang='lat' dir='ltr'>et</span> <span class='ocrx_word' id='word_1_270' title='bbox 424 2023 548 2078; x_wconf 78' lang='lat' dir='ltr'>maceriae</span> <span class='ocrx_word' id='word_1_271' title='bbox 567 2023 699 2094; x_wconf 75' lang='lat' dir='ltr'>impulse.</span> <span class='ocrx_word' id='word_1_272' title='bbox 721 2024 798 2082; x_wconf 87' lang='lat' dir='ltr'>Unde</span> <span class='ocrx_word' id='word_1_273' title='bbox 817 2035 939 2093; x_wconf 89' lang='lat' dir='ltr'>constat,</span> <span class='ocrx_word' id='word_1_274' title='bbox 991 2025 1037 2096; x_wconf 80' lang='lat' dir='ltr'>qui</span> <span class='ocrx_word' id='word_1_275' title='bbox 1060 2035 1162 2080; x_wconf 83' lang='lat' dir='ltr'>oerrtnru</span> <span class='ocrx_word' id='word_1_276' title='bbox 1185 2034 1280 2086; x_wconf 76' lang='lat' dir='ltr'>terrete,</span> <span class='ocrx_word' id='word_1_277' title='bbox 1306 2034 1330 2077; x_wconf 89' lang='lat' dir='ltr'>et</span> <span class='ocrx_word' id='word_1_278' title='bbox 1355 2023 1440 2077; x_wconf 81' lang='lat' dir='ltr'>oleum</span> <span class='ocrx_word' id='word_1_279' title='bbox 1456 2024 1568 2078; x_wconf 78' lang='lat' dir='ltr'>dextere</span> <span class='ocrx_word' id='word_1_280' title='bbox 1589 2039 1645 2077; x_wconf 82' lang='lat' dir='ltr'>suo</span> <span class='ocrx_word' id='word_1_281' title='bbox 1667 2031 1784 2076; x_wconf 73' lang='lat' dir='ltr'>remeet.</span> 
     </span>
     <span class='ocr_line' id='line_1_21' title="bbox 146 2112 1783 2184; baseline 0 -16"><span class='ocrx_word' id='word_1_282' title='bbox 146 2113 210 2183; x_wconf 90' lang='lat' dir='ltr'>quia</span> <span class='ocrx_word' id='word_1_283' title='bbox 225 2113 277 2168; x_wconf 90' lang='lat' dir='ltr'>nisi</span> <span class='ocrx_word' id='word_1_284' title='bbox 293 2114 365 2168; x_wconf 79' lang='lat' dir='ltr'>licus</span> <span class='ocrx_word' id='word_1_285' title='bbox 386 2113 559 2180; x_wconf 89' lang='lat' dir='ltr'>subvenerit,</span> <span class='ocrx_word' id='word_1_286' title='bbox 579 2122 626 2168; x_wconf 90' lang='lat' dir='ltr'>aut</span> <span class='ocrx_word' id='word_1_287' title='bbox 645 2115 747 2172; x_wconf 84' lang='lat' dir='ltr'>exteris</span> <span class='ocrx_word' id='word_1_288' title='bbox 769 2116 878 2172; x_wconf 90' lang='lat' dir='ltr'>dabitur</span> <span class='ocrx_word' id='word_1_289' title='bbox 893 2134 938 2173; x_wconf 89' lang='lat' dir='ltr'>rc·</span> <span class='ocrx_word' id='word_1_290' title='bbox 993 2117 1046 2174; x_wconf 87' lang='lat' dir='ltr'>Sed</span> <span class='ocrx_word' id='word_1_291' title='bbox 1058 2116 1128 2173; x_wconf 91' lang='lat' dir='ltr'>forte</span> <span class='ocrx_word' id='word_1_292' title='bbox 1142 2118 1262 2172; x_wconf 91' lang='lat' dir='ltr'>dicturus</span> <span class='ocrx_word' id='word_1_293' title='bbox 1273 2125 1315 2172; x_wconf 90' lang='lat' dir='ltr'>est</span> <span class='ocrx_word' id='word_1_294' title='bbox 1327 2115 1424 2184; x_wconf 89' lang='lat' dir='ltr'>aliquis</span> <span class='ocrx_word' id='word_1_295' title='bbox 1438 2134 1444 2168; x_wconf 80' lang='lat' dir='ltr'><strong><em>z</em></strong></span> <span class='ocrx_word' id='word_1_296' title='bbox 1458 2114 1520 2169; x_wconf 73' lang='lat' dir='ltr'>llaec</span> <span class='ocrx_word' id='word_1_297' title='bbox 1533 2128 1586 2168; x_wconf 92' lang='lat' dir='ltr'>non</span> <span class='ocrx_word' id='word_1_298' title='bbox 1599 2122 1641 2168; x_wconf 93' lang='lat' dir='ltr'>est</span> <span class='ocrx_word' id='word_1_299' title='bbox 1655 2112 1783 2184; x_wconf 81' lang='lat' dir='ltr'>litigiosa,</span> 
     </span>
     <span class='ocr_line' id='line_1_22' title="bbox 146 2202 1782 2277; baseline -0.001 -19"><span class='ocrx_word' id='word_1_300' title='bbox 146 2220 240 2276; x_wconf 63' lang='lat' dir='ltr'>quartu</span> <span class='ocrx_word' id='word_1_301' title='bbox 255 2211 303 2258; x_wconf 89' lang='lat' dir='ltr'>aut</span> <span class='ocrx_word' id='word_1_302' title='bbox 318 2203 345 2258; x_wconf 95' lang='lat' dir='ltr'>in</span> <span class='ocrx_word' id='word_1_303' title='bbox 362 2204 462 2258; x_wconf 91' lang='lat' dir='ltr'>multos</span> <span class='ocrx_word' id='word_1_304' title='bbox 477 2209 607 2274; x_wconf 80' lang='lat' dir='ltr'>tyrarmos</span> <span class='ocrx_word' id='word_1_305' title='bbox 619 2202 808 2274; x_wconf 87' lang='lat' dir='ltr'>dispertietur;</span> <span class='ocrx_word' id='word_1_306' title='bbox 824 2207 894 2277; x_wconf 92' lang='lat' dir='ltr'>quod</span> <span class='ocrx_word' id='word_1_307' title='bbox 911 2208 938 2263; x_wconf 91' lang='lat' dir='ltr'>iu</span> <span class='ocrx_word' id='word_1_308' title='bbox 989 2209 1039 2266; x_wconf 90' lang='lat' dir='ltr'>sed</span> <span class='ocrx_word' id='word_1_309' title='bbox 1055 2221 1066 2250; x_wconf 84' lang='lat'><strong>⁰</strong></span> <span class='ocrx_word' id='word_1_310' title='bbox 1081 2209 1184 2274; x_wconf 73' lang='lat' dir='ltr'>suavia,</span> <span class='ocrx_word' id='word_1_311' title='bbox 1202 2218 1229 2263; x_wconf 91' lang='lat' dir='ltr'>et</span> <span class='ocrx_word' id='word_1_312' title='bbox 1243 2206 1354 2262; x_wconf 88' lang='lat' dir='ltr'>blanda.</span> <span class='ocrx_word' id='word_1_313' title='bbox 1379 2206 1484 2272; x_wconf 85' lang='lat' dir='ltr'>Quibus</span> <span class='ocrx_word' id='word_1_314' title='bbox 1498 2204 1589 2259; x_wconf 89' lang='lat' dir='ltr'>verbis</span> <span class='ocrx_word' id='word_1_315' title='bbox 1616 2205 1782 2275; x_wconf 89' lang='lat' dir='ltr'>responden-</span> 
     </span>
     <span class='ocr_line' id='line_1_23' title="bbox 146 2293 1784 2370; baseline 0 -20"><span class='ocrx_word' id='word_1_316' title='bbox 146 2296 199 2350; x_wconf 85' lang='lat' dir='ltr'>lroc</span> <span class='ocrx_word' id='word_1_317' title='bbox 213 2293 378 2351; x_wconf 86' lang='lat' dir='ltr'>assimilatur</span> <span class='ocrx_word' id='word_1_318' title='bbox 398 2311 405 2346; x_wconf 77' lang='grc' dir='ltr'>ε</span> <span class='ocrx_word' id='word_1_319' title='bbox 423 2294 550 2364; x_wconf 92' lang='lat' dir='ltr'>quoniam</span> <span class='ocrx_word' id='word_1_320' title='bbox 570 2294 729 2365; x_wconf 90' lang='lat' dir='ltr'>imperator,</span> <span class='ocrx_word' id='word_1_321' title='bbox 743 2299 789 2366; x_wconf 91' lang='lat' dir='ltr'>qui</span> <span class='ocrx_word' id='word_1_322' title='bbox 809 2301 939 2358; x_wconf 90' lang='lat' dir='ltr'>adversus</span> <span class='ocrx_word' id='word_1_323' title='bbox 992 2303 1056 2358; x_wconf 87' lang='lat' dir='ltr'>dum</span> <span class='ocrx_word' id='word_1_324' title='bbox 1071 2309 1121 2365; x_wconf 92' lang='lat' dir='ltr'>est,</span> <span class='ocrx_word' id='word_1_325' title='bbox 1139 2317 1192 2356; x_wconf 92' lang='lat' dir='ltr'>non</span> <span class='ocrx_word' id='word_1_326' title='bbox 1210 2308 1252 2355; x_wconf 91' lang='lat' dir='ltr'>est</span> <span class='ocrx_word' id='word_1_327' title='bbox 1271 2299 1359 2369; x_wconf 80' lang='lat' dir='ltr'>ntajus</span> <span class='ocrx_word' id='word_1_328' title='bbox 1374 2300 1504 2370; x_wconf 78' lang='lat' dir='ltr'>litigium,</span> <span class='ocrx_word' id='word_1_329' title='bbox 1523 2313 1604 2369; x_wconf 90' lang='lat' dir='ltr'>quarn</span> <span class='ocrx_word' id='word_1_330' title='bbox 1622 2297 1684 2351; x_wconf 82' lang='lat' dir='ltr'>iveni</span> <span class='ocrx_word' id='word_1_331' title='bbox 1697 2297 1784 2367; x_wconf 89' lang='lat' dir='ltr'>patris</span> 
     </span>
     <span class='ocr_line' id='line_1_24' title="bbox 144 2380 1783 2456; baseline 0 -16"><span class='ocrx_word' id='word_1_332' title='bbox 144 2383 324 2440; x_wconf 88' lang='lat' dir='ltr'>barbarorum</span> <span class='ocrx_word' id='word_1_333' title='bbox 348 2397 427 2452; x_wconf 78' lang='lat' dir='ltr'>reges</span> <span class='ocrx_word' id='word_1_334' title='bbox 443 2380 513 2437; x_wconf 90' lang='lat' dir='ltr'>belia</span> <span class='ocrx_word' id='word_1_335' title='bbox 529 2380 604 2450; x_wconf 80' lang='lat' dir='ltr'>justa</span> <span class='ocrx_word' id='word_1_336' title='bbox 624 2383 768 2452; x_wconf 84' lang='lat' dir='ltr'>disponere</span> <span class='ocrx_word' id='word_1_337' title='bbox 792 2387 938 2456; x_wconf 84' lang='lat' dir='ltr'>debuerat,</span> <span class='ocrx_word' id='word_1_338' title='bbox 990 2392 1077 2448; x_wconf 89' lang='lat' dir='ltr'>bonos</span> <span class='ocrx_word' id='word_1_339' title='bbox 1107 2392 1176 2448; x_wconf 81' lang='lat' dir='ltr'>filios</span> <span class='ocrx_word' id='word_1_340' title='bbox 1199 2391 1322 2456; x_wconf 91' lang='lat' dir='ltr'>irritare,</span> <span class='ocrx_word' id='word_1_341' title='bbox 1349 2391 1527 2453; x_wconf 83' lang='lat' dir='ltr'>exacerbare,</span> <span class='ocrx_word' id='word_1_342' title='bbox 1550 2390 1730 2451; x_wconf 81' lang='lat' dir='ltr'>exhonorare,</span> <span class='ocrx_word' id='word_1_343' title='bbox 1754 2397 1783 2441; x_wconf 88' lang='lat' dir='ltr'>ct</span> 
     </span>
     <span class='ocr_line' id='line_1_25' title="bbox 145 2472 1782 2555; baseline 0.001 -24"><span class='ocrx_word' id='word_1_344' title='bbox 145 2476 279 2532; x_wconf 75' lang='lat' dir='ltr'>aduersus</span> <span class='ocrx_word' id='word_1_345' title='bbox 301 2474 444 2530; x_wconf 87' lang='lat' dir='ltr'>dilectores</span> <span class='ocrx_word' id='word_1_346' title='bbox 465 2473 507 2527; x_wconf 96' lang='lat' dir='ltr'>sui</span> <span class='ocrx_word' id='word_1_347' title='bbox 529 2472 599 2529; x_wconf 85' lang='lat' dir='ltr'>filios</span> <span class='ocrx_word' id='word_1_348' title='bbox 613 2473 711 2544; x_wconf 88' lang='lat' dir='ltr'>injusta</span> <span class='ocrx_word' id='word_1_349' title='bbox 725 2492 805 2548; x_wconf 79' lang='lat' dir='ltr'>agere</span> <span class='ocrx_word' id='word_1_350' title='bbox 816 2489 902 2550; x_wconf 87' lang='lat' dir='ltr'>parat.</span> <span class='ocrx_word' id='word_1_351' title='bbox 990 2485 1097 2555; x_wconf 79' lang='lat' dir='ltr'>penitus</span> <span class='ocrx_word' id='word_1_352' title='bbox 1116 2490 1222 2553; x_wconf 89' lang='lat' dir='ltr'>apatre</span> <span class='ocrx_word' id='word_1_353' title='bbox 1243 2482 1361 2537; x_wconf 90' lang='lat' dir='ltr'>alienare</span> <span class='ocrx_word' id='word_1_354' title='bbox 1379 2481 1447 2536; x_wconf 90' lang='lat' dir='ltr'>velle</span> <span class='ocrx_word' id='word_1_355' title='bbox 1462 2499 1468 2534; x_wconf 74' lang='grc' dir='ltr'>ι</span> <span class='ocrx_word' id='word_1_356' title='bbox 1484 2495 1544 2551; x_wconf 79' lang='lat' dir='ltr'>qnae</span> <span class='ocrx_word' id='word_1_357' title='bbox 1562 2480 1625 2550; x_wconf 88' lang='lat' dir='ltr'>quia</span> <span class='ocrx_word' id='word_1_358' title='bbox 1645 2478 1654 2517; x_wconf 76' lang='lat'><strong><em>¹</em></strong></span> <span class='ocrx_word' id='word_1_359' title='bbox 1671 2487 1782 2550; x_wconf 88' lang='lat' dir='ltr'>propter</span> 
     </span>
    </p>

    <p class='ocr_par' dir='ltr' id='par_1_4' title="bbox 146 2565 1781 2736">
     <span class='ocr_line' id='line_1_26' title="bbox 186 2565 1780 2647; baseline 0.004 -29"><span class='ocrx_word' id='word_1_360' title='bbox 186 2567 218 2620; x_wconf 80' lang='lat' dir='ltr'>t&#39;.</span> <span class='ocrx_word' id='word_1_361' title='bbox 239 2567 338 2621; x_wconf 88' lang='lat' dir='ltr'>bieunt</span> <span class='ocrx_word' id='word_1_362' title='bbox 353 2565 435 2628; x_wconf 87' lang='lat' dir='ltr'>ctiam</span> <span class='ocrx_word' id='word_1_363' title='bbox 450 2565 533 2636; x_wconf 83' lang='lat' dir='ltr'>aliqui</span> <span class='ocrx_word' id='word_1_364' title='bbox 549 2567 621 2636; x_wconf 89' lang='lat' dir='ltr'>quod</span> <span class='ocrx_word' id='word_1_365' title='bbox 636 2578 646 2606; x_wconf 75' lang='lat'><strong>⁰</strong></span> <span class='ocrx_word' id='word_1_366' title='bbox 663 2568 772 2625; x_wconf 74' lang='lat' dir='ltr'>domita</span> <span class='ocrx_word' id='word_1_367' title='bbox 786 2574 879 2641; x_wconf 88' lang='lat' dir='ltr'>palatii</span> <span class='ocrx_word' id='word_1_368' title='bbox 898 2591 940 2632; x_wconf 88' lang='lat' dir='ltr'>sc-</span> <span class='ocrx_word' id='word_1_369' title='bbox 992 2576 1076 2632; x_wconf 89' lang='lat' dir='ltr'>solam</span> <span class='ocrx_word' id='word_1_370' title='bbox 1092 2575 1320 2647; x_wconf 88' lang='lat' dir='ltr'>pulchritudinem</span> <span class='ocrx_word' id='word_1_371' title='bbox 1334 2589 1349 2627; x_wconf 93' lang='lat' dir='ltr'>a</span> <span class='ocrx_word' id='word_1_372' title='bbox 1363 2573 1422 2627; x_wconf 91' lang='lat' dir='ltr'>viro</span> <span class='ocrx_word' id='word_1_373' title='bbox 1436 2570 1584 2627; x_wconf 81' lang='lat' dir='ltr'>inofficiose</span> <span class='ocrx_word' id='word_1_374' title='bbox 1596 2571 1671 2642; x_wconf 77' lang='lat' dir='ltr'>diligi</span> <span class='ocrx_word' id='word_1_375' title='bbox 1684 2570 1780 2636; x_wconf 89' lang='lat' dir='ltr'>fertur,</span> 
     </span>
     <span class='ocr_line' id='line_1_27' title="bbox 146 2654 1781 2736; baseline 0 -20"><span class='ocrx_word' id='word_1_376' title='bbox 146 2657 335 2725; x_wconf 79' lang='lat' dir='ltr'>uictis,cxtra</span> <span class='ocrx_word' id='word_1_377' title='bbox 349 2657 463 2728; x_wconf 77' lang='lat' dir='ltr'>illaque</span> <span class='ocrx_word' id='word_1_378' title='bbox 474 2654 575 2726; x_wconf 76' lang='lat' dir='ltr'>deeius</span> <span class='ocrx_word' id='word_1_379' title='bbox 591 2657 706 2715; x_wconf 89' lang='lat' dir='ltr'>occultis</span> <span class='ocrx_word' id='word_1_380' title='bbox 718 2669 746 2715; x_wconf 91' lang='lat' dir='ltr'>et</span> <span class='ocrx_word' id='word_1_381' title='bbox 759 2678 812 2717; x_wconf 85' lang='lat' dir='ltr'>raon</span> <span class='ocrx_word' id='word_1_382' title='bbox 826 2667 939 2725; x_wconf 90' lang='lat' dir='ltr'>occultis</span> <span class='ocrx_word' id='word_1_383' title='bbox 993 2666 1182 2724; x_wconf 90' lang='lat' dir='ltr'>inculcandum</span> <span class='ocrx_word' id='word_1_384' title='bbox 1213 2665 1323 2736; x_wconf 90' lang='lat' dir='ltr'>utrique</span> <span class='ocrx_word' id='word_1_385' title='bbox 1348 2663 1438 2720; x_wconf 93' lang='lat' dir='ltr'>fuerat</span> <span class='ocrx_word' id='word_1_386' title='bbox 1465 2662 1535 2732; x_wconf 93' lang='lat' dir='ltr'>quod</span> <span class='ocrx_word' id='word_1_387' title='bbox 1565 2662 1664 2718; x_wconf 90' lang='lat' dir='ltr'>iterum</span> <span class='ocrx_word' id='word_1_388' title='bbox 1688 2661 1781 2718; x_wconf 89' lang='lat' dir='ltr'>eadem</span> 
     </span>
    </p>
   </div>
   <div class='ocr_carea' id='block_1_3' title="bbox 846 2756 1116 2819">
    <p class='ocr_par' dir='ltr' id='par_1_5' title="bbox 846 2756 1116 2819">
     <span class='ocr_line' id='line_1_28' title="bbox 846 2756 1116 2819; baseline 0.007 -8"><span class='ocrx_word' id='word_1_389' title='bbox 846 2756 983 2819; x_wconf 79' lang='lat' dir='ltr'>nttbztt</span> <span class='ocrx_word' id='word_1_390' title='bbox 1000 2759 1116 2817; x_wconf 84' lang='lat' dir='ltr'>NOTAE.</span> 
     </span>
    </p>
   </div>
   <div class='ocr_carea' id='block_1_4' title="bbox 130 2837 1782 4592">
    <p class='ocr_par' dir='ltr' id='par_1_6' title="bbox 142 2837 1782 3134">
     <span class='ocr_line' id='line_1_29' title="bbox 183 2837 1782 2922; baseline 0.005 -30"><span class='ocrx_word' id='word_1_391' title='bbox 183 2850 196 2879; x_wconf 68' lang='grc' dir='ltr'>ι</span> <span class='ocrx_word' id='word_1_392' title='bbox 217 2838 249 2893; x_wconf 84' lang='lat' dir='ltr'>lit</span> <span class='ocrx_word' id='word_1_393' title='bbox 264 2838 351 2893; x_wconf 87' lang='lat' dir='ltr'>uidere</span> <span class='ocrx_word' id='word_1_394' title='bbox 370 2837 435 2922; x_wconf 74' lang='lat' dir='ltr'>nolit</span> <span class='ocrx_word' id='word_1_395' title='bbox 451 2837 522 2910; x_wconf 80' lang='lat' dir='ltr'>quii.</span> <span class='ocrx_word' id='word_1_396' title='bbox 539 2839 626 2922; x_wconf 72' lang='lat' dir='ltr'>omlis.</span> <span class='ocrx_word' id='word_1_397' title='bbox 643 2840 705 2896; x_wconf 76' lang='lat' dir='ltr'>llaec</span> <span class='ocrx_word' id='word_1_398' title='bbox 727 2850 783 2897; x_wconf 92' lang='lat' dir='ltr'>tum</span> <span class='ocrx_word' id='word_1_399' title='bbox 802 2861 828 2899; x_wconf 94' lang='lat' dir='ltr'>m</span> <span class='ocrx_word' id='word_1_400' title='bbox 844 2847 940 2914; x_wconf 69' lang='lat' dir='ltr'>vulgus</span> <span class='ocrx_word' id='word_1_401' title='bbox 989 2849 1071 2904; x_wconf 88' lang='lat' dir='ltr'>foisse</span> <span class='ocrx_word' id='word_1_402' title='bbox 1095 2847 1207 2916; x_wconf 77' lang='lat' dir='ltr'>insignis</span> <span class='ocrx_word' id='word_1_403' title='bbox 1230 2845 1367 2900; x_wconf 86' lang='lat' dir='ltr'>comitatis</span> <span class='ocrx_word' id='word_1_404' title='bbox 1390 2852 1418 2900; x_wconf 90' lang='lat' dir='ltr'>et</span> <span class='ocrx_word' id='word_1_405' title='bbox 1439 2844 1618 2909; x_wconf 84' lang='lat' dir='ltr'>urlranitatis;</span> <span class='ocrx_word' id='word_1_406' title='bbox 1642 2861 1694 2900; x_wconf 93' lang='lat' dir='ltr'>non</span> <span class='ocrx_word' id='word_1_407' title='bbox 1716 2860 1782 2900; x_wconf 88' lang='lat' dir='ltr'>vero</span> 
     </span>
     <span class='ocr_line' id='line_1_30' title="bbox 142 2908 1780 2992; baseline 0.005 -30"><span class='ocrx_word' id='word_1_408' title='bbox 142 2908 256 2991; x_wconf 69' lang='lat' dir='ltr'>iactata.</span> <span class='ocrx_word' id='word_1_409' title='bbox 271 2908 454 2992; x_wconf 60' lang='lat' dir='ltr'>ductorium</span> <span class='ocrx_word' id='word_1_410' title='bbox 468 2910 595 2965; x_wconf 87' lang='lat' dir='ltr'>Ludovrct</span> <span class='ocrx_word' id='word_1_411' title='bbox 610 2928 617 2964; x_wconf 93' lang='lat'>:</span> <span class='ocrx_word' id='word_1_412' title='bbox 633 2929 642 2961; x_wconf 85' lang='grc' dir='ltr'>ι</span> <span class='ocrx_word' id='word_1_413' title='bbox 659 2911 743 2967; x_wconf 86' lang='lat' dir='ltr'>Porro</span> <span class='ocrx_word' id='word_1_414' title='bbox 753 2923 858 2982; x_wconf 89' lang='lat' dir='ltr'>patrem</span> <span class='ocrx_word' id='word_1_415' title='bbox 871 2918 939 2974; x_wconf 87' lang='lat' dir='ltr'>adeo</span> <span class='ocrx_word' id='word_1_416' title='bbox 989 2920 1106 2975; x_wconf 91' lang='lat' dir='ltr'>ferocem</span> <span class='ocrx_word' id='word_1_417' title='bbox 1120 2933 1152 2971; x_wconf 92' lang='lat' dir='ltr'>ac</span> <span class='ocrx_word' id='word_1_418' title='bbox 1175 2918 1330 2985; x_wconf 89' lang='lat' dir='ltr'>superbam,</span> <span class='ocrx_word' id='word_1_419' title='bbox 1348 2924 1378 2969; x_wconf 92' lang='lat' dir='ltr'>ut</span> <span class='ocrx_word' id='word_1_420' title='bbox 1396 2914 1503 2969; x_wconf 89' lang='lat' dir='ltr'>feminis</span> <span class='ocrx_word' id='word_1_421' title='bbox 1531 2917 1686 2985; x_wconf 78' lang='lat' dir='ltr'>contingere</span> <span class='ocrx_word' id='word_1_422' title='bbox 1712 2917 1780 2971; x_wconf 89' lang='lat' dir='ltr'>solet</span> 
     </span>
     <span class='ocr_line' id='line_1_31' title="bbox 145 2978 1780 3061; baseline 0.005 -28"><span class='ocrx_word' id='word_1_423' title='bbox 145 2980 305 3048; x_wconf 82' lang='lat' dir='ltr'>qerinrsdam</span> <span class='ocrx_word' id='word_1_424' title='bbox 316 2981 459 3050; x_wconf 73' lang='lat' dir='ltr'>prestigiis</span> <span class='ocrx_word' id='word_1_425' title='bbox 472 2978 587 3037; x_wconf 85' lang='lat' dir='ltr'>elusum.</span> <span class='ocrx_word' id='word_1_426' title='bbox 603 2989 634 3034; x_wconf 93' lang='grc' dir='ltr'>ιιι</span> <span class='ocrx_word' id='word_1_427' title='bbox 647 2983 703 3036; x_wconf 82' lang='lat' dir='ltr'>lraee</span> <span class='ocrx_word' id='word_1_428' title='bbox 715 2998 768 3038; x_wconf 88' lang='lat' dir='ltr'>nen</span> <span class='ocrx_word' id='word_1_429' title='bbox 781 2985 862 3040; x_wconf 91' lang='lat' dir='ltr'>modo</span> <span class='ocrx_word' id='word_1_430' title='bbox 881 3003 935 3042; x_wconf 91' lang='lat' dir='ltr'>non</span> <span class='ocrx_word' id='word_1_431' title='bbox 988 3006 1049 3061; x_wconf 78' lang='lat' dir='ltr'>qum</span> <span class='ocrx_word' id='word_1_432' title='bbox 1073 2990 1099 3044; x_wconf 91' lang='lat' dir='ltr'>in</span> <span class='ocrx_word' id='word_1_433' title='bbox 1123 3002 1256 3042; x_wconf 80' lang='lat' dir='ltr'>summanr</span> <span class='ocrx_word' id='word_1_434' title='bbox 1272 2986 1407 3040; x_wconf 90' lang='lat' dir='ltr'>fortunam</span> <span class='ocrx_word' id='word_1_435' title='bbox 1428 2986 1588 3040; x_wconf 90' lang='lat' dir='ltr'>evehuntur.</span> <span class='ocrx_word' id='word_1_436' title='bbox 1607 2985 1658 3042; x_wconf 85' lang='lat' dir='ltr'>Sed</span> <span class='ocrx_word' id='word_1_437' title='bbox 1674 2987 1780 3041; x_wconf 89' lang='lat' dir='ltr'>videtur</span> 
     </span>
     <span class='ocr_line' id='line_1_32' title="bbox 145 3048 1778 3134; baseline 0 -24"><span class='ocrx_word' id='word_1_438' title='bbox 145 3048 292 3130; x_wconf 52' lang='lat' dir='ltr'>Vindicet&amp;</span> <span class='ocrx_word' id='word_1_439' title='bbox 307 3048 354 3127; x_wconf 70' lang='lat' dir='ltr'>Sed</span> <span class='ocrx_word' id='word_1_440' title='bbox 366 3064 416 3130; x_wconf 82' lang='lat' dir='ltr'>nec</span> <span class='ocrx_word' id='word_1_441' title='bbox 426 3050 566 3130; x_wconf 77' lang='lat' dir='ltr'>advertere</span> <span class='ocrx_word' id='word_1_442' title='bbox 577 3060 678 3119; x_wconf 88' lang='lat' dir='ltr'>posset.</span> <span class='ocrx_word' id='word_1_443' title='bbox 695 3073 703 3104; x_wconf 88' lang='lat' dir='ltr'>r</span> <span class='ocrx_word' id='word_1_444' title='bbox 950 3062 1046 3134; x_wconf 75' lang='lat' dir='ltr'>Clitus</span> <span class='ocrx_word' id='word_1_445' title='bbox 1069 3058 1227 3131; x_wconf 72' lang='lat' dir='ltr'>agobardus</span> <span class='ocrx_word' id='word_1_446' title='bbox 1248 3070 1462 3111; x_wconf 88' lang='lat' dir='ltr'>commemorare</span> <span class='ocrx_word' id='word_1_447' title='bbox 1485 3058 1635 3110; x_wconf 65' lang='lat' dir='ltr'>nocendam</span> <span class='ocrx_word' id='word_1_448' title='bbox 1653 3056 1686 3110; x_wconf 87' lang='lat' dir='ltr'>ad</span> <span class='ocrx_word' id='word_1_449' title='bbox 1711 3056 1778 3110; x_wconf 90' lang='lat' dir='ltr'>invi-</span> 
     </span>
    </p>

    <p class='ocr_par' dir='ltr' id='par_1_7' title="bbox 130 3096 1780 4172">
     <span class='ocr_line' id='line_1_33' title="bbox 162 3096 1778 3202; baseline 0.009 -34"><span class='ocrx_word' id='word_1_450' title='bbox 162 3116 195 3200; x_wconf 33' lang='lat' dir='ltr'>‘t</span> <span class='ocrx_word' id='word_1_451' title='bbox 210 3117 368 3200; x_wconf 66' lang='lat' dir='ltr'>Dispertront</span> <span class='ocrx_word' id='word_1_452' title='bbox 382 3118 431 3201; x_wconf 65' lang='lat' dir='ltr'>stit</span> <span class='ocrx_word' id='word_1_453' title='bbox 447 3136 563 3189; x_wconf 75' lang='lat' dir='ltr'>repetem.</span> <span class='ocrx_word' id='word_1_454' title='bbox 575 3120 626 3202; x_wconf 70' lang='lat' dir='ltr'>¹Sic</span> <span class='ocrx_word' id='word_1_455' title='bbox 639 3121 732 3192; x_wconf 88' lang='lat' dir='ltr'>Capito</span> <span class='ocrx_word' id='word_1_456' title='bbox 747 3122 935 3193; x_wconf 85' lang='lat' dir='ltr'>Cossutianus,</span> <span class='ocrx_word' id='word_1_457' title='bbox 987 3131 1071 3190; x_wconf 89' lang='lat' dir='ltr'>diam,</span> <span class='ocrx_word' id='word_1_458' title='bbox 1086 3128 1151 3183; x_wconf 88' lang='lat' dir='ltr'>acsi</span> <span class='ocrx_word' id='word_1_459' title='bbox 1164 3127 1227 3182; x_wconf 90' lang='lat' dir='ltr'>hinc</span> <span class='ocrx_word' id='word_1_460' title='bbox 1241 3126 1329 3197; x_wconf 75' lang='lat' dir='ltr'>colligi</span> <span class='ocrx_word' id='word_1_461' title='bbox 1344 3135 1435 3197; x_wconf 85' lang='lat' dir='ltr'>posset</span> <span class='ocrx_word' id='word_1_462' title='bbox 1448 3096 1539 3179; x_wconf 70' lang='lat' dir='ltr'>turriti</span> <span class='ocrx_word' id='word_1_463' title='bbox 1557 3141 1617 3181; x_wconf 88' lang='lat' dir='ltr'>esse</span> <span class='ocrx_word' id='word_1_464' title='bbox 1630 3126 1778 3182; x_wconf 88' lang='lat' dir='ltr'>adttlteram</span> 
     </span>
     <span class='ocr_line' id='line_1_34' title="bbox 143 3185 1780 3266; baseline 0.007 -27"><span class='ocrx_word' id='word_1_465' title='bbox 143 3201 187 3242; x_wconf 81' lang='grc' dir='ltr'>ιιι</span> <span class='ocrx_word' id='word_1_466' title='bbox 198 3202 289 3243; x_wconf 83' lang='lat' dir='ltr'>animo</span> <span class='ocrx_word' id='word_1_467' title='bbox 301 3187 334 3240; x_wconf 89' lang='lat' dir='ltr'>ad</span> <span class='ocrx_word' id='word_1_468' title='bbox 351 3185 448 3259; x_wconf 76' lang='lat' dir='ltr'>flagitia</span> <span class='ocrx_word' id='word_1_469' title='bbox 472 3190 616 3260; x_wconf 73' lang='lat' dir='ltr'>praecipiti,</span> <span class='ocrx_word' id='word_1_470' title='bbox 637 3191 699 3245; x_wconf 92' lang='lat' dir='ltr'>dum</span> <span class='ocrx_word' id='word_1_471' title='bbox 716 3191 849 3248; x_wconf 87' lang='lat' dir='ltr'>Neronem</span> <span class='ocrx_word' id='word_1_472' title='bbox 863 3199 937 3252; x_wconf 84' lang='lat' dir='ltr'>cxci·</span> <span class='ocrx_word' id='word_1_473' title='bbox 959 3228 965 3239; x_wconf 57' lang='grc' dir='ltr'>ι</span> <span class='ocrx_word' id='word_1_474' title='bbox 987 3216 1019 3256; x_wconf 88' lang='lat' dir='ltr'>ae</span> <span class='ocrx_word' id='word_1_475' title='bbox 1039 3199 1221 3255; x_wconf 85' lang='lat' dir='ltr'>meretricem.</span> <span class='ocrx_word' id='word_1_476' title='bbox 1243 3196 1309 3251; x_wconf 91' lang='lat' dir='ltr'>Nam</span> <span class='ocrx_word' id='word_1_477' title='bbox 1323 3205 1351 3252; x_wconf 91' lang='lat' dir='ltr'>et</span> <span class='ocrx_word' id='word_1_478' title='bbox 1372 3197 1441 3266; x_wconf 88' lang='lat' dir='ltr'>apud</span> <span class='ocrx_word' id='word_1_479' title='bbox 1467 3193 1597 3250; x_wconf 86' lang='lat' dir='ltr'>Senecam</span> <span class='ocrx_word' id='word_1_480' title='bbox 1617 3196 1696 3259; x_wconf 84' lang='lat' dir='ltr'>libr,</span> <span class='ocrx_word' id='word_1_481' title='bbox 1709 3195 1780 3251; x_wconf 82' lang='lat' dir='ltr'>Con-</span> 
     </span>
     <span class='ocr_line' id='line_1_35' title="bbox 143 3258 1778 3342; baseline 0.007 -31"><span class='ocrx_word' id='word_1_482' title='bbox 143 3265 216 3338; x_wconf 79' lang='lat' dir='ltr'>taret</span> <span class='ocrx_word' id='word_1_483' title='bbox 236 3258 268 3311; x_wconf 89' lang='lat' dir='ltr'>ad</span> <span class='ocrx_word' id='word_1_484' title='bbox 282 3263 398 3340; x_wconf 77' lang='lat' dir='ltr'>mortem</span> <span class='ocrx_word' id='word_1_485' title='bbox 414 3258 556 3342; x_wconf 65' lang='lat' dir='ltr'>Thraseae,</span> <span class='ocrx_word' id='word_1_486' title='bbox 571 3261 629 3315; x_wconf 77' lang='lat' dir='ltr'>hee</span> <span class='ocrx_word' id='word_1_487' title='bbox 647 3261 717 3316; x_wconf 89' lang='lat' dir='ltr'>inter</span> <span class='ocrx_word' id='word_1_488' title='bbox 741 3263 792 3317; x_wconf 88' lang='lat' dir='ltr'>alia</span> <span class='ocrx_word' id='word_1_489' title='bbox 814 3265 850 3318; x_wconf 91' lang='lat' dir='ltr'>ait</span> <span class='ocrx_word' id='word_1_490' title='bbox 864 3269 936 3337; x_wconf 87' lang='lat' dir='ltr'>apud</span> <span class='ocrx_word' id='word_1_491' title='bbox 987 3278 1056 3327; x_wconf 81' lang='lat' dir='ltr'>troo.</span> <span class='ocrx_word' id='word_1_492' title='bbox 1072 3270 1100 3332; x_wconf 75' lang='lat'>2,</span> <span class='ocrx_word' id='word_1_493' title='bbox 1117 3268 1214 3325; x_wconf 86' lang='lat' dir='ltr'>iunius</span> <span class='ocrx_word' id='word_1_494' title='bbox 1237 3266 1325 3322; x_wconf 84' lang='lat' dir='ltr'>Gallio</span> <span class='ocrx_word' id='word_1_495' title='bbox 1352 3268 1385 3323; x_wconf 90' lang='lat' dir='ltr'>de</span> <span class='ocrx_word' id='word_1_496' title='bbox 1409 3266 1496 3336; x_wconf 81' lang='lat' dir='ltr'>pirella</span> <span class='ocrx_word' id='word_1_497' title='bbox 1518 3268 1646 3336; x_wconf 82' lang='lat' dir='ltr'>quadarn,</span> <span class='ocrx_word' id='word_1_498' title='bbox 1670 3282 1730 3337; x_wconf 85' lang='lat' dir='ltr'>qum</span> <span class='ocrx_word' id='word_1_499' title='bbox 1751 3268 1778 3322; x_wconf 93' lang='lat' dir='ltr'>in</span> 
     </span>
     <span class='ocr_line' id='line_1_36' title="bbox 130 3326 1779 3412; baseline 0.006 -30"><span class='ocrx_word' id='word_1_500' title='bbox 130 3326 268 3409; x_wconf 74' lang='lat' dir='ltr'>facttum</span> <span class='ocrx_word' id='word_1_501' title='bbox 282 3343 309 3382; x_wconf 95' lang='lat' dir='ltr'>m</span> <span class='ocrx_word' id='word_1_502' title='bbox 321 3327 389 3383; x_wconf 91' lang='lat' dir='ltr'>ltbro</span> <span class='ocrx_word' id='word_1_503' title='bbox 403 3344 447 3383; x_wconf 78' lang='lat' dir='ltr'>rvr</span> <span class='ocrx_word' id='word_1_504' title='bbox 460 3328 604 3412; x_wconf 76' lang='lat' dir='ltr'>Annalium</span> <span class='ocrx_word' id='word_1_505' title='bbox 619 3348 626 3386; x_wconf 94' lang='lat'><strong>:</strong></span> <span class='ocrx_word' id='word_1_506' title='bbox 639 3349 648 3381; x_wconf 85' lang='grc' dir='ltr'>ι</span> <span class='ocrx_word' id='word_1_507' title='bbox 662 3332 696 3388; x_wconf 91' lang='lat' dir='ltr'>Ut</span> <span class='ocrx_word' id='word_1_508' title='bbox 707 3334 847 3402; x_wconf 89' lang='lat' dir='ltr'>imperium</span> <span class='ocrx_word' id='word_1_509' title='bbox 859 3352 936 3392; x_wconf 86' lang='lat' dir='ltr'>erer—</span> <span class='ocrx_word' id='word_1_510' title='bbox 987 3340 1136 3412; x_wconf 87' lang='lat' dir='ltr'>prostibulo</span> <span class='ocrx_word' id='word_1_511' title='bbox 1149 3338 1246 3403; x_wconf 87' lang='lat' dir='ltr'>fuerat,</span> <span class='ocrx_word' id='word_1_512' title='bbox 1261 3339 1301 3394; x_wconf 93' lang='lat' dir='ltr'>sic</span> <span class='ocrx_word' id='word_1_513' title='bbox 1312 3338 1351 3392; x_wconf 90' lang='lat' dir='ltr'>ait</span> <span class='ocrx_word' id='word_1_514' title='bbox 1366 3355 1372 3391; x_wconf 95' lang='lat'><strong>:</strong></span> <span class='ocrx_word' id='word_1_515' title='bbox 1391 3356 1400 3388; x_wconf 86' lang='grc' dir='ltr'>ι</span> <span class='ocrx_word' id='word_1_516' title='bbox 1416 3335 1445 3392; x_wconf 89' lang='lat' dir='ltr'>Si</span> <span class='ocrx_word' id='word_1_517' title='bbox 1456 3336 1516 3406; x_wconf 89' lang='lat' dir='ltr'>quis</span> <span class='ocrx_word' id='word_1_518' title='bbox 1527 3338 1630 3393; x_wconf 90' lang='lat' dir='ltr'>dubitat</span> <span class='ocrx_word' id='word_1_519' title='bbox 1646 3352 1680 3392; x_wconf 88' lang='lat' dir='ltr'>an</span> <span class='ocrx_word' id='word_1_520' title='bbox 1692 3352 1779 3392; x_wconf 83' lang='lat' dir='ltr'>mere-</span> 
     </span>
     <span class='ocr_line' id='line_1_37' title="bbox 144 3396 1778 3483; baseline 0.007 -33"><span class='ocrx_word' id='word_1_521' title='bbox 144 3404 213 3461; x_wconf 82' lang='lat' dir='ltr'>tum,</span> <span class='ocrx_word' id='word_1_522' title='bbox 222 3396 378 3479; x_wconf 38' lang='lat' dir='ltr'>&#39;libertatem</span> <span class='ocrx_word' id='word_1_523' title='bbox 394 3399 549 3481; x_wconf 69' lang='lat' dir='ltr'>praeferunt.</span> <span class='ocrx_word' id='word_1_524' title='bbox 570 3400 598 3455; x_wconf 89' lang='lat' dir='ltr'>St</span> <span class='ocrx_word' id='word_1_525' title='bbox 620 3405 810 3483; x_wconf 75' lang='lat' dir='ltr'>perverterint,</span> <span class='ocrx_word' id='word_1_526' title='bbox 827 3404 936 3462; x_wconf 86' lang='lat' dir='ltr'>liberta·</span> <span class='ocrx_word' id='word_1_527' title='bbox 986 3412 1039 3466; x_wconf 83' lang='lat' dir='ltr'>trix</span> <span class='ocrx_word' id='word_1_528' title='bbox 1053 3419 1137 3475; x_wconf 86' lang='lat' dir='ltr'>essct,</span> <span class='ocrx_word' id='word_1_529' title='bbox 1148 3409 1240 3464; x_wconf 89' lang='lat' dir='ltr'>audiat</span> <span class='ocrx_word' id='word_1_530' title='bbox 1251 3424 1332 3480; x_wconf 90' lang='lat' dir='ltr'>quam</span> <span class='ocrx_word' id='word_1_531' title='bbox 1344 3406 1442 3464; x_wconf 87' lang='lat' dir='ltr'>ltlanda</span> <span class='ocrx_word' id='word_1_532' title='bbox 1455 3409 1499 3462; x_wconf 90' lang='lat' dir='ltr'>sit.</span> <span class='ocrx_word' id='word_1_533' title='bbox 1515 3427 1524 3460; x_wconf 88' lang='grc' dir='ltr'>ι</span> <span class='ocrx_word' id='word_1_534' title='bbox 1538 3406 1607 3464; x_wconf 88' lang='lat' dir='ltr'>llinc</span> <span class='ocrx_word' id='word_1_535' title='bbox 1620 3407 1684 3463; x_wconf 88' lang='lat' dir='ltr'>illud</span> <span class='ocrx_word' id='word_1_536' title='bbox 1697 3407 1778 3462; x_wconf 84' lang='lat' dir='ltr'>Juve-</span> 
     </span>
     <span class='ocr_line' id='line_1_38' title="bbox 144 3469 1079 3550; baseline 0.017 -31"><span class='ocrx_word' id='word_1_537' title='bbox 144 3473 198 3520; x_wconf 89' lang='lat' dir='ltr'>tem</span> <span class='ocrx_word' id='word_1_538' title='bbox 222 3482 307 3550; x_wconf 71' lang='lat' dir='ltr'>ipsam</span> <span class='ocrx_word' id='word_1_539' title='bbox 330 3469 553 3550; x_wconf 60' lang='lat' dir='ltr'>aggredientem</span> <span class='ocrx_word' id='word_1_540' title='bbox 571 3470 712 3542; x_wconf 84' lang='lat' dir='ltr'>Proprium</span> <span class='ocrx_word' id='word_1_541' title='bbox 741 3489 805 3529; x_wconf 85' lang='lat' dir='ltr'>sane</span> <span class='ocrx_word' id='word_1_542' title='bbox 824 3476 934 3532; x_wconf 83' lang='grc' dir='ltr'>Ιιιιιιιιιιιί</span> <span class='ocrx_word' id='word_1_543' title='bbox 986 3481 1079 3537; x_wconf 90' lang='lat' dir='ltr'>nafis:</span> 
     </span>
     <span class='ocr_line' id='line_1_39' title="bbox 143 3535 1415 3619; baseline 0.016 -31"><span class='ocrx_word' id='word_1_544' title='bbox 143 3535 242 3619; x_wconf 67' lang='lat' dir='ltr'>loqcnu</span> <span class='ocrx_word' id='word_1_545' title='bbox 257 3545 309 3600; x_wconf 91' lang='lat' dir='ltr'>est,</span> <span class='ocrx_word' id='word_1_546' title='bbox 327 3547 392 3591; x_wconf 81' lang='lat' dir='ltr'>vitta</span> <span class='ocrx_word' id='word_1_547' title='bbox 415 3540 511 3593; x_wconf 87' lang='lat' dir='ltr'>sectari</span> <span class='ocrx_word' id='word_1_548' title='bbox 525 3540 577 3595; x_wconf 89' lang='lat' dir='ltr'>sub</span> <span class='ocrx_word' id='word_1_549' title='bbox 589 3543 698 3597; x_wconf 88' lang='lat' dir='ltr'>nomine</span> <span class='ocrx_word' id='word_1_550' title='bbox 711 3543 852 3609; x_wconf 89' lang='lat' dir='ltr'>virtutum,</span> <span class='ocrx_word' id='word_1_551' title='bbox 868 3562 934 3600; x_wconf 90' lang='lat' dir='ltr'>con·</span> <span class='ocrx_word' id='word_1_552' title='bbox 1410 3590 1415 3600; x_wconf 87' lang='lat'><em>-</em></span> 
     </span>
     <span class='ocr_line' id='line_1_40' title="bbox 143 3588 1548 3683; baseline 0.012 -23"><span class='ocrx_word' id='word_1_553' title='bbox 143 3604 258 3676; x_wconf 83' lang='lat' dir='ltr'>silvaque</span> <span class='ocrx_word' id='word_1_554' title='bbox 280 3607 350 3662; x_wconf 87' lang='lat' dir='ltr'>mala</span> <span class='ocrx_word' id='word_1_555' title='bbox 373 3616 465 3676; x_wconf 77' lang='lat' dir='ltr'>tegere</span> <span class='ocrx_word' id='word_1_556' title='bbox 487 3611 538 3664; x_wconf 86' lang='lat' dir='ltr'>sub</span> <span class='ocrx_word' id='word_1_557' title='bbox 552 3612 641 3680; x_wconf 89' lang='lat' dir='ltr'>speeie</span> <span class='ocrx_word' id='word_1_558' title='bbox 658 3611 731 3667; x_wconf 86' lang='lat' dir='ltr'>boni.</span> <span class='ocrx_word' id='word_1_559' title='bbox 754 3614 788 3668; x_wconf 87' lang='lat' dir='ltr'>Et</span> <span class='ocrx_word' id='word_1_560' title='bbox 801 3617 845 3683; x_wconf 91' lang='lat' dir='ltr'>qni</span> <span class='ocrx_word' id='word_1_561' title='bbox 864 3617 934 3671; x_wconf 86' lang='lat' dir='ltr'>bella</span> <span class='ocrx_word' id='word_1_562' title='bbox 1047 3592 1101 3642; x_wconf 65' lang='lat' dir='ltr'>v⁰¹</span> <span class='ocrx_word' id='word_1_563' title='bbox 1115 3591 1202 3642; x_wconf 71' lang='lat' dir='ltr'>b¹²⁰d²</span> <span class='ocrx_word' id='word_1_564' title='bbox 1214 3588 1548 3653; x_wconf 58' lang='lat' dir='ltr'>⁰²¹¹⁰q⁰⁸md¹⁸¹¹⁰⁸h³be¹¹</span> 
     </span>
     <span class='ocr_line' id='line_1_41' title="bbox 143 3675 1776 3753; baseline 0.001 -24"><span class='ocrx_word' id='word_1_565' title='bbox 143 3675 232 3731; x_wconf 84' lang='lat' dir='ltr'>civilia</span> <span class='ocrx_word' id='word_1_566' title='bbox 247 3686 367 3740; x_wconf 91' lang='lat' dir='ltr'>movent,</span> <span class='ocrx_word' id='word_1_567' title='bbox 385 3680 487 3737; x_wconf 89' lang='lat' dir='ltr'>bonum</span> <span class='ocrx_word' id='word_1_568' title='bbox 505 3681 933 3753; x_wconf 74' lang='lat' dir='ltr'>sempcrpublicuntpraetexunt.</span> <span class='ocrx_word' id='word_1_569' title='bbox 1021 3680 1166 3750; x_wconf 71' lang='lat' dir='ltr'>fereper</span> <span class='ocrx_word' id='word_1_570' title='bbox 1186 3680 1269 3734; x_wconf 82' lang='lat' dir='ltr'>roiam</span> <span class='ocrx_word' id='word_1_571' title='bbox 1295 3679 1525 3750; x_wconf 82' lang='lat' dir='ltr'>pulchritudinem.</span> <span class='ocrx_word' id='word_1_572' title='bbox 1553 3677 1680 3732; x_wconf 81' lang='lat' dir='ltr'>formosa</span> <span class='ocrx_word' id='word_1_573' title='bbox 1711 3692 1776 3749; x_wconf 81' lang='lat' dir='ltr'>ergo</span> 
     </span>
     <span class='ocr_line' id='line_1_42' title="bbox 143 3742 1777 3821; baseline 0.001 -21"><span class='ocrx_word' id='word_1_574' title='bbox 143 3742 289 3800; x_wconf 83' lang='lat' dir='ltr'>Sallustius</span> <span class='ocrx_word' id='word_1_575' title='bbox 300 3745 326 3800; x_wconf 92' lang='lat' dir='ltr'>in</span> <span class='ocrx_word' id='word_1_576' title='bbox 341 3747 455 3802; x_wconf 80' lang='lat' dir='ltr'>Catilina</span> <span class='ocrx_word' id='word_1_577' title='bbox 472 3767 478 3801; x_wconf 89' lang='lat'>:</span> <span class='ocrx_word' id='word_1_578' title='bbox 497 3768 506 3799; x_wconf 86' lang='lat' dir='ltr'>r</span> <span class='ocrx_word' id='word_1_579' title='bbox 525 3749 655 3820; x_wconf 88' lang='lat' dir='ltr'>Namque,</span> <span class='ocrx_word' id='word_1_580' title='bbox 669 3754 707 3806; x_wconf 91' lang='lat' dir='ltr'>nti</span> <span class='ocrx_word' id='word_1_581' title='bbox 729 3755 822 3821; x_wconf 88' lang='lat' dir='ltr'>paucis</span> <span class='ocrx_word' id='word_1_582' title='bbox 839 3772 932 3810; x_wconf 89' lang='lat' dir='ltr'>vorum</span> <span class='ocrx_word' id='word_1_583' title='bbox 984 3759 1044 3807; x_wconf 92' lang='lat' dir='ltr'>erat</span> <span class='ocrx_word' id='word_1_584' title='bbox 1053 3749 1155 3806; x_wconf 82' lang='lat' dir='ltr'>iudith.</span> <span class='ocrx_word' id='word_1_585' title='bbox 1167 3751 1406 3820; x_wconf 78' lang='lat' dir='ltr'>Thegannscapite</span> <span class='ocrx_word' id='word_1_586' title='bbox 1416 3749 1451 3802; x_wconf 68' lang='lat'>26</span> <span class='ocrx_word' id='word_1_587' title='bbox 1459 3749 1492 3802; x_wconf 91' lang='lat' dir='ltr'>de</span> <span class='ocrx_word' id='word_1_588' title='bbox 1501 3763 1533 3802; x_wconf 92' lang='lat' dir='ltr'>ea</span> <span class='ocrx_word' id='word_1_589' title='bbox 1545 3747 1674 3816; x_wconf 89' lang='lat' dir='ltr'>loquens:</span> <span class='ocrx_word' id='word_1_590' title='bbox 1691 3747 1777 3802; x_wconf 79' lang='lat' dir='ltr'>«Erat</span> 
     </span>
     <span class='ocr_line' id='line_1_43' title="bbox 142 3815 1776 3893; baseline 0.008 -24"><span class='ocrx_word' id='word_1_591' title='bbox 142 3815 293 3883; x_wconf 82' lang='lat' dir='ltr'>absolvam,</span> <span class='ocrx_word' id='word_1_592' title='bbox 309 3830 357 3886; x_wconf 91' lang='lat' dir='ltr'>por</span> <span class='ocrx_word' id='word_1_593' title='bbox 371 3817 415 3872; x_wconf 90' lang='lat' dir='ltr'>illa</span> <span class='ocrx_word' id='word_1_594' title='bbox 432 3827 553 3887; x_wconf 88' lang='lat' dir='ltr'>tempora</span> <span class='ocrx_word' id='word_1_595' title='bbox 568 3822 722 3892; x_wconf 87' lang='lat' dir='ltr'>quicunqne</span> <span class='ocrx_word' id='word_1_596' title='bbox 738 3825 931 3893; x_wconf 86' lang='lat' dir='ltr'>rempublicam</span> <span class='ocrx_word' id='word_1_597' title='bbox 984 3822 1056 3876; x_wconf 88' lang='lat' dir='ltr'>enim</span> <span class='ocrx_word' id='word_1_598' title='bbox 1081 3821 1192 3890; x_wconf 87' lang='lat' dir='ltr'>puieltra</span> <span class='ocrx_word' id='word_1_599' title='bbox 1213 3819 1300 3873; x_wconf 81' lang='lat' dir='ltr'>valde·</span> <span class='ocrx_word' id='word_1_600' title='bbox 1316 3839 1325 3871; x_wconf 86' lang='grc' dir='ltr'>ι</span> <span class='ocrx_word' id='word_1_601' title='bbox 1342 3819 1460 3871; x_wconf 71' lang='lat' dir='ltr'>Annales</span> <span class='ocrx_word' id='word_1_602' title='bbox 1479 3818 1611 3871; x_wconf 64' lang='lat' dir='ltr'>Metelites</span> <span class='ocrx_word' id='word_1_603' title='bbox 1625 3818 1658 3870; x_wconf 66' lang='lat' dir='ltr'>dd</span> <span class='ocrx_word' id='word_1_604' title='bbox 1676 3833 1776 3873; x_wconf 68' lang='lat' dir='ltr'>otmunt</span> 
     </span>
     <span class='ocr_line' id='line_1_44' title="bbox 142 3885 1775 3962; baseline 0.001 -22"><span class='ocrx_word' id='word_1_605' title='bbox 142 3885 290 3956; x_wconf 72' lang='lat' dir='ltr'>spiravere,</span> <span class='ocrx_word' id='word_1_606' title='bbox 303 3888 423 3943; x_wconf 83' lang='lat' dir='ltr'>honestis</span> <span class='ocrx_word' id='word_1_607' title='bbox 435 3890 598 3954; x_wconf 89' lang='lat' dir='ltr'>nominibus,</span> <span class='ocrx_word' id='word_1_608' title='bbox 610 3891 665 3952; x_wconf 88' lang='lat' dir='ltr'>alii,</span> <span class='ocrx_word' id='word_1_609' title='bbox 680 3892 758 3947; x_wconf 90' lang='lat' dir='ltr'>sicuti</span> <span class='ocrx_word' id='word_1_610' title='bbox 767 3891 829 3960; x_wconf 84' lang='lat' dir='ltr'>jura</span> <span class='ocrx_word' id='word_1_611' title='bbox 841 3897 932 3962; x_wconf 90' lang='lat' dir='ltr'>populi</span> <span class='ocrx_word' id='word_1_612' title='bbox 983 3891 1035 3947; x_wconf 71' lang='lat'>829</span> <span class='ocrx_word' id='word_1_613' title='bbox 1050 3906 1077 3945; x_wconf 86' lang='lat' dir='ltr'>:r</span> <span class='ocrx_word' id='word_1_614' title='bbox 1091 3892 1127 3944; x_wconf 92' lang='lat' dir='ltr'>lm</span> <span class='ocrx_word' id='word_1_615' title='bbox 1164 3898 1238 3942; x_wconf 90' lang='lat' dir='ltr'>rator</span> <span class='ocrx_word' id='word_1_616' title='bbox 1251 3887 1403 3944; x_wconf 89' lang='lat' dir='ltr'>Ludovicus</span> <span class='ocrx_word' id='word_1_617' title='bbox 1416 3887 1533 3942; x_wconf 90' lang='lat' dir='ltr'>habebat</span> <span class='ocrx_word' id='word_1_618' title='bbox 1547 3888 1691 3956; x_wconf 86' lang='lat' dir='ltr'>rptamdaur</span> <span class='ocrx_word' id='word_1_619' title='bbox 1706 3890 1775 3957; x_wconf 82' lang='lat' dir='ltr'>regi·</span> 
     </span>
     <span class='ocr_line' id='line_1_45' title="bbox 141 3953 1775 4030; baseline 0.002 -20"><span class='ocrx_word' id='word_1_620' title='bbox 141 3953 328 4023; x_wconf 81' lang='lat' dir='ltr'>defenderent,</span> <span class='ocrx_word' id='word_1_621' title='bbox 343 3973 417 4027; x_wconf 89' lang='lat' dir='ltr'>pars,</span> <span class='ocrx_word' id='word_1_622' title='bbox 437 3975 490 4028; x_wconf 89' lang='lat' dir='ltr'>quo</span> <span class='ocrx_word' id='word_1_623' title='bbox 513 3968 623 4015; x_wconf 91' lang='lat' dir='ltr'>senatus</span> <span class='ocrx_word' id='word_1_624' title='bbox 639 3962 787 4016; x_wconf 87' lang='lat' dir='ltr'>auctoritas</span> <span class='ocrx_word' id='word_1_625' title='bbox 807 3979 933 4020; x_wconf 81' lang='lat' dir='ltr'>niernum</span> <span class='ocrx_word' id='word_1_626' title='bbox 983 3974 1046 4015; x_wconf 90' lang='lat' dir='ltr'>nam</span> <span class='ocrx_word' id='word_1_627' title='bbox 1063 3959 1204 4030; x_wconf 85' lang='lat' dir='ltr'>puletram</span> <span class='ocrx_word' id='word_1_628' title='bbox 1229 3959 1309 4012; x_wconf 89' lang='lat' dir='ltr'>nimis</span> <span class='ocrx_word' id='word_1_629' title='bbox 1331 3957 1439 4011; x_wconf 89' lang='lat' dir='ltr'>nomine</span> <span class='ocrx_word' id='word_1_630' title='bbox 1462 3956 1566 4015; x_wconf 85' lang='lat' dir='ltr'>iudith,</span> <span class='ocrx_word' id='word_1_631' title='bbox 1585 3964 1613 4010; x_wconf 92' lang='lat' dir='ltr'>et</span> <span class='ocrx_word' id='word_1_632' title='bbox 1636 3957 1775 4025; x_wconf 70' lang='lat' dir='ltr'>sapientiae</span> 
     </span>
     <span class='ocr_line' id='line_1_46' title="bbox 141 4021 1772 4104; baseline 0.001 -25"><span class='ocrx_word' id='word_1_633' title='bbox 141 4021 222 4090; x_wconf 88' lang='lat' dir='ltr'>foret,</span> <span class='ocrx_word' id='word_1_634' title='bbox 237 4025 335 4081; x_wconf 91' lang='lat' dir='ltr'>bonum</span> <span class='ocrx_word' id='word_1_635' title='bbox 350 4028 484 4098; x_wconf 91' lang='lat' dir='ltr'>publicum</span> <span class='ocrx_word' id='word_1_636' title='bbox 505 4029 673 4096; x_wconf 86' lang='lat' dir='ltr'>simulantes,</span> <span class='ocrx_word' id='word_1_637' title='bbox 689 4046 737 4101; x_wconf 92' lang='lat' dir='ltr'>pro</span> <span class='ocrx_word' id='word_1_638' title='bbox 755 4048 803 4086; x_wconf 90' lang='lat' dir='ltr'>sna</span> <span class='ocrx_word' id='word_1_639' title='bbox 818 4034 933 4104; x_wconf 89' lang='lat' dir='ltr'>quisque</span> <span class='ocrx_word' id='word_1_640' title='bbox 983 4030 1095 4084; x_wconf 83' lang='lat' dir='ltr'>floribus</span> <span class='ocrx_word' id='word_1_641' title='bbox 1108 4028 1210 4098; x_wconf 89' lang='lat' dir='ltr'>optime</span> <span class='ocrx_word' id='word_1_642' title='bbox 1229 4029 1399 4088; x_wconf 90' lang='lat' dir='ltr'>instructum,</span> <span class='ocrx_word' id='word_1_643' title='bbox 1424 4027 1552 4082; x_wconf 88' lang='lat' dir='ltr'>sociatam</span> <span class='ocrx_word' id='word_1_644' title='bbox 1571 4027 1620 4081; x_wconf 88' lang='lat' dir='ltr'>sibi</span> <span class='ocrx_word' id='word_1_645' title='bbox 1637 4028 1663 4080; x_wconf 92' lang='lat' dir='ltr'>in</span> <span class='ocrx_word' id='word_1_646' title='bbox 1676 4027 1772 4098; x_wconf 87' lang='lat' dir='ltr'>eonju-</span> 
     </span>
     <span class='ocr_line' id='line_1_47' title="bbox 140 4096 1772 4172; baseline 0.001 -24"><span class='ocrx_word' id='word_1_647' title='bbox 140 4096 261 4165; x_wconf 80' lang='lat' dir='ltr'>potentia</span> <span class='ocrx_word' id='word_1_648' title='bbox 276 4103 406 4169; x_wconf 68' lang='lat' dir='ltr'>certarint.</span> <span class='ocrx_word' id='word_1_649' title='bbox 426 4119 434 4150; x_wconf 82' lang='grc' dir='ltr'>ι</span> <span class='ocrx_word' id='word_1_650' title='bbox 983 4101 1036 4172; x_wconf 76' lang='lat' dir='ltr'>gio.</span> <span class='ocrx_word' id='word_1_651' title='bbox 1048 4121 1057 4152; x_wconf 81' lang='grc' dir='ltr'>ι</span> <span class='ocrx_word' id='word_1_652' title='bbox 1071 4100 1111 4154; x_wconf 80' lang='lat' dir='ltr'>lix</span> <span class='ocrx_word' id='word_1_653' title='bbox 1122 4113 1176 4169; x_wconf 91' lang='lat' dir='ltr'>quo</span> <span class='ocrx_word' id='word_1_654' title='bbox 1188 4098 1295 4154; x_wconf 85' lang='lat' dir='ltr'>interint</span> <span class='ocrx_word' id='word_1_655' title='bbox 1307 4097 1365 4152; x_wconf 93' lang='lat' dir='ltr'>loeo</span> <span class='ocrx_word' id='word_1_656' title='bbox 1375 4106 1448 4167; x_wconf 90' lang='lat' dir='ltr'>patet</span> <span class='ocrx_word' id='word_1_657' title='bbox 1461 4112 1521 4151; x_wconf 90' lang='lat' dir='ltr'>carn</span> <span class='ocrx_word' id='word_1_658' title='bbox 1534 4113 1548 4150; x_wconf 91' lang='lat' dir='ltr'>a</span> <span class='ocrx_word' id='word_1_659' title='bbox 1564 4098 1660 4151; x_wconf 90' lang='lat' dir='ltr'>marito</span> <span class='ocrx_word' id='word_1_660' title='bbox 1672 4098 1772 4152; x_wconf 87' lang='lat' dir='ltr'>cultam</span> 
     </span>
    </p>

    <p class='ocr_par' dir='ltr' id='par_1_8' title="bbox 137 4165 1773 4592">
     <span class='ocr_line' id='line_1_48' title="bbox 177 4165 1773 4242; baseline 0.002 -23"><span class='ocrx_word' id='word_1_661' title='bbox 177 4165 323 4221; x_wconf 74' lang='lat' dir='ltr'>‘flamiam</span> <span class='ocrx_word' id='word_1_662' title='bbox 337 4166 429 4237; x_wconf 82' lang='lat' dir='ltr'>palatii</span> <span class='ocrx_word' id='word_1_663' title='bbox 451 4170 572 4235; x_wconf 80' lang='lat' dir='ltr'>senioris,</span> <span class='ocrx_word' id='word_1_664' title='bbox 593 4170 685 4233; x_wconf 88' lang='lat' dir='ltr'>idest,</span> <span class='ocrx_word' id='word_1_665' title='bbox 701 4170 790 4242; x_wconf 87' lang='lat' dir='ltr'>palatii</span> <span class='ocrx_word' id='word_1_666' title='bbox 803 4172 931 4229; x_wconf 81' lang='lat' dir='ltr'>ludovici</span> <span class='ocrx_word' id='word_1_667' title='bbox 983 4186 1036 4226; x_wconf 91' lang='lat' dir='ltr'>non</span> <span class='ocrx_word' id='word_1_668' title='bbox 1061 4169 1145 4225; x_wconf 87' lang='lat' dir='ltr'>fuisse</span> <span class='ocrx_word' id='word_1_669' title='bbox 1171 4179 1282 4240; x_wconf 90' lang='lat' dir='ltr'>propter</span> <span class='ocrx_word' id='word_1_670' title='bbox 1305 4168 1390 4224; x_wconf 87' lang='lat' dir='ltr'>solam</span> <span class='ocrx_word' id='word_1_671' title='bbox 1417 4167 1655 4238; x_wconf 87' lang='lat' dir='ltr'>pulchritudinem,</span> <span class='ocrx_word' id='word_1_672' title='bbox 1683 4176 1712 4221; x_wconf 92' lang='grc' dir='ltr'>ιιι</span> <span class='ocrx_word' id='word_1_673' title='bbox 1735 4171 1773 4222; x_wconf 89' lang='lat' dir='ltr'>ait</span> 
     </span>
     <span class='ocr_line' id='line_1_49' title="bbox 139 4232 1771 4312; baseline 0.013 -22"><span class='ocrx_word' id='word_1_674' title='bbox 139 4232 193 4300; x_wconf 85' lang='lat' dir='ltr'>Pii,</span> <span class='ocrx_word' id='word_1_675' title='bbox 218 4236 264 4305; x_wconf 90' lang='lat' dir='ltr'>qui</span> <span class='ocrx_word' id='word_1_676' title='bbox 289 4238 369 4307; x_wconf 90' lang='lat' dir='ltr'>paulo</span> <span class='ocrx_word' id='word_1_677' title='bbox 393 4246 454 4293; x_wconf 84' lang='lat' dir='ltr'>aitte</span> <span class='ocrx_word' id='word_1_678' title='bbox 479 4240 566 4295; x_wconf 89' lang='lat' dir='ltr'>dietus</span> <span class='ocrx_word' id='word_1_679' title='bbox 588 4248 630 4295; x_wconf 89' lang='lat' dir='ltr'>est</span> <span class='ocrx_word' id='word_1_680' title='bbox 654 4241 799 4310; x_wconf 86' lang='lat' dir='ltr'>imperator</span> <span class='ocrx_word' id='word_1_681' title='bbox 822 4244 929 4310; x_wconf 88' lang='lat' dir='ltr'>senior;</span> <span class='ocrx_word' id='word_1_682' title='bbox 981 4240 1150 4312; x_wconf 78' lang='lat' dir='ltr'>Agenoreus,</span> <span class='ocrx_word' id='word_1_683' title='bbox 1173 4242 1220 4295; x_wconf 67' lang='lat' dir='ltr'>Sfld</span> <span class='ocrx_word' id='word_1_684' title='bbox 1243 4237 1771 4307; x_wconf 51' lang='lat' dir='ltr'>illim0¹1diffidamlilim&amp;‘lllb&#39;lS</span> 
     </span>
     <span class='ocr_line' id='line_1_50' title="bbox 139 4303 1772 4382; baseline 0.002 -22"><span class='ocrx_word' id='word_1_685' title='bbox 139 4303 286 4361; x_wconf 77' lang='lat' dir='ltr'>Lotbarius</span> <span class='ocrx_word' id='word_1_686' title='bbox 312 4321 385 4372; x_wconf 90' lang='lat' dir='ltr'>vero,</span> <span class='ocrx_word' id='word_1_687' title='bbox 411 4309 557 4380; x_wconf 89' lang='lat' dir='ltr'>imperator</span> <span class='ocrx_word' id='word_1_688' title='bbox 579 4309 680 4381; x_wconf 84' lang='lat' dir='ltr'>junior.</span> <span class='ocrx_word' id='word_1_689' title='bbox 699 4310 766 4365; x_wconf 87' lang='lat' dir='ltr'>Nam</span> <span class='ocrx_word' id='word_1_690' title='bbox 787 4322 929 4382; x_wconf 87' lang='lat' dir='ltr'>postquam</span> <span class='ocrx_word' id='word_1_691' title='bbox 981 4321 1077 4366; x_wconf 89' lang='lat' dir='ltr'>ornata</span> <span class='ocrx_word' id='word_1_692' title='bbox 1092 4318 1161 4365; x_wconf 89' lang='lat' dir='ltr'>erat.</span> <span class='ocrx_word' id='word_1_693' title='bbox 1179 4308 1233 4365; x_wconf 93' lang='lat' dir='ltr'>Sed</span> <span class='ocrx_word' id='word_1_694' title='bbox 1255 4310 1376 4364; x_wconf 87' lang='lat' dir='ltr'>aculeata</span> <span class='ocrx_word' id='word_1_695' title='bbox 1401 4308 1445 4362; x_wconf 91' lang='lat' dir='ltr'>illa</span> <span class='ocrx_word' id='word_1_696' title='bbox 1463 4309 1575 4378; x_wconf 90' lang='lat' dir='ltr'>scriptio</span> <span class='ocrx_word' id='word_1_697' title='bbox 1596 4310 1772 4364; x_wconf 89' lang='lat' dir='ltr'>condonanda</span> 
     </span>
     <span class='ocr_line' id='line_1_51' title="bbox 139 4372 1772 4449; baseline 0.002 -19"><span class='ocrx_word' id='word_1_698' title='bbox 139 4372 297 4430; x_wconf 66' lang='lat' dir='ltr'>minanam</span> <span class='ocrx_word' id='word_1_699' title='bbox 308 4375 458 4433; x_wconf 78' lang='lat' dir='ltr'>ludovicus</span> <span class='ocrx_word' id='word_1_700' title='bbox 469 4379 573 4449; x_wconf 89' lang='lat' dir='ltr'>imperii</span> <span class='ocrx_word' id='word_1_701' title='bbox 585 4388 737 4436; x_wconf 83' lang='lat' dir='ltr'>consortem</span> <span class='ocrx_word' id='word_1_702' title='bbox 749 4379 823 4447; x_wconf 89' lang='lat' dir='ltr'>lecit,</span> <span class='ocrx_word' id='word_1_703' title='bbox 834 4383 930 4439; x_wconf 87' lang='lat' dir='ltr'>funin·</span> <span class='ocrx_word' id='word_1_704' title='bbox 982 4388 1023 4436; x_wconf 91' lang='lat' dir='ltr'>est</span> <span class='ocrx_word' id='word_1_705' title='bbox 1035 4380 1125 4436; x_wconf 91' lang='lat' dir='ltr'>studio</span> <span class='ocrx_word' id='word_1_706' title='bbox 1142 4381 1268 4448; x_wconf 90' lang='lat' dir='ltr'>partium.</span> <span class='ocrx_word' id='word_1_707' title='bbox 1286 4378 1356 4433; x_wconf 67' lang='lat' dir='ltr'>Sanc</span> <span class='ocrx_word' id='word_1_708' title='bbox 1372 4394 1496 4448; x_wconf 80' lang='lat' dir='ltr'>magnam</span> <span class='ocrx_word' id='word_1_709' title='bbox 1511 4394 1542 4432; x_wconf 90' lang='lat' dir='ltr'>ae</span> <span class='ocrx_word' id='word_1_710' title='bbox 1556 4379 1717 4447; x_wconf 84' lang='lat' dir='ltr'>peculiarem</span> <span class='ocrx_word' id='word_1_711' title='bbox 1734 4380 1745 4432; x_wconf 86' lang='lat' dir='ltr'>i</span> <span class='ocrx_word' id='word_1_712' title='bbox 1761 4408 1772 4418; x_wconf 95' lang='lat'>·</span> 
     </span>
     <span class='ocr_line' id='line_1_52' title="bbox 137 4422 1770 4570; baseline 0.002 -71"><span class='ocrx_word' id='word_1_713' title='bbox 137 4444 271 4570; x_wconf 56' lang='lat' dir='ltr'>gerulique</span> <span class='ocrx_word' id='word_1_714' title='bbox 285 4447 412 4517; x_wconf 72' lang='lat' dir='ltr'>Augustae</span> <span class='ocrx_word' id='word_1_715' title='bbox 423 4450 545 4514; x_wconf 91' lang='lat' dir='ltr'>sociavit,</span> <span class='ocrx_word' id='word_1_716' title='bbox 561 4452 645 4506; x_wconf 85' lang='lat' dir='ltr'>divisa</span> <span class='ocrx_word' id='word_1_717' title='bbox 658 4460 701 4506; x_wconf 90' lang='lat' dir='ltr'>cst</span> <span class='ocrx_word' id='word_1_718' title='bbox 718 4451 818 4506; x_wconf 89' lang='lat' dir='ltr'>familia</span> <span class='ocrx_word' id='word_1_719' title='bbox 833 4469 929 4523; x_wconf 78' lang='lat' dir='ltr'>regna·</span> <span class='ocrx_word' id='word_1_720' title='bbox 941 4422 968 4481; x_wconf 77' lang='lat' dir='ltr'>D</span> <span class='ocrx_word' id='word_1_721' title='bbox 981 4451 1114 4506; x_wconf 86' lang='lat' dir='ltr'>minarum</span> <span class='ocrx_word' id='word_1_722' title='bbox 1126 4450 1237 4519; x_wconf 77' lang='lat' dir='ltr'>gloriam</span> <span class='ocrx_word' id='word_1_723' title='bbox 1260 4464 1319 4504; x_wconf 88' lang='lat' dir='ltr'>esse</span> <span class='ocrx_word' id='word_1_724' title='bbox 1341 4448 1567 4518; x_wconf 86' lang='lat' dir='ltr'>pulchritudinem</span> <span class='ocrx_word' id='word_1_725' title='bbox 1589 4449 1658 4517; x_wconf 88' lang='lat' dir='ltr'>apud</span> <span class='ocrx_word' id='word_1_726' title='bbox 1676 4464 1770 4505; x_wconf 84' lang='lat' dir='ltr'>ornnes</span> 
     </span>
     <span class='ocr_line' id='line_1_53' title="bbox 139 4516 1771 4592; baseline 0.001 -23"><span class='ocrx_word' id='word_1_727' title='bbox 139 4522 210 4580; x_wconf 87' lang='lat' dir='ltr'>trtx;</span> <span class='ocrx_word' id='word_1_728' title='bbox 243 4516 426 4586; x_wconf 87' lang='lat' dir='ltr'>udovieusque</span> <span class='ocrx_word' id='word_1_729' title='bbox 437 4521 504 4575; x_wconf 90' lang='lat' dir='ltr'>citra</span> <span class='ocrx_word' id='word_1_730' title='bbox 514 4520 595 4590; x_wconf 76' lang='lat' dir='ltr'>Alpes</span> <span class='ocrx_word' id='word_1_731' title='bbox 606 4537 758 4586; x_wconf 86' lang='lat' dir='ltr'>remanens,</span> <span class='ocrx_word' id='word_1_732' title='bbox 771 4523 809 4577; x_wconf 88' lang='lat' dir='ltr'>Lo</span> <span class='ocrx_word' id='word_1_733' title='bbox 823 4525 928 4578; x_wconf 86' lang='lat' dir='ltr'>lmriunt</span> <span class='ocrx_word' id='word_1_734' title='bbox 980 4521 1079 4592; x_wconf 88' lang='lat' dir='ltr'>ubique</span> <span class='ocrx_word' id='word_1_735' title='bbox 1093 4519 1224 4588; x_wconf 72' lang='lat' dir='ltr'>genesin</span> <span class='ocrx_word' id='word_1_736' title='bbox 1239 4519 1364 4573; x_wconf 88' lang='lat' dir='ltr'>confesso</span> <span class='ocrx_word' id='word_1_737' title='bbox 1376 4525 1427 4572; x_wconf 88' lang='lat' dir='ltr'>est.</span> <span class='ocrx_word' id='word_1_738' title='bbox 1442 4518 1533 4584; x_wconf 88' lang='lat' dir='ltr'>ltaque</span> <span class='ocrx_word' id='word_1_739' title='bbox 1549 4532 1627 4571; x_wconf 85' lang='lat' dir='ltr'>rtcrtto</span> <span class='ocrx_word' id='word_1_740' title='bbox 1641 4517 1771 4572; x_wconf 88' lang='lat' dir='ltr'>haetenus</span> 
     </span>
    </p>
   </div>
   <div class='ocr_carea' id='block_1_5' title="bbox 136 4585 1771 5127">
    <p class='ocr_par' dir='ltr' id='par_1_9' title="bbox 138 4585 1766 4714">
     <span class='ocr_line' id='line_1_54' title="bbox 138 4585 1766 4714; baseline 0.001 -75"><span class='ocrx_word' id='word_1_741' title='bbox 138 4598 234 4656; x_wconf 67' lang='lat' dir='ltr'>regere</span> <span class='ocrx_word' id='word_1_742' title='bbox 251 4585 354 4641; x_wconf 88' lang='lat' dir='ltr'>ltaliam</span> <span class='ocrx_word' id='word_1_743' title='bbox 370 4589 460 4659; x_wconf 85' lang='lat' dir='ltr'>jussit.</span> <span class='ocrx_word' id='word_1_744' title='bbox 475 4589 541 4645; x_wconf 87' lang='lat' dir='ltr'>ilinc</span> <span class='ocrx_word' id='word_1_745' title='bbox 561 4591 656 4661; x_wconf 82' lang='lat' dir='ltr'>duplex</span> <span class='ocrx_word' id='word_1_746' title='bbox 670 4592 774 4658; x_wconf 77' lang='lat' dir='ltr'>dotatus,</span> <span class='ocrx_word' id='word_1_747' title='bbox 788 4594 845 4648; x_wconf 89' lang='lat' dir='ltr'>sire</span> <span class='ocrx_word' id='word_1_748' title='bbox 857 4594 929 4661; x_wconf 88' lang='lat' dir='ltr'>pala-</span> <span class='ocrx_word' id='word_1_749' title='bbox 980 4589 1031 4647; x_wconf 92' lang='lat' dir='ltr'>fuit</span> <span class='ocrx_word' id='word_1_750' title='bbox 1044 4590 1089 4714; x_wconf 70' lang='lat' dir='ltr'>qui</span> <span class='ocrx_word' id='word_1_751' title='bbox 1108 4589 1220 4645; x_wconf 86' lang='lat' dir='ltr'>formam</span> <span class='ocrx_word' id='word_1_752' title='bbox 1240 4587 1361 4656; x_wconf 91' lang='lat' dir='ltr'>corporis</span> <span class='ocrx_word' id='word_1_753' title='bbox 1376 4585 1544 4641; x_wconf 85' lang='lat' dir='ltr'>accusaverit</span> <span class='ocrx_word' id='word_1_754' title='bbox 1559 4586 1584 4638; x_wconf 92' lang='lat' dir='ltr'>in</span> <span class='ocrx_word' id='word_1_755' title='bbox 1600 4586 1766 4641; x_wconf 81' lang='lat' dir='ltr'>nuilicrilnts.</span> 
     </span>
    </p>

    <p class='ocr_par' dir='ltr' id='par_1_10' title="bbox 138 4654 1771 4723">
     <span class='ocr_line' id='line_1_55' title="bbox 138 4654 1771 4723; baseline 0.002 -16"><span class='ocrx_word' id='word_1_756' title='bbox 138 4654 206 4707; x_wconf 92' lang='lat' dir='ltr'>tium</span> <span class='ocrx_word' id='word_1_757' title='bbox 221 4672 228 4707; x_wconf 91' lang='lat'><strong>:</strong></span> <span class='ocrx_word' id='word_1_758' title='bbox 276 4656 370 4711; x_wconf 90' lang='lat' dir='ltr'>latitrm</span> <span class='ocrx_word' id='word_1_759' title='bbox 393 4659 493 4723; x_wconf 82' lang='lat' dir='ltr'>servius,</span> <span class='ocrx_word' id='word_1_760' title='bbox 513 4660 609 4715; x_wconf 90' lang='lat' dir='ltr'>domus</span> <span class='ocrx_word' id='word_1_761' title='bbox 626 4661 752 4715; x_wconf 87' lang='lat' dir='ltr'>Ltulnvici</span> <span class='ocrx_word' id='word_1_762' title='bbox 768 4681 774 4715; x_wconf 79' lang='lat'>2</span> <span class='ocrx_word' id='word_1_763' title='bbox 791 4664 862 4716; x_wconf 87' lang='lat' dir='ltr'>aliud</span> <span class='ocrx_word' id='word_1_764' title='bbox 875 4662 928 4717; x_wconf 80' lang='lat' dir='ltr'>bo·</span> <span class='ocrx_word' id='word_1_765' title='bbox 980 4659 1054 4716; x_wconf 81' lang='lat' dir='ltr'>Proee</span> <span class='ocrx_word' id='word_1_766' title='bbox 1064 4676 1110 4715; x_wconf 90' lang='lat' dir='ltr'>are</span> <span class='ocrx_word' id='word_1_767' title='bbox 1121 4657 1302 4713; x_wconf 80' lang='lat' dir='ltr'>Tertullianus</span> <span class='ocrx_word' id='word_1_768' title='bbox 1315 4657 1341 4710; x_wconf 91' lang='lat' dir='ltr'>in</span> <span class='ocrx_word' id='word_1_769' title='bbox 1355 4657 1423 4710; x_wconf 91' lang='lat' dir='ltr'>libro</span> <span class='ocrx_word' id='word_1_770' title='bbox 1433 4656 1552 4723; x_wconf 78' lang='lat' dir='ltr'>seeundo</span> <span class='ocrx_word' id='word_1_771' title='bbox 1563 4655 1595 4708; x_wconf 91' lang='lat' dir='ltr'>de</span> <span class='ocrx_word' id='word_1_772' title='bbox 1610 4658 1683 4710; x_wconf 90' lang='lat' dir='ltr'>cultu</span> <span class='ocrx_word' id='word_1_773' title='bbox 1695 4656 1771 4710; x_wconf 88' lang='lat' dir='ltr'>femi·</span> 
     </span>
    </p>

    <p class='ocr_par' dir='ltr' id='par_1_11' title="bbox 137 4723 1769 4801">
     <span class='ocr_line' id='line_1_56' title="bbox 137 4723 1769 4801; baseline 0.001 -24"><span class='ocrx_word' id='word_1_774' title='bbox 137 4723 220 4778; x_wconf 87' lang='lat' dir='ltr'>tharii</span> <span class='ocrx_word' id='word_1_775' title='bbox 251 4741 337 4781; x_wconf 90' lang='lat' dir='ltr'>emus.</span> <span class='ocrx_word' id='word_1_776' title='bbox 349 4725 441 4783; x_wconf 85' lang='lat' dir='ltr'>Juditlr</span> <span class='ocrx_word' id='word_1_777' title='bbox 453 4745 525 4798; x_wconf 70' lang='lat' dir='ltr'>ergo,</span> <span class='ocrx_word' id='word_1_778' title='bbox 538 4745 598 4799; x_wconf 74' lang='lat' dir='ltr'>quae</span> <span class='ocrx_word' id='word_1_779' title='bbox 608 4730 736 4786; x_wconf 86' lang='lat' dir='ltr'>Ludoviei</span> <span class='ocrx_word' id='word_1_780' title='bbox 750 4731 927 4801; x_wconf 79' lang='lat' dir='ltr'>conjuxerat,</span> <span class='ocrx_word' id='word_1_781' title='bbox 979 4745 1074 4785; x_wconf 84' lang='lat' dir='ltr'>nerunt</span> <span class='ocrx_word' id='word_1_782' title='bbox 1088 4750 1094 4783; x_wconf 88' lang='lat'>:</span> <span class='ocrx_word' id='word_1_783' title='bbox 1111 4729 1196 4783; x_wconf 74' lang='lat' dir='ltr'>«Nam</span> <span class='ocrx_word' id='word_1_784' title='bbox 1207 4728 1257 4783; x_wconf 91' lang='lat' dir='ltr'>etsi</span> <span class='ocrx_word' id='word_1_785' title='bbox 1269 4726 1436 4781; x_wconf 89' lang='lat' dir='ltr'>accusandus</span> <span class='ocrx_word' id='word_1_786' title='bbox 1447 4726 1527 4780; x_wconf 89' lang='lat' dir='ltr'>decor</span> <span class='ocrx_word' id='word_1_787' title='bbox 1540 4740 1592 4778; x_wconf 90' lang='lat' dir='ltr'>non</span> <span class='ocrx_word' id='word_1_788' title='bbox 1604 4734 1656 4792; x_wconf 88' lang='lat' dir='ltr'>est,</span> <span class='ocrx_word' id='word_1_789' title='bbox 1671 4727 1769 4795; x_wconf 88' lang='lat' dir='ltr'>inquit,</span> 
     </span>
    </p>

    <p class='ocr_par' dir='ltr' id='par_1_12' title="bbox 138 4793 1770 4945">
     <span class='ocr_line' id='line_1_57' title="bbox 138 4793 1770 4868; baseline 0.001 -19"><span class='ocrx_word' id='word_1_790' title='bbox 138 4793 247 4849; x_wconf 71' lang='lat' dir='ltr'>murrina</span> <span class='ocrx_word' id='word_1_791' title='bbox 265 4796 316 4851; x_wconf 90' lang='lat' dir='ltr'>fuit</span> <span class='ocrx_word' id='word_1_792' title='bbox 329 4798 420 4867; x_wconf 89' lang='lat' dir='ltr'>palatii</span> <span class='ocrx_word' id='word_1_793' title='bbox 437 4800 562 4855; x_wconf 89' lang='lat' dir='ltr'>senioris.</span> <span class='ocrx_word' id='word_1_794' title='bbox 978 4799 1136 4854; x_wconf 81' lang='lat' dir='ltr'>infelicitas</span> <span class='ocrx_word' id='word_1_795' title='bbox 1157 4799 1289 4868; x_wconf 89' lang='lat' dir='ltr'>corporis,</span> <span class='ocrx_word' id='word_1_796' title='bbox 1309 4805 1338 4850; x_wconf 95' lang='lat' dir='ltr'>ut</span> <span class='ocrx_word' id='word_1_797' title='bbox 1352 4797 1449 4850; x_wconf 81' lang='lat' dir='ltr'>divinar</span> <span class='ocrx_word' id='word_1_798' title='bbox 1461 4796 1580 4864; x_wconf 84' lang='lat' dir='ltr'>plasticae</span> <span class='ocrx_word' id='word_1_799' title='bbox 1594 4797 1724 4859; x_wconf 83' lang='lat' dir='ltr'>accessio,</span> <span class='ocrx_word' id='word_1_800' title='bbox 1740 4805 1770 4850; x_wconf 92' lang='lat' dir='ltr'>nt</span> 
     </span>
     <span class='ocr_line' id='line_1_58' title="bbox 172 4861 1769 4945; baseline 0.002 -29"><span class='ocrx_word' id='word_1_801' title='bbox 172 4862 187 4902; x_wconf 71' lang='lat'>‘¹</span> <span class='ocrx_word' id='word_1_802' title='bbox 208 4861 344 4937; x_wconf 84' lang='lat' dir='ltr'>Plerisque</span> <span class='ocrx_word' id='word_1_803' title='bbox 370 4868 570 4923; x_wconf 81' lang='lat' dir='ltr'>colludentibus.</span> <span class='ocrx_word' id='word_1_804' title='bbox 589 4870 702 4923; x_wconf 82' lang='lat' dir='ltr'>liamttat</span> <span class='ocrx_word' id='word_1_805' title='bbox 723 4870 862 4945; x_wconf 59' lang='lat' dir='ltr'>episcopos</span> <span class='ocrx_word' id='word_1_806' title='bbox 881 4872 927 4941; x_wconf 90' lang='lat' dir='ltr'>qni</span> <span class='ocrx_word' id='word_1_807' title='bbox 979 4870 1074 4924; x_wconf 66' lang='lat' dir='ltr'>attimar</span> <span class='ocrx_word' id='word_1_808' title='bbox 1087 4869 1176 4938; x_wconf 87' lang='lat' dir='ltr'>aliqua</span> <span class='ocrx_word' id='word_1_809' title='bbox 1189 4870 1272 4923; x_wconf 88' lang='lat' dir='ltr'>vestis</span> <span class='ocrx_word' id='word_1_810' title='bbox 1284 4869 1369 4930; x_wconf 72' lang='lat' dir='ltr'>frona,</span> <span class='ocrx_word' id='word_1_811' title='bbox 1389 4868 1522 4922; x_wconf 87' lang='lat' dir='ltr'>timendus</span> <span class='ocrx_word' id='word_1_812' title='bbox 1539 4877 1580 4920; x_wconf 90' lang='lat' dir='ltr'>est</span> <span class='ocrx_word' id='word_1_813' title='bbox 1602 4876 1689 4921; x_wconf 86' lang='lat' dir='ltr'>tamen</span> <span class='ocrx_word' id='word_1_814' title='bbox 1705 4882 1769 4936; x_wconf 88' lang='lat' dir='ltr'>pto-</span> 
     </span>
    </p>

    <p class='ocr_par' dir='ltr' id='par_1_13' title="bbox 137 4933 1766 5010">
     <span class='ocr_line' id='line_1_59' title="bbox 137 4933 1766 5010; baseline 0.001 -23"><span class='ocrx_word' id='word_1_815' title='bbox 137 4947 199 4988; x_wconf 90' lang='lat' dir='ltr'>oum</span> <span class='ocrx_word' id='word_1_816' title='bbox 213 4933 323 4990; x_wconf 87' lang='lat' dir='ltr'>Juditba</span> <span class='ocrx_word' id='word_1_817' title='bbox 347 4937 475 4992; x_wconf 90' lang='lat' dir='ltr'>ludebant</span> <span class='ocrx_word' id='word_1_818' title='bbox 496 4940 644 5007; x_wconf 87' lang='lat' dir='ltr'>pueriliter,</span> <span class='ocrx_word' id='word_1_819' title='bbox 670 4940 786 5009; x_wconf 85' lang='lat' dir='ltr'>ictuque</span> <span class='ocrx_word' id='word_1_820' title='bbox 808 4957 854 4994; x_wconf 88' lang='lat' dir='ltr'>eos</span> <span class='ocrx_word' id='word_1_821' title='bbox 882 4943 927 5010; x_wconf 93' lang='lat' dir='ltr'>qui</span> <span class='ocrx_word' id='word_1_822' title='bbox 978 4949 1038 5008; x_wconf 89' lang='lat' dir='ltr'>pter</span> <span class='ocrx_word' id='word_1_823' title='bbox 1052 4938 1177 5006; x_wconf 84' lang='lat' dir='ltr'>injuriam</span> <span class='ocrx_word' id='word_1_824' title='bbox 1192 4948 1218 4991; x_wconf 88' lang='lat' dir='ltr'>ct</span> <span class='ocrx_word' id='word_1_825' title='bbox 1232 4938 1384 4992; x_wconf 77' lang='lat' dir='ltr'>violentiam</span> <span class='ocrx_word' id='word_1_826' title='bbox 1398 4946 1572 5002; x_wconf 86' lang='lat' dir='ltr'>sectatorum,</span> <span class='ocrx_word' id='word_1_827' title='bbox 1589 4953 1670 5007; x_wconf 89' lang='lat' dir='ltr'>quum</span> <span class='ocrx_word' id='word_1_828' title='bbox 1685 4939 1766 4991; x_wconf 88' lang='lat' dir='ltr'>etiam</span> 
     </span>
    </p>

    <p class='ocr_par' dir='ltr' id='par_1_14' title="bbox 136 5005 1765 5127">
     <span class='ocr_line' id='line_1_60' title="bbox 136 5005 1765 5126; baseline 0 -68"><span class='ocrx_word' id='word_1_829' title='bbox 136 5005 251 5126; x_wconf 59' lang='lat' dir='ltr'>Ererilia</span> <span class='ocrx_word' id='word_1_830' title='bbox 273 5007 318 5060; x_wconf 90' lang='lat' dir='ltr'>illa</span> <span class='ocrx_word' id='word_1_831' title='bbox 343 5008 539 5063; x_wconf 85' lang='lat' dir='ltr'>oblectamenta</span> <span class='ocrx_word' id='word_1_832' title='bbox 566 5011 734 5079; x_wconf 82' lang='lat' dir='ltr'>speectbant,</span> <span class='ocrx_word' id='word_1_833' title='bbox 751 5026 781 5064; x_wconf 86' lang='lat' dir='ltr'>ue</span> <span class='ocrx_word' id='word_1_834' title='bbox 804 5010 927 5067; x_wconf 79' lang='lat' dir='ltr'>fortassis</span> <span class='ocrx_word' id='word_1_835' title='bbox 979 5017 1055 5078; x_wconf 90' lang='lat' dir='ltr'>pater</span> <span class='ocrx_word' id='word_1_836' title='bbox 1067 5008 1127 5061; x_wconf 83' lang='lat' dir='ltr'>fidei</span> <span class='ocrx_word' id='word_1_837' title='bbox 1141 5007 1275 5062; x_wconf 79' lang='lat' dir='ltr'>hltralmm</span> <span class='ocrx_word' id='word_1_838' title='bbox 1287 5008 1414 5062; x_wconf 79' lang='lat' dir='ltr'>innueris</span> <span class='ocrx_word' id='word_1_839' title='bbox 1425 5022 1479 5061; x_wconf 77' lang='lat' dir='ltr'>sum</span> <span class='ocrx_word' id='word_1_840' title='bbox 1492 5007 1582 5078; x_wconf 86' lang='lat' dir='ltr'>speeie</span> <span class='ocrx_word' id='word_1_841' title='bbox 1593 5008 1741 5076; x_wconf 90' lang='lat' dir='ltr'>pertimuit.</span> <span class='ocrx_word' id='word_1_842' title='bbox 1755 5026 1765 5057; x_wconf 83' lang='grc' dir='ltr'>ι</span> 
     </span>
     <span class='ocr_line' id='line_1_61' title="bbox 165 5089 182 5127; baseline 0 0"><span class='ocrx_word' id='word_1_843' title='bbox 165 5089 182 5127; x_wconf 97' lang='lat' dir='ltr'>u</span> 
     </span>
    </p>
   </div>
   <div class='ocr_carea' id='block_1_6' title="bbox 133 5075 1768 5778">
    <p class='ocr_par' dir='ltr' id='par_1_15' title="bbox 133 5075 1768 5778">
     <span class='ocr_line' id='line_1_62' title="bbox 182 5075 1768 5150; baseline 0.001 -21"><span class='ocrx_word' id='word_1_844' title='bbox 182 5075 292 5130; x_wconf 84' lang='lat' dir='ltr'>dabant.</span> <span class='ocrx_word' id='word_1_845' title='bbox 305 5076 379 5134; x_wconf 88' lang='lat' dir='ltr'>istud</span> <span class='ocrx_word' id='word_1_846' title='bbox 395 5080 401 5133; x_wconf 93' lang='lat' dir='ltr'>i</span> <span class='ocrx_word' id='word_1_847' title='bbox 422 5095 480 5133; x_wconf 91' lang='lat' dir='ltr'>sum</span> <span class='ocrx_word' id='word_1_848' title='bbox 495 5081 576 5134; x_wconf 72' lang='lat' dir='ltr'>etirun</span> <span class='ocrx_word' id='word_1_849' title='bbox 590 5080 615 5132; x_wconf 92' lang='lat' dir='ltr'>in</span> <span class='ocrx_word' id='word_1_850' title='bbox 630 5081 793 5150; x_wconf 86' lang='lat' dir='ltr'>presbyteris</span> <span class='ocrx_word' id='word_1_851' title='bbox 804 5082 854 5135; x_wconf 83' lang='lat' dir='ltr'>luto</span> <span class='ocrx_word' id='word_1_852' title='bbox 869 5083 926 5150; x_wconf 89' lang='lat' dir='ltr'>ipsa</span> <span class='ocrx_word' id='word_1_853' title='bbox 979 5079 1145 5133; x_wconf 76' lang='lat' dir='ltr'>venditando</span> <span class='ocrx_word' id='word_1_854' title='bbox 1162 5093 1226 5147; x_wconf 76' lang='lat' dir='ltr'>erpo</span> <span class='ocrx_word' id='word_1_855' title='bbox 1238 5092 1289 5131; x_wconf 92' lang='lat' dir='ltr'>non</span> <span class='ocrx_word' id='word_1_856' title='bbox 1301 5086 1343 5131; x_wconf 90' lang='lat' dir='ltr'>est</span> <span class='ocrx_word' id='word_1_857' title='bbox 1357 5076 1450 5140; x_wconf 82' lang='lat' dir='ltr'>forrata,</span> <span class='ocrx_word' id='word_1_858' title='bbox 1465 5085 1494 5130; x_wconf 93' lang='lat' dir='ltr'>ut</span> <span class='ocrx_word' id='word_1_859' title='bbox 1508 5076 1587 5146; x_wconf 82' lang='lat' dir='ltr'>paulo</span> <span class='ocrx_word' id='word_1_860' title='bbox 1601 5085 1663 5130; x_wconf 89' lang='lat' dir='ltr'>ante</span> <span class='ocrx_word' id='word_1_861' title='bbox 1677 5077 1768 5131; x_wconf 90' lang='lat' dir='ltr'>docuit</span> 
     </span>
     <span class='ocr_line' id='line_1_63' title="bbox 135 5095 1767 5220; baseline 0.001 -22"><span class='ocrx_word' id='word_1_862' title='bbox 135 5149 217 5199; x_wconf 75' lang='lat' dir='ltr'>aetate</span> <span class='ocrx_word' id='word_1_863' title='bbox 240 5147 380 5202; x_wconf 84' lang='lat' dir='ltr'>damnavit</span> <span class='ocrx_word' id='word_1_864' title='bbox 402 5095 522 5203; x_wconf 69' lang='lat' dir='ltr'>lierrtana</span> <span class='ocrx_word' id='word_1_865' title='bbox 547 5150 664 5220; x_wconf 87' lang='lat' dir='ltr'>synodus</span> <span class='ocrx_word' id='word_1_866' title='bbox 687 5151 736 5204; x_wconf 88' lang='lat' dir='ltr'>sub</span> <span class='ocrx_word' id='word_1_867' title='bbox 762 5150 880 5220; x_wconf 79' lang='lat' dir='ltr'>ungento</span> <span class='ocrx_word' id='word_1_868' title='bbox 904 5152 927 5205; x_wconf 95' lang='lat' dir='ltr'>ll</span> <span class='ocrx_word' id='word_1_869' title='bbox 978 5149 1047 5203; x_wconf 92' lang='lat' dir='ltr'>idem</span> <span class='ocrx_word' id='word_1_870' title='bbox 1064 5147 1246 5202; x_wconf 86' lang='lat' dir='ltr'>Tertullianus</span> <span class='ocrx_word' id='word_1_871' title='bbox 1263 5147 1306 5201; x_wconf 90' lang='lat' dir='ltr'>his</span> <span class='ocrx_word' id='word_1_872' title='bbox 1319 5149 1427 5201; x_wconf 86' lang='lat' dir='ltr'>verbis:</span> <span class='ocrx_word' id='word_1_873' title='bbox 1449 5166 1458 5198; x_wconf 84' lang='grc' dir='ltr'>ι</span> <span class='ocrx_word' id='word_1_874' title='bbox 1474 5147 1566 5200; x_wconf 86' lang='lat' dir='ltr'>Printo</span> <span class='ocrx_word' id='word_1_875' title='bbox 1581 5147 1652 5214; x_wconf 88' lang='lat' dir='ltr'>quod</span> <span class='ocrx_word' id='word_1_876' title='bbox 1665 5161 1718 5200; x_wconf 94' lang='lat' dir='ltr'>non</span> <span class='ocrx_word' id='word_1_877' title='bbox 1734 5149 1767 5200; x_wconf 91' lang='lat' dir='ltr'>de</span> 
     </span>
     <span class='ocr_line' id='line_1_64' title="bbox 135 5212 1766 5291; baseline 0.002 -24"><span class='ocrx_word' id='word_1_878' title='bbox 135 5212 281 5288; x_wconf 75' lang='lat' dir='ltr'>celebrata,</span> <span class='ocrx_word' id='word_1_879' title='bbox 296 5233 355 5286; x_wconf 78' lang='lat' dir='ltr'>quae</span> <span class='ocrx_word' id='word_1_880' title='bbox 366 5219 405 5273; x_wconf 91' lang='lat' dir='ltr'>sie</span> <span class='ocrx_word' id='word_1_881' title='bbox 417 5219 530 5274; x_wconf 90' lang='lat' dir='ltr'>sancivit</span> <span class='ocrx_word' id='word_1_882' title='bbox 541 5235 600 5290; x_wconf 91' lang='lat' dir='ltr'>cap.</span> <span class='ocrx_word' id='word_1_883' title='bbox 615 5219 643 5272; x_wconf 90' lang='lat' dir='ltr'>tt</span> <span class='ocrx_word' id='word_1_884' title='bbox 661 5238 667 5271; x_wconf 92' lang='lat'>:</span> <span class='ocrx_word' id='word_1_885' title='bbox 685 5238 694 5270; x_wconf 84' lang='grc' dir='ltr'>ι</span> <span class='ocrx_word' id='word_1_886' title='bbox 711 5218 842 5273; x_wconf 87' lang='lat' dir='ltr'>Sacerdos</span> <span class='ocrx_word' id='word_1_887' title='bbox 853 5222 926 5276; x_wconf 90' lang='lat' dir='ltr'>euim</span> <span class='ocrx_word' id='word_1_888' title='bbox 977 5219 1081 5291; x_wconf 78' lang='lat' dir='ltr'>integra</span> <span class='ocrx_word' id='word_1_889' title='bbox 1092 5218 1255 5273; x_wconf 88' lang='lat' dir='ltr'>conscientia</span> <span class='ocrx_word' id='word_1_890' title='bbox 1269 5217 1343 5271; x_wconf 80' lang='lat' dir='ltr'>venit</span> <span class='ocrx_word' id='word_1_891' title='bbox 1356 5220 1472 5271; x_wconf 87' lang='lat' dir='ltr'>studium</span> <span class='ocrx_word' id='word_1_892' title='bbox 1487 5216 1608 5285; x_wconf 83' lang='lat' dir='ltr'>placendi</span> <span class='ocrx_word' id='word_1_893' title='bbox 1623 5232 1672 5285; x_wconf 84' lang='lat' dir='ltr'>per</span> <span class='ocrx_word' id='word_1_894' title='bbox 1687 5217 1766 5271; x_wconf 85' lang='lat' dir='ltr'>‹leco-</span> 
     </span>
     <span class='ocr_line' id='line_1_65' title="bbox 134 5283 1763 5359; baseline -0.001 -20"><span class='ocrx_word' id='word_1_895' title='bbox 134 5283 229 5340; x_wconf 70' lang='lat' dir='ltr'>moute</span> <span class='ocrx_word' id='word_1_896' title='bbox 242 5286 332 5343; x_wconf 86' lang='lat' dir='ltr'>divina</span> <span class='ocrx_word' id='word_1_897' title='bbox 345 5290 424 5344; x_wconf 88' lang='lat' dir='ltr'>debet</span> <span class='ocrx_word' id='word_1_898' title='bbox 437 5291 602 5358; x_wconf 90' lang='lat' dir='ltr'>perscrutari</span> <span class='ocrx_word' id='word_1_899' title='bbox 615 5298 642 5343; x_wconf 92' lang='lat' dir='ltr'>et</span> <span class='ocrx_word' id='word_1_900' title='bbox 653 5289 798 5343; x_wconf 84' lang='lat' dir='ltr'>atlntonere</span> <span class='ocrx_word' id='word_1_901' title='bbox 808 5291 850 5344; x_wconf 87' lang='lat' dir='ltr'>elo</span> <span class='ocrx_word' id='word_1_902' title='bbox 871 5292 924 5357; x_wconf 86' lang='lat' dir='ltr'>tria,</span> <span class='ocrx_word' id='word_1_903' title='bbox 977 5304 1044 5354; x_wconf 89' lang='lat' dir='ltr'>rem,</span> <span class='ocrx_word' id='word_1_904' title='bbox 1060 5305 1141 5359; x_wconf 84' lang='lat' dir='ltr'>quent</span> <span class='ocrx_word' id='word_1_905' title='bbox 1154 5288 1313 5342; x_wconf 90' lang='lat' dir='ltr'>naturaliter</span> <span class='ocrx_word' id='word_1_906' title='bbox 1324 5288 1492 5341; x_wconf 85' lang='lat' dir='ltr'>invitatorem</span> <span class='ocrx_word' id='word_1_907' title='bbox 1509 5283 1626 5340; x_wconf 87' lang='lat' dir='ltr'>lrbtdtnts</span> <span class='ocrx_word' id='word_1_908' title='bbox 1636 5286 1763 5341; x_wconf 80' lang='lat' dir='ltr'>scimus.»</span> 
     </span>
     <span class='ocr_line' id='line_1_66' title="bbox 135 5307 1764 5429; baseline 0.001 -21"><span class='ocrx_word' id='word_1_909' title='bbox 135 5361 167 5409; x_wconf 79' lang='grc' dir='ltr'>ιι</span> <span class='ocrx_word' id='word_1_910' title='bbox 190 5353 343 5412; x_wconf 88' lang='lat' dir='ltr'>inveniatur</span> <span class='ocrx_word' id='word_1_911' title='bbox 365 5360 459 5414; x_wconf 89' lang='lat' dir='ltr'>beatus</span> <span class='ocrx_word' id='word_1_912' title='bbox 484 5362 517 5414; x_wconf 92' lang='lat' dir='ltr'>de</span> <span class='ocrx_word' id='word_1_913' title='bbox 539 5373 594 5429; x_wconf 91' lang='lat' dir='ltr'>quo</span> <span class='ocrx_word' id='word_1_914' title='bbox 612 5358 751 5414; x_wconf 81' lang='lat' dir='ltr'>Psalmista</span> <span class='ocrx_word' id='word_1_915' title='bbox 770 5361 829 5414; x_wconf 86' lang='lat' dir='ltr'>ait:</span> <span class='ocrx_word' id='word_1_916' title='bbox 851 5307 883 5413; x_wconf 59' lang='lat' dir='ltr'>dit</span> <span class='ocrx_word' id='word_1_917' title='bbox 898 5363 925 5415; x_wconf 88' lang='lat' dir='ltr'>iu</span> <span class='ocrx_word' id='word_1_918' title='bbox 975 5359 1014 5414; x_wconf 89' lang='lat' dir='ltr'>lle</span> <span class='ocrx_word' id='word_1_919' title='bbox 1032 5360 1187 5428; x_wconf 89' lang='lat' dir='ltr'>nescioquo</span> <span class='ocrx_word' id='word_1_920' title='bbox 1199 5357 1253 5412; x_wconf 85' lang='lat' dir='ltr'>fato</span> <span class='ocrx_word' id='word_1_921' title='bbox 1268 5373 1374 5427; x_wconf 91' lang='lat' dir='ltr'>semper</span> <span class='ocrx_word' id='word_1_922' title='bbox 1386 5357 1546 5416; x_wconf 80' lang='lat' dir='ltr'>factumest,</span> <span class='ocrx_word' id='word_1_923' title='bbox 1563 5363 1634 5411; x_wconf 81' lang='lat' dir='ltr'>uter</span> <span class='ocrx_word' id='word_1_924' title='bbox 1647 5372 1679 5411; x_wconf 90' lang='lat' dir='ltr'>oo</span> <span class='ocrx_word' id='word_1_925' title='bbox 1694 5358 1764 5426; x_wconf 88' lang='lat' dir='ltr'>quod</span> 
     </span>
     <span class='ocr_line' id='line_1_67' title="bbox 133 5421 1764 5507; baseline 0.001 -28"><span class='ocrx_word' id='word_1_926' title='bbox 133 5421 191 5507; x_wconf 72' lang='lat' dir='ltr'>feqe</span> <span class='ocrx_word' id='word_1_927' title='bbox 206 5425 262 5495; x_wconf 78' lang='lat' dir='ltr'>ejus</span> <span class='ocrx_word' id='word_1_928' title='bbox 276 5429 445 5483; x_wconf 82' lang='lat' dir='ltr'>meditabitur</span> <span class='ocrx_word' id='word_1_929' title='bbox 456 5429 498 5483; x_wconf 87' lang='lat' dir='ltr'>die</span> <span class='ocrx_word' id='word_1_930' title='bbox 508 5446 539 5483; x_wconf 86' lang='lat' dir='ltr'>oc</span> <span class='ocrx_word' id='word_1_931' title='bbox 553 5439 635 5483; x_wconf 81' lang='lat' dir='ltr'>tracte.</span> <span class='ocrx_word' id='word_1_932' title='bbox 650 5427 830 5496; x_wconf 83' lang='lat' dir='ltr'>eramobrem</span> <span class='ocrx_word' id='word_1_933' title='bbox 848 5429 924 5486; x_wconf 84' lang='lat' dir='ltr'>bidos</span> <span class='ocrx_word' id='word_1_934' title='bbox 976 5429 1075 5484; x_wconf 90' lang='lat' dir='ltr'>femina</span> <span class='ocrx_word' id='word_1_935' title='bbox 1091 5428 1223 5499; x_wconf 75' lang='lat' dir='ltr'>quaepiam</span> <span class='ocrx_word' id='word_1_936' title='bbox 1248 5427 1366 5482; x_wconf 87' lang='lat' dir='ltr'>formosa</span> <span class='ocrx_word' id='word_1_937' title='bbox 1382 5427 1438 5479; x_wconf 91' lang='lat' dir='ltr'>visa</span> <span class='ocrx_word' id='word_1_938' title='bbox 1466 5433 1518 5489; x_wconf 90' lang='lat' dir='ltr'>cst,</span> <span class='ocrx_word' id='word_1_939' title='bbox 1540 5424 1566 5479; x_wconf 93' lang='lat' dir='ltr'>in</span> <span class='ocrx_word' id='word_1_940' title='bbox 1585 5428 1764 5497; x_wconf 84' lang='lat' dir='ltr'>suspicionem</span> 
     </span>
     <span class='ocr_line' id='line_1_68' title="bbox 133 5495 1765 5570; baseline -0.001 -19"><span class='ocrx_word' id='word_1_941' title='bbox 133 5495 241 5565; x_wconf 83' lang='lat' dir='ltr'>aitquos</span> <span class='ocrx_word' id='word_1_942' title='bbox 260 5512 351 5553; x_wconf 90' lang='lat' dir='ltr'>coram</span> <span class='ocrx_word' id='word_1_943' title='bbox 366 5515 395 5554; x_wconf 92' lang='lat' dir='ltr'>se</span> <span class='ocrx_word' id='word_1_944' title='bbox 410 5500 468 5555; x_wconf 91' lang='lat' dir='ltr'>lieri</span> <span class='ocrx_word' id='word_1_945' title='bbox 488 5516 540 5554; x_wconf 93' lang='lat' dir='ltr'>non</span> <span class='ocrx_word' id='word_1_946' title='bbox 554 5500 711 5554; x_wconf 87' lang='lat' dir='ltr'>delectetur.</span> <span class='ocrx_word' id='word_1_947' title='bbox 729 5499 925 5570; x_wconf 72' lang='lat' dir='ltr'>Transgressor</span> <span class='ocrx_word' id='word_1_948' title='bbox 975 5496 1329 5567; x_wconf 82' lang='lat' dir='ltr'>veneritvtthaticotporis.</span> <span class='ocrx_word' id='word_1_949' title='bbox 1343 5496 1611 5566; x_wconf 81' lang='lat' dir='ltr'>Undeinterrogatus</span> <span class='ocrx_word' id='word_1_950' title='bbox 1623 5497 1765 5566; x_wconf 88' lang='lat' dir='ltr'>aquodam</span> 
     </span>
     <span class='ocr_line' id='line_1_69' title="bbox 133 5564 1765 5687; baseline 0.002 -69"><span class='ocrx_word' id='word_1_951' title='bbox 133 5564 233 5687; x_wconf 53' lang='lat' dir='ltr'>quippe</span> <span class='ocrx_word' id='word_1_952' title='bbox 247 5567 382 5633; x_wconf 90' lang='lat' dir='ltr'>inventus,</span> <span class='ocrx_word' id='word_1_953' title='bbox 395 5570 577 5625; x_wconf 88' lang='lat' dir='ltr'>adnronitione</span> <span class='ocrx_word' id='word_1_954' title='bbox 590 5570 707 5640; x_wconf 87' lang='lat' dir='ltr'>episcopi</span> <span class='ocrx_word' id='word_1_955' title='bbox 723 5569 835 5624; x_wconf 89' lang='lat' dir='ltr'>ulterius</span> <span class='ocrx_word' id='word_1_956' title='bbox 845 5585 925 5641; x_wconf 76' lang='lat' dir='ltr'>agere</span> <span class='ocrx_word' id='word_1_957' title='bbox 975 5569 1037 5623; x_wconf 87' lang='lat' dir='ltr'>Bias</span> <span class='ocrx_word' id='word_1_958' title='bbox 1060 5569 1206 5623; x_wconf 90' lang='lat' dir='ltr'>deberetne</span> <span class='ocrx_word' id='word_1_959' title='bbox 1231 5581 1344 5620; x_wconf 85' lang='lat' dir='ltr'>uxorem</span> <span class='ocrx_word' id='word_1_960' title='bbox 1370 5567 1479 5626; x_wconf 85' lang='lat' dir='ltr'>ducere,</span> <span class='ocrx_word' id='word_1_961' title='bbox 1503 5581 1538 5620; x_wconf 92' lang='lat' dir='ltr'>an</span> <span class='ocrx_word' id='word_1_962' title='bbox 1565 5566 1645 5621; x_wconf 90' lang='lat' dir='ltr'>vitam</span> <span class='ocrx_word' id='word_1_963' title='bbox 1667 5568 1765 5623; x_wconf 89' lang='lat' dir='ltr'>ducere</span> 
     </span>
     <span class='ocr_line' id='line_1_70' title="bbox 152 5634 1764 5708; baseline -0.001 -18"><span class='ocrx_word' id='word_1_964' title='bbox 152 5645 249 5695; x_wconf 81' lang='lat' dir='ltr'>esttrat.</span> <span class='ocrx_word' id='word_1_965' title='bbox 266 5636 313 5693; x_wconf 91' lang='lat' dir='ltr'>Sin</span> <span class='ocrx_word' id='word_1_966' title='bbox 328 5650 430 5702; x_wconf 92' lang='lat' dir='ltr'>antem,</span> <span class='ocrx_word' id='word_1_967' title='bbox 445 5640 574 5694; x_wconf 83' lang='lat' dir='ltr'>eutoniee</span> <span class='ocrx_word' id='word_1_968' title='bbox 581 5638 728 5708; x_wconf 84' lang='lat' dir='ltr'>judicetur.</span> <span class='ocrx_word' id='word_1_969' title='bbox 747 5659 756 5691; x_wconf 86' lang='grc' dir='ltr'>ι</span> <span class='ocrx_word' id='word_1_970' title='bbox 975 5639 1110 5701; x_wconf 78' lang='lat' dir='ltr'>caelibem,</span> <span class='ocrx_word' id='word_1_971' title='bbox 1127 5636 1266 5706; x_wconf 89' lang='lat' dir='ltr'>respondit</span> <span class='ocrx_word' id='word_1_972' title='bbox 1287 5653 1293 5688; x_wconf 92' lang='lat'>:</span> <span class='ocrx_word' id='word_1_973' title='bbox 1310 5634 1363 5690; x_wconf 86' lang='lat' dir='ltr'>llut</span> <span class='ocrx_word' id='word_1_974' title='bbox 1379 5635 1522 5704; x_wconf 87' lang='lat' dir='ltr'>pulchram</span> <span class='ocrx_word' id='word_1_975' title='bbox 1537 5637 1628 5703; x_wconf 75' lang='lat' dir='ltr'>(luces,</span> <span class='ocrx_word' id='word_1_976' title='bbox 1647 5648 1694 5691; x_wconf 90' lang='lat' dir='ltr'>ant</span> <span class='ocrx_word' id='word_1_977' title='bbox 1717 5638 1764 5690; x_wconf 87' lang='lat' dir='ltr'>de-</span> 
     </span>
     <span class='ocr_line' id='line_1_71' title="bbox 172 5705 1763 5778; baseline -0.001 -15"><span class='ocrx_word' id='word_1_978' title='bbox 172 5718 184 5745; x_wconf 64' lang='lat' dir='ltr'>e</span> <span class='ocrx_word' id='word_1_979' title='bbox 205 5706 298 5766; x_wconf 79' lang='lat' dir='ltr'>Sauria</span> <span class='ocrx_word' id='word_1_980' title='bbox 321 5720 345 5763; x_wconf 82' lang='lat' dir='ltr'>ct</span> <span class='ocrx_word' id='word_1_981' title='bbox 371 5709 477 5766; x_wconf 79' lang='lat' dir='ltr'>ilerda.</span> <span class='ocrx_word' id='word_1_982' title='bbox 506 5709 574 5767; x_wconf 84' lang='lat' dir='ltr'>llioc</span> <span class='ocrx_word' id='word_1_983' title='bbox 594 5718 667 5776; x_wconf 87' lang='lat' dir='ltr'>patet</span> <span class='ocrx_word' id='word_1_984' title='bbox 687 5707 780 5766; x_wconf 82' lang='lat' dir='ltr'>iudith</span> <span class='ocrx_word' id='word_1_985' title='bbox 795 5708 923 5767; x_wconf 89' lang='lat' dir='ltr'>feminam</span> <span class='ocrx_word' id='word_1_986' title='bbox 976 5709 1099 5763; x_wconf 88' lang='lat' dir='ltr'>forment.</span> <span class='ocrx_word' id='word_1_987' title='bbox 1117 5707 1145 5762; x_wconf 88' lang='lat' dir='ltr'>Si</span> <span class='ocrx_word' id='word_1_988' title='bbox 1162 5706 1313 5778; x_wconf 89' lang='lat' dir='ltr'>pulchram,</span> <span class='ocrx_word' id='word_1_989' title='bbox 1331 5705 1442 5763; x_wconf 87' lang='lat' dir='ltr'>habebis</span> <span class='ocrx_word' id='word_1_990' title='bbox 1454 5720 1633 5764; x_wconf 87' lang='lat' dir='ltr'>communem.</span> <span class='ocrx_word' id='word_1_991' title='bbox 1646 5707 1694 5762; x_wconf 88' lang='lat' dir='ltr'>Sin</span> <span class='ocrx_word' id='word_1_992' title='bbox 1707 5715 1763 5762; x_wconf 89' lang='lat' dir='ltr'>tur·</span> 
     </span>
    </p>
   </div>
   <div class='ocr_carea' id='block_1_7' title="bbox 0 0 1920 6120">
    <p class='ocr_par' dir='ltr' id='par_1_16' title="bbox 0 0 1920 6120">
     <span class='ocr_line' id='line_1_72' title="bbox 0 0 1920 6120; baseline 0 2"><span class='ocrx_word' id='word_1_993' title='bbox 0 0 1920 6120; x_wconf 95' lang='lat' dir='ltr'> </span> 
     </span>
    </p>
   </div>
  </div>
 </body>
</html>
