3810 6120
130 298 198 354 tata
330 234 333 239 1
696 284 858 344 bucolici
875 284 886 339 l
905 282 1142 340 COGNOMENTO
1160 278 1202 334 rtt
1692 274 1761 331 tatu

125 412 215 467 villam
234 422 295 476 quae
309 402 432 474 Brogilns
445 399 486 456 rel
501 399 638 455 Norat-illa
653 405 834 467 nuncupatur,
849 409 911 450 curn
925 394 1027 465 gpiat.
1044 393 1078 448 Et
1093 394 1116 447 si
1138 391 1245 460 abipso
1261 403 1388 460 episeopo
1401 404 1489 459 neque
1507 403 1522 444 a
1544 390 1605 447 suit
1625 389 1763 447 ministris

126 501 273 559 forestibus
286 493 422 551 etvillulis
447 490 642 548 sireomnibus
656 489 690 544 ad
706 503 735 544 te
759 485 919 558 pertinenti·
970 499 1046 540 suam
1061 483 1195 555 justitiam
1215 482 1339 552 accipere
1356 481 1519 551 nequiverit,
1529 482 1709 553 postmodum
1732 481 1766 537 li·

124 591 186 646 bus.
216 583 392 641 llcrldidimns
414 581 439 637 ei
467 588 493 636 et
505 579 675 651 Lugdunum,
696 586 725 633 et
752 575 871 631 Calisam
892 583 920 631 et
970 575 1086 630 centiam
1102 573 1201 628 babeat
1221 580 1251 626 ut
1273 573 1302 627 in
1323 571 1405 627 mallo
1427 573 1536 643 publico
1549 588 1614 631 snm
1634 574 1764 645 querelas

125 679 337 737 Tridentcm,ac
352 671 502 734 bonallam,
524 678 604 738 atque
621 668 750 733 Boladon,
779 675 806 719 et
819 665 921 720 benefl-
967 663 1040 736 juste
1052 672 1080 719 et
1093 662 1289 719 rationabiliter
1300 671 1382 732 atque
1400 660 1525 734 legaliter
1537 672 1657 735 quaerat.
1671 662 1765 720 Sedsi

128 768 169 823 cia
183 766 302 836 quinque
313 761 489 815 vassallorum
510 767 678 822 nostrorum,
690 757 717 811 id
728 765 781 821 est,
795 755 919 811 Vestadi·
971 766 1116 828 antequam
1128 756 1224 811 fecerit
1236 755 1378 828 illud,jam
1390 755 1470 811 dicte
1487 755 1560 811 sedis
1571 755 1765 829 ecclesiaeepi-

127 856 199 927 gbei,
214 853 313 913 lfundi,
329 849 473 915 Wolfanli‚
495 848 624 912 diodonis,
638 856 666 902 et
688 847 754 902 socii
768 845 837 915 cius,
859 859 921 901 eum
971 860 1083 915 scopum
1101 853 1129 900 ct
1141 858 1206 900 suos
1225 844 1366 900 ministms
1383 852 1411 899 et
1424 844 1570 899 advocatos
1591 844 1621 898 in
1638 844 1722 901 mado
1737 853 1764 901 et

127 941 253 996 omrrilms
263 938 297 993 ad
307 954 336 993 se
346 935 592 1007 pertinentibnsvel
602 935 806 1007 aspicientibus,
816 933 922 988 sicutin
972 936 1112 1008 cujusdam
1132 933 1295 991 conditionis
1318 934 1426 1006 publico
1446 934 1547 1006 placito
1567 950 1704 991 accusare
1719 944 1764 991 aut

128 1031 272 1102 praeceptis
288 1030 458 1098 nostrisque
473 1027 572 1096 dejam
587 1028 666 1083 dictis
680 1026 880 1082 monasteriolis
894 1040 923 1088 et
972 1025 1081 1096 pulsare
1103 1023 1315 1095 praesumpserit,
1332 1025 1394 1095 quia
1411 1034 1531 1081 nostram
1549 1027 1708 1099 jussionem
1725 1034 1762 1081 ab

130 1118 228 1174 villulis
241 1119 359 1188 ascripta
372 1125 435 1171 sunt
448 1116 489 1170 rcl
507 1116 705 1186 pertinentibus
723 1114 779 1184 jam
791 1115 864 1170 dicto
875 1113 922 1169 lll-
972 1130 1025 1186 que
1051 1124 1172 1171 nostrum
1199 1122 1364 1186 preceptum
1386 1124 1415 1170 et
1444 1115 1574 1173 indicam
1602 1118 1764 1188 contempsit

129 1206 335 1278 dricoponi'titci
349 1205 438 1261 iacere
451 1214 479 1259 el
493 1205 612 1259 scribere
625 1203 757 1273 jussimus
770 1204 924 1259 continetur
973 1208 1030 1263 sire
1053 1205 1253 1278 praevaricavit,
1268 1206 1386 1261 bannum
1410 1213 1534 1262 nostrum
1554 1221 1592 1262 ex
1614 1207 1670 1264 hoe
1689 1207 1766 1265 nobis

130 1283 924 1364 insertum.llaecrcroomoiapropteramorcrnttcictrere
974 1304 1133 1368 componat,
1152 1304 1179 1350 et
1193 1296 1328 1367 predictae
1349 1295 1470 1352 ecclesiae
1489 1297 1622 1369 episcopo
1644 1297 1692 1353 rel
1713 1300 1768 1355 suis

130 1387 247 1442 rentiam
253 1394 408 1440 sanctorum
419 1384 568 1440 venerabili
580 1383 808 1454 dldrieopraeflxo
820 1383 923 1453 episeo
974 1385 1106 1441 ministris
1120 1385 1221 1441 solidos
1232 1393 1341 1441 eentum
1353 1385 1458 1456 argenti
1469 1394 1628 1457 componat,
1641 1396 1672 1443 et
1693 1403 1766 1443 suam

130 1488 201 1550 poet
211 1477 353 1533 antedicta
361 1476 441 1530 matri
453 1475 584 1541 ecclesia,
594 1471 923 1546 quampraedictusdldri·
971 1473 1106 1543 justitiam
1128 1476 1299 1545 postmodum
1312 1475 1415 1545 absque
1431 1475 1490 1548 lege
1512 1483 1561 1531 aut
1579 1476 1675 1549 aliqua
1695 1492 1768 1533 com·
1814 1467 1817 1471 ’

131 1587 179 1628 cus
192 1567 373 1639 immaiorarit
387 1579 414 1623 et
426 1568 530 1638 quasia
549 1566 724 1621 incidamento
738 1563 922 1629 reaedificavit,
974 1564 1107 1633 positione
1122 1564 1244 1633 recipiat.
1257 1562 1402 1621 Praedictas
1412 1564 1486 1620 enim
1495 1580 1595 1621 causas
1613 1576 1768 1623 memorate

132 1660 313 1730 nobiliterque
326 1659 442 1724 ornavit,
457 1666 485 1714 ct
497 1659 524 1714 in
539 1659 641 1712 bonore
651 1656 758 1711 llomim
774 1653 923 1709 salvatoris
975 1652 1096 1708 ecclcsiae
1118 1653 1344 1724 pontificibusque
1367 1662 1447 1724 atque
1461 1654 1551 1711 serris
1567 1655 1618 1712 Dei
1632 1656 1702 1711 inibi
1720 1655 1766 1713 lio·

131 1757 158 1805 et
178 1758 279 1805 sanctae
290 1748 411 1818 eiusdem
433 1749 481 1803 lici
500 1748 640 1820 genitricis
661 1746 751 1801 liar-icc
766 1754 847 1816 atque
862 1759 925 1799 san·
939 1760 962 1820 B
976 1743 1050 1797 mino
1063 1741 1256 1797 famulantibus
1269 1758 1318 1813 pro
1333 1742 1380 1799 ilci
1394 1758 1487 1800 amore
1501 1754 1529 1799 ct
1541 1746 1700 1803 reverentia
1708 1762 1767 1803 san·

131 1849 237 1896 ciorum
261 1849 413 1911 martyrum
429 1838 552 1894 Gert'asii
577 1847 604 1892 et
626 1837 743 1892 Protasii
757 1837 816 1890 sire
836 1835 923 1890 sancti
975 1842 1080 1889 ctorum
1093 1833 1288 1900 concessimus,
1299 1848 1513 1904 concessumque
1528 1833 1631 1892 fourris
1645 1836 1768 1909 tempori

132 1927 261 1999 Stephani
285 1928 441 1984 solemnitor
468 1928 639 1983 consecrarit
664 1936 693 1982 et
719 1925 922 1990 reconciliarit,
975 1925 1097 1981 busesse
1120 1924 1252 1981 volumus.
1276 1925 1373 1981 lterum
1397 1927 1553 1997 iterumque
1563 1926 1695 1999 jubentes
1706 1944 1769 1999 prae·

130 2033 213 2076 eausa
230 2018 344 2090 justitiae
357 2018 385 2072 in
400 2027 491 2072 nostra
515 2017 685 2088 eleemosyna
710 2015 874 2070 reddidimus
896 2020 925 2068 et
976 2015 1090 2085 cipimus
1113 2024 1144 2069 ut
1166 2015 1255 2070 nullus
1276 2031 1312 2071 et
1335 2014 1458 2072 fidelibus
1481 2017 1601 2085 nostris,
1624 2028 1675 2074 aut
1690 2016 1769 2090 iudet

131 2109 353 2166 conflrmavimus
367 2115 394 2163 ct
410 2107 510 2175 injure
524 2107 644 2177 ejusdem
658 2105 824 2161 ecclcsiaeac
839 2104 925 2160 domi·
975 2107 1107 2178 publicus,
1126 2108 1169 2163 rcl
1185 2108 1266 2163 etiam
1281 2108 1406 2179 quaelibet
1424 2110 1547 2166 immissa
1562 2112 1606 2168 rel
1627 2113 1770 2185 subrogata

131 2202 241 2257 natione
266 2210 402 2257 rectorum
430 2198 488 2268 ejus
518 2198 665 2254 tenendum
689 2207 716 2252 et
740 2196 925 2253 ecclesiastice
976 2214 1102 2268 persona,
1120 2197 1237 2269 aliquam
1256 2199 1467 2269 inquietudinem
1486 2208 1535 2254 aut
1561 2200 1692 2270 injustam
1709 2217 1769 2257 oon

132 2291 333 2361 gubemandnm
349 2304 409 2345 esse
426 2289 591 2345 censuimus.
607 2287 755 2344 Memorato
772 2287 855 2360 igitur
868 2301 926 2342 mo-
977 2290 1144 2344 trarietatem
1157 2290 1190 2345 de
1202 2289 1337 2360 praedictis
1347 2290 1549 2346 monasteriolis
1559 2292 1619 2346 site
1631 2291 1770 2348 celluliset

133 2379 279 2437 nasteriola
294 2389 321 2435 ct
334 2387 500 2434 memoratas
515 2377 626 2434 cellolas
639 2386 668 2433 et
679 2378 786 2434 rillnlas
797 2393 859 2433 eum
871 2392 926 2433 ona·
977 2383 1058 2438 rebus
1072 2390 1100 2437 ct
1113 2382 1256 2452 mancipiis
1273 2397 1304 2437 ac
1324 2381 1460 2447 censibus,
1480 2397 1534 2438 nec
1556 2397 1613 2438 non
1630 2390 1660 2439 et
1683 2382 1717 2438 de
1732 2383 1771 2436 bit

131 2473 212 2528 nibus
225 2472 307 2527 rebus
320 2477 349 2526 et
371 2470 515 2542 mancipiis
529 2470 563 2525 ad
586 2485 616 2525 se
632 2469 843 2539 pertinentibus,
858 2483 926 2539 quas
976 2488 1036 2545 qnae
1047 2473 1104 2527 sire
1121 2487 1136 2526 a
1153 2472 1232 2527 nobis
1250 2472 1307 2526 sire
1326 2487 1342 2525 a
1359 2471 1565 2528 successoribus
1584 2472 1689 2528 nostris
1704 2471 1770 2527 reia

107 2600 113 2609 ·
133 2564 213 2619 modo
223 2560 296 2631 juste
308 2571 336 2618 ct
347 2562 471 2634 legaliter
483 2571 633 2617 memorata
648 2570 723 2618 tenet
737 2561 861 2625 ccclesia,
876 2575 927 2630 per
977 2561 1090 2633 reliquis
1107 2563 1192 2617 Deum
1205 2562 1360 2616 timentibus
1374 2561 1462 2617 cidem
1475 2561 1601 2618 eeclesiae
1615 2563 1708 2619 divina
1719 2563 1771 2634 pie

39 2677 45 2694 ·
134 2654 205 2708 banc
218 2659 338 2707 nostram
363 2652 552 2708 anctoritatem
575 2653 663 2719 erdem
676 2652 726 2708 snb
739 2661 928 2708 nostraecmu·
977 2661 1018 2708 tas
1032 2652 1157 2723 deinceps
1168 2652 1261 2724 augeri
1272 2649 1396 2717 voluerit,
1416 2651 1521 2707 nestris
1532 2649 1693 2722 futurisque
1708 2659 1771 2708 tem·

135 2743 232 2796 nitatis
248 2741 362 2796 tuitione
376 2740 475 2796 iterum
489 2739 680 2796 confirmamus
700 2739 830 2795 ecclesiae.
854 2738 927 2794 Prm-
976 2748 1087 2818 por-ipos
1111 2757 1268 2804 memorato
1282 2746 1403 2803 ecclesiae
1420 2746 1512 2804 facero
1537 2756 1705 2819 praesumam
1725 2748 1772 2809 sod

134 2833 266 2903 eipicntes
289 2846 354 2904 crgo
369 2829 503 2900 'jubemus
523 2840 552 2886 ut
579 2830 669 2886 nullus
690 2830 771 2903 juder
792 2829 925 2901 publicus,
977 2841 1027 2897 ooo
1045 2842 1098 2898 hoo
1113 2850 1213 2897 nostro
1228 2839 1441 2897 confirmationis
1454 2848 1479 2896 or
1501 2840 1631 2897 tuitionis
1641 2852 1770 2915 pfaoepro

135 2941 222 2996 ireque
236 2923 366 2994 quislibet
385 2938 420 2978 cx
440 2923 582 2994 judiciaria
600 2930 742 2992 potestate,
759 2935 808 2977 nee
828 2920 926 2991 aliquis
977 2935 1004 2989 j„
1025 2931 1087 3002 jore
1109 2917 1229 3002 ojosoooi
1250 2932 1379 3004 episcopii
1400 2932 1618 3003 omnitempore
1642 2933 1670 2987 io
1683 2941 1770 2988 oootn

134 3033 168 3073 er
188 3017 313 3073 fidelibus
327 3015 428 3071 nostris
448 3016 476 3070 in
500 3015 580 3070 dictis
601 3014 683 3081 villis,
700 3014 776 3082 locis,
798 3014 841 3069 vel
855 3015 927 3086 agris
976 3023 1148 3096 eleemosyna
1160 3023 1250 3094 quiete
1265 3038 1297 3079 ac
1308 3022 1419 3094 pacifice
1436 3032 1464 3078 et
1481 3021 1558 3094 juste
1574 3023 1725 3093 possideri,
1743 3030 1771 3077 cl

135 3124 183 3164 seu
193 3107 304 3178 reliquis
315 3105 531 3178 possessionibus
541 3114 697 3161 memoratae
708 3105 846 3170 Ecclesiae,
858 3120 925 3175 quas
939 3117 962 3180 ρ
977 3116 1100 3189 legaliter
1116 3115 1184 3170 tueri
1206 3114 1323 3181 valeant,
1338 3115 1374 3170 ita
1393 3114 1521 3171 videlicet
1543 3125 1573 3169 nt
1587 3114 1718 3187 quidquid
1729 3130 1770 3170 rc·

135 3197 264 3252 rnedcrno
278 3205 398 3264 tempore
418 3196 445 3250 in
461 3195 637 3274 quibuslibet·
643 3196 718 3266 pagis
738 3204 766 3250 et
782 3194 927 3251 territoriis
978 3215 1067 3263 osores
1083 3205 1125 3262 vol
1139 3205 1253 3261 ministri
1270 3204 1354 3276 ipsius
1367 3203 1488 3260 ecclesie
1505 3219 1558 3275 pro
1571 3204 1772 3276 opportunitate

136 3286 206 3342 inira
230 3287 360 3342 ditionem
376 3287 450 3357 regni
466 3287 552 3340 nostri
573 3287 646 3356 juste
669 3288 770 3343 babere
791 3297 818 3344 et
839 3291 928 3360 possi·
976 3303 1004 3350 et
1019 3294 1133 3350 utilitate
1146 3295 1179 3350 de
1189 3293 1308 3365 praefatis
1319 3296 1399 3350 rebus
1417 3294 1509 3351 lacere
1524 3295 1773 3363 concitantibus

136 3377 201 3432 dere
225 3376 407 3447 cognoscitur,
428 3390 541 3445 qnaequc
562 3377 643 3431 etiam
668 3377 794 3448 deinceps
817 3379 843 3434 in
866 3378 928 3448 jure
977 3385 1005 3440 in
1018 3386 1145 3440 omnibus
1159 3383 1334 3454 perimantur
1354 3384 1466 3440 arbitrio
1490 3383 1624 3451 faciendi,
1642 3395 1773 3457 quatenus

136 3471 221 3542 ipsius
232 3471 319 3526 sancti
333 3469 385 3526 loci
400 3470 491 3526 divina
505 3469 621 3525 voluerit
634 3471 721 3540 pietas
733 3473 836 3541 augeri,
848 3488 928 3530 nenio
977 3473 1121 3546 pontifices
1135 3473 1220 3543 ipsius
1235 3474 1307 3529 sedis
1322 3489 1383 3531 cum
1396 3488 1477 3545 grege
1500 3475 1553 3530 sibi
1566 3478 1717 3533 commisso
1727 3489 1772 3546 pro

137 3560 170 3615 ad
191 3574 289 3615 causas
313 3559 461 3616 audiendas
482 3559 525 3614 rel
548 3558 715 3628 inferendas,
738 3563 927 3632 requirendas,
979 3565 1162 3622 incolumitate
1177 3574 1280 3633 nostra,
1291 3567 1412 3639 conjugis
1424 3581 1457 3622 ae
1467 3567 1773 3637 prolis,etstabilitate

137 3656 186 3703 ant
200 3648 356 3706 tributarcl
379 3648 455 3705 freda
476 3649 618 3723 erigenda,
639 3658 687 3706 aut
710 3653 864 3711 mansiones
886 3655 928 3711 rel
979 3658 1265 3730 imperiialleonobis
1274 3658 1363 3715 collati
1373 3673 1420 3714 sua
1432 3660 1591 3730 gratissima
1601 3661 1773 3717 nmatione

54 3754 58 3761 ·
137 3750 246 3811 paratas
257 3741 405 3807 faciendas,
418 3749 464 3798 ant
475 3742 610 3801 teloneum
619 3744 854 3816 erigendum,nec
868 3746 930 3805 fide
979 3766 1028 3822 pcr
1050 3752 1211 3807 immensum
1238 3752 1413 3808 conservandi
1425 3751 1532 3821 jugiter
1551 3752 1663 3811 nomint
1679 3754 1771 3824 impit-

135 3835 257 3904 jussores
273 3834 414 3900 tollendos,
435 3844 482 3889 aut
496 3836 620 3892 homines
635 3837 720 3909 ipsius
734 3837 856 3892 ecclesiae
872 3849 928 3894 tam
981 3850 1042 3897 rent
1072 3843 1297 3898 misericordiam.
1332 3842 1366 3897 Et
1393 3850 1423 3897 ut
1455 3843 1516 3898 baec
1542 3845 1696 3900 auctoritas
1729 3858 1773 3915 per

138 3923 269 3993 ingenuos
283 3938 365 3995 quam
380 3931 408 3979 et
421 3938 515 3980 serres
529 3926 575 3995 qui
590 3939 671 3996 super
688 3933 788 3981 terram
808 3926 929 3998 ejusdcm
980 3932 1114 3988 curricula
1133 3948 1266 3989 annorum
1283 3931 1464 3988 inviolabilem
1483 3942 1569 4004 atquc
1592 3935 1773 3991 inoonralsu

138 4016 259 4072 residere
281 4016 406 4070 ridentur
430 4015 528 4085 injuste
556 4017 764 4088 distringendos,
789 4033 839 4075 nec
862 4018 929 4075 ullas
979 4022 1098 4078 obtineat
1108 4021 1272 4086 ftmritafcm,
1285 4037 1365 4076 manu
1377 4022 1487 4092 propria
1498 4025 1599 4079 subter
1611 4040 1673 4081 mm
1686 4024 1773 4081 urm

138 4107 334 4178 prohibitiones
356 4114 403 4161 aut
433 4108 540 4164 illicitas
566 4109 724 4165 occasiones
754 4109 930 4180 requirendas
980 4114 1078 4175 rimus,
1086 4123 1113 4168 ct
1121 4114 1210 4168 ermuli
1224 4115 1309 4169 nostri
1321 4114 1627 4188 bnpmssioneslgiliari
1636 4116 1774 4187 jussistis·

139 4196 193 4252 nllo
209 4211 327 4266 unquam
345 4205 467 4265 tempore
487 4198 591 4268 ingredi
611 4199 719 4265 audeat,
744 4197 785 4255 rel
803 4207 930 4257 exactare
1017 4204 1129 4277 Signum
1144 4204 1272 4261 Ludorici
1290 4205 1404 4275 piissimi
1418 4204 1609 4275 imperatoris.

139 4285 267 4356 predicta
286 4299 320 4340 cx
336 4286 457 4356 profatis
471 4288 550 4342 rebus
570 4289 687 4359 quodam
702 4290 728 4344 in
750 4289 808 4346 loco
829 4305 930 4361 praesu-
1015 4294 1178 4366 llaginarius
1193 4295 1314 4351 notarius
1327 4295 1361 4350 ad
1379 4293 1465 4352 ricem
1489 4294 1619 4368 lingonis
1638 4296 1776 4370 recognovi

139 4385 205 4431 attat.
225 4375 259 4432 Et
283 4377 413 4449 quidquid
433 4393 468 4433 cr
483 4378 563 4434 rebus
578 4379 635 4450 jam
652 4380 731 4435 dicte
746 4380 874 4438 Ecclesiae
895 4382 927 4437 fi-
981 4396 1008 4442 et
1023 4387 1181 4458 subscripsi.

139 4482 202 4522 scus
215 4479 324 4538 sperare
336 4476 454 4540 poterat,
468 4477 554 4524 toturn
569 4485 619 4525 nos
634 4480 790 4528 memoratae
802 4472 929 4529 Ecclesiae
941 4457 969 4517 Ῑ)
1016 4479 1083 4534 liuta
1095 4479 1154 4534 lfal.
1164 4479 1257 4545 tlara..
1270 4491 1352 4544 anno,
1363 4478 1471 4533 fibristo
1485 4480 1667 4550 propitiast}
1677 4479 1777 4551 inperii

139 4558 323 4614 concedimus.
337 4558 450 4628 insuper
463 4567 491 4614 ct
506 4559 571 4614 illnd
588 4560 614 4615 in
637 4562 690 4616 hoc
709 4572 842 4634 praecepto
857 4563 931 4618 insc-
980 4568 1083 4626 domini
1094 4567 1222 4625 ludovici
1237 4567 1350 4638 piissimi
1364 4568 1778 4639 amnsddndictsactmli

139 4659 202 4705 *ere
225 4650 388 4721 deprecante
397 4650 455 4720 jam
469 4651 541 4707 dicto
560 4653 687 4724 episeopo
699 4654 839 4725 irrssimus,
860 4655 931 4711 sicut
980 4657 1066 4713 cteris
1078 4657 1187 4715 civitate
1200 4656 1307 4729 publica
1322 4658 1349 4713 in
1360 4654 1775 4717 salamanticensem

140 4750 169 4798 et
180 4742 208 4797 in
224 4741 301 4798 bonae
317 4740 455 4799 memoriae
469 4741 574 4797 Domini
587 4753 614 4798 ct
633 4743 763 4812 genitoris
778 4746 863 4800 nostri
877 4745 930 4801 Ca·
1352 4746 1405 4803 CC.

140 4832 189 4888 roli
214 4833 386 4903 imperatoris
404 4842 540 4904 precepto
562 4834 694 4890 insertum
719 4836 879 4906 reperimus,
899 4842 930 4890 nt
1123 4854 1174 4895 eso
1192 4852 1360 4923 scoternam
1377 4853 1632 4901 aurtssrstotsttst.

139 4922 232 4978 nullus
243 4920 326 4990 lodex
339 4931 386 4977 ant
395 4938 502 4991 comes,
515 4932 562 4979 aut
573 4924 699 4995 quislibet
712 4925 793 4981 lromo
806 4925 848 4981 vel
857 4940 929 4996 quae-
1289 4931 1375 5004 (Anno
1385 4930 1460 5003 835.)

140 5011 205 5068 libet
221 5013 484 5083 personapraedictae
502 5014 625 5070 ecclesiae
638 5015 778 5071 ministros
790 5014 833 5071 rel
847 5015 930 5071 adro·
981 5020 1070 5093 [Apud
1084 5020 1184 5077 liabill.
1200 5020 1328 5078 Act.orti.
1344 5020 1375 5077 S.
1390 5020 1511 5088 Beeed„
1540 5038 1612 5081 κω.
1636 5040 1682 5093 tr,
1707 5032 1777 5097 parit

139 5111 215 5158 came
227 5102 254 5158 in
262 5101 344 5158 mallo
353 5100 461 5173 publico
473 5117 603 5159 accusem
615 5112 771 5174 praesumat,
783 5112 928 5175 antequam
1281 5107 1310 5152 ¹¹»
1321 5104 1383 5162 lii·
1396 5089 1473 5164 5⁷¹⁵·i

140 5191 283 5247 conveniat
293 5191 433 5247 ministros
443 5205 534 5247 mrum
549 5199 577 5246 et
591 5189 697 5260 judices
713 5191 837 5246 villanam
850 5199 932 5264 atque
1016 5189 1044 5245 ln
1065 5191 1174 5246 nomine
1190 5189 1297 5245 Domini
1310 5187 1359 5244 liei
1383 5195 1411 5245 et
1433 5188 1595 5250 Saltatous
1612 5192 1705 5251 uestri
1720 5191 1778 5251 iet!

138 5279 279 5339 bominum
293 5297 310 5339 a
324 5283 423 5353 quibus
442 5281 522 5339 maus
546 5289 602 5347 est,
622 5291 653 5336 ut
666 5282 700 5338 ab
714 5282 753 5336 eis
771 5280 930 5339 familiarem
981 5285 1094 5353 christi,
1115 5285 1279 5350 badericus,
1299 5283 1390 5339 divina
1410 5285 1616 5356 repropitiante
1626 5286 1777 5349 elementia,

140 5379 168 5426 et
179 5370 281 5440 lunam
296 5374 412 5445 accipiat
422 5373 573 5446 justitiam
590 5382 618 5429 ct
632 5374 655 5429 si
673 5389 689 5429 a
703 5373 839 5444 predictis
851 5375 932 5430 miniss
982 5378 1130 5448 imperator
1142 5375 1289 5448 Augustus.

141 5462 205 5516 stris
217 5478 294 5520 suern
306 5462 439 5532 iustitiam
451 5467 576 5537 accipere
585 5481 639 5521 non
651 5466 777 5527 valuerit,
792 5475 858 5522 tunc
869 5481 933 5523 eort-
1018 5468 1047 5525 Si
1061 5469 1236 5539 petitionibus
1247 5483 1387 5525 serronem
1409 5467 1458 5524 liei
1467 5465 1556 5540 justis
1568 5480 1602 5529 et
1614 5470 1773 5531 necubi

142 5550 231 5605 tertiat
240 5552 395 5624 episcopum
404 5552 541 5623 iamdicta
550 5555 688 5622 Ecclesiae,
701 5564 730 5612 ut
741 5558 775 5612 ab
784 5558 844 5629 ipso
854 5572 930 5613 suam
983 5562 1045 5630 bns,
1060 5577 1127 5635 qnas
1153 5560 1304 5631 maiestatis
1320 5568 1422 5619 nostre
1441 5564 1559 5621 auribus
1572 5566 1776 5628 imiuoawiti

140 5635 271 5705 justitiam
293 5640 452 5699 familiarem
474 5654 502 5702 et
522 5645 622 5702 bonam
641 5655 724 5717 atquc
740 5647 842 5717 justam
856 5650 930 5706 aeci-
983 5651 1066 5710 divini
1082 5653 1171 5710 cultus
1194 5667 1286 5709 amore
1311 5650 1442 5723 uremur.
1468 5653 1546 5714 illius
1562 5658 1778 5719 misericordia!
