3832 6120
126 338 183 399 {td
600 327 629 384 S.
651 324 827 384 nodatum
843 320 1000 383 m
1015 320 1261 381 LUGDUREMIS
1708 322 1762 383 m

169 447 230 504 verta·
252 445 343 502 suitur
366 441 451 496 citare
471 439 574 494 mmor
598 437 793 508 interfectorum
812 433 1177 507 propterAertopioriarnr,
1192 443 1217 489 at
1231 434 1355 504 medone
1370 434 1478 488 induere
1498 435 1619 491 aettiirrr.
1641 436 1767 514 btrpnqa

127 537 235 595 urium
248 534 307 598 Dei,
319 539 344 585 ct
356 537 463 601 propter
475 527 651 581 minacium
662 526 734 598 quad
746 525 884 590 buimont,
898 536 922 580 et
971 526 1095 597 superbae
1107 529 1136 583 in
1151 528 1243 598 iurare
1259 537 1315 591 trra,
1329 536 1354 581 et
1366 528 1506 597 respicient
1518 542 1621 585 omnem
1635 548 1767 605 rrroqaa·

129 626 279 685 clamabant
291 637 354 676 aare
374 635 470 690 meque
483 617 597 672 dicenter
610 630 618 668 :
631 615 780 689 thuequa,
794 616 922 671 llarninur
972 625 1024 673 tenr
1038 617 1160 672 humilia.
1181 617 1290 689 dieapice
1309 627 1416 672 cunctor
1433 619 1570 689 reperior,
1587 630 1615 674 ct
1634 622 1768 694 confunde

127 724 236 771 sanctus
249 721 274 766 ct
290 726 375 774 acrur,
395 724 449 762 non
466 706 573 778 iudicas
590 715 616 761 at
633 706 753 761 uindicat
770 706 923 776 sanquinem
972 723 1027 772 ear,
1046 717 1071 762 et
1091 718 1195 762 contere
1214 708 1306 780 impios
1326 708 1355 762 in
1371 707 1427 763 loco
1441 725 1499 763 aua.
1522 711 1657 766 demando
1675 730 1719 770 eor
1738 716 1769 772 in

132 813 249 860 nnuman
262 801 295 855 de
309 801 349 855 iria
369 799 415 870 qui
427 797 547 854 dubitarat
567 813 645 868 cuper
666 797 784 851 terrum?
807 796 842 850 Et
855 797 924 851 datae
974 796 1104 868 puluerem
1122 798 1212 866 rirnui,
1228 808 1253 853 et
1272 798 1353 868 [anea
1372 816 1462 854 eorum
1478 799 1597 872 demarqe
1611 803 1640 857 in
1653 803 1767 875 [meam.

130 903 192 951 tunt
204 893 242 947 eir
257 889 369 962 rinqrrloe
380 887 454 944 atate
469 887 546 955 atta,
561 888 696 941 etdictunr
713 896 752 941 eat
770 885 824 940 iiiia
841 896 870 940 ut
885 903 926 940 re·
973 888 1009 943 Et
1022 905 1069 959 epo
1087 890 1230 959 confitebor
1243 890 1314 961 quod
1330 890 1434 944 saluere
1450 899 1476 945 te
1492 892 1575 962 parcit
1587 894 1697 949 dertare
1710 906 1758 951 tua

129 984 291 1057 quiescerent
305 980 391 1035 adim
403 978 535 1033 modicum
548 981 658 1047 ternpus,
672 976 755 1030 donec
768 976 926 1046 impleantur
1011 979 1062 1048 Qui
1077 980 1246 1038 conflictibus
1263 992 1291 1038 et
1309 982 1545 1053 congressionibus
1565 987 1662 1040 merita
1683 988 1770 1044 bonti-

131 1075 248 1130 courerai
270 1069 534 1139 commetiremur
556 1084 664 1133 aarum,
685 1067 731 1137 qui
753 1066 926 1135 interficiendi
976 1085 1041 1124 num
1058 1085 1088 1124 se
1107 1079 1203 1139 putant
1222 1085 1302 1141 posse
1324 1072 1457 1138 inuenire,
1483 1073 1603 1128 babeant
1623 1077 1770 1133 brachium

130 1173 203 1230 ma,
217 1165 286 1218 ,rear
300 1172 324 1216 er
338 1160 388 1215 alli.
977 1161 1047 1217 sicut
1060 1160 1142 1227 Deus,
1156 1169 1185 1216 et
1198 1161 1225 1216 in
1240 1177 1306 1217 raoe
1319 1163 1402 1218 simili
1415 1172 1520 1230 tonent,
1534 1167 1707 1224 circumdent
1717 1170 1771 1226 sibi

169 1256 232 1312 llaec
244 1254 381 1311 sententia
391 1252 471 1308 docet
483 1260 589 1323 tempus
599 1251 727 1307 uindictae
741 1249 859 1305 idolium
873 1264 927 1305 aon
976 1252 1113 1318 decorem,
1134 1263 1163 1309 et
1183 1254 1211 1309 in
1232 1255 1347 1311 sublime
1361 1257 1511 1328 erigantur,
1527 1259 1635 1328 sintque
1648 1261 1771 1332 gloriosi,

132 1347 235 1405 esseio
251 1345 388 1416 praesenti.
408 1343 477 1398 liam
496 1344 520 1400 si
535 1345 623 1399 saneti
640 1359 691 1414 pro
703 1343 757 1398 lide
769 1343 843 1411 passi
858 1354 929 1411 qute-
977 1355 1005 1401 et
1018 1355 1083 1402 tunc
1095 1355 1225 1417 poterunt
1237 1347 1290 1403 sibi
1302 1349 1354 1419 ipsi
1367 1365 1427 1406 esse
1442 1351 1606 1418 salratores;
1627 1354 1771 1425 impiorum

133 1447 199 1497 ruut
212 1438 359 1492 vindictam
374 1436 407 1491 de
424 1434 657 1504 persecutoribus,
672 1433 707 1488 de
725 1434 822 1502 quibus
836 1433 929 1502 adque
978 1446 1069 1493 autern
1080 1447 1108 1494 et
1119 1441 1296 1509 superborum
1306 1440 1486 1512 dispersores,
1499 1445 1700 1513 humiliatores,
1710 1462 1773 1502 con-

133 1528 290 1586 vindicandi
306 1535 381 1593 sunt,
392 1534 421 1581 et
434 1540 487 1580 nou
502 1526 663 1595 impetrant3
679 1524 813 1592 quomoda
827 1523 884 1588 isti,
895 1522 929 1578 dc
978 1527 1098 1595 tritores,
1112 1537 1139 1583 et
1153 1529 1181 1583 in
1197 1529 1302 1585 lorcam
1316 1531 1496 1590 demersores.

131 1622 233 1694 quibus
251 1620 366 1691 aqimus,
380 1618 597 1688 quotiescunque
616 1617 772 1671 irascuntur
785 1615 929 1686 proximis,
1015 1618 1078 1673 Nan
1091 1621 1160 1674 eninr
1185 1621 1213 1675 in
1229 1638 1292 1675 arcu
1312 1638 1368 1676 mea
1392 1625 1534 1693 confidam,
1558 1640 1642 1699 neque
1663 1626 1767 1698 qladiur

133 1723 162 1772 et
175 1714 210 1771 ad
221 1712 424 1770 contentionem
442 1725 572 1765 manuum
591 1709 750 1780 prosiliunt,
767 1716 863 1778 putatu
877 1705 928 1762 sibi
979 1725 1053 1765 arear
1065 1710 1176 1766 aalaalrit
1194 1729 1251 1775 me:
1265 1714 1328 1783 quic
1350 1713 1461 1771 adrasti
1483 1732 1530 1771 noa
1544 1716 1577 1773 dc
1590 1718 1706 1774 dordiur
1725 1736 1774 1776 na-

135 1807 218 1863 [ieum
233 1803 370 1870 famulari,
385 1809 414 1859 et
426 1801 608 1858 amarissimis
626 1801 687 1857 suis
703 1800 824 1855 motibus
837 1799 930 1854 deser-
942 1794 967 1854 B
979 1802 1052 1868 atne,
1067 1811 1091 1857 et
1102 1819 1145 1858 eac
1156 1804 1201 1874 qui
1214 1805 1325 1858 aderunt
1336 1822 1384 1860 naa
1395 1808 1548 1877 confudisti.
1566 1808 1599 1863 in
1612 1811 1669 1866 Dra
1680 1810 1775 1869 laude·

136 1901 211 1958 „neq
982 1891 1067 1945 bimur
1085 1902 1139 1947 tata
1159 1894 1212 1959 die,
1232 1903 1258 1948 et
1279 1911 1373 1949 nomen
1394 1906 1468 1951 tutam
1480 1899 1646 1968 confitebitur
1658 1901 1687 1956 in
1699 1913 1775 1958 oetcr·

172 1992 230 2059 Voe,
248 1992 341 2048 ciritae
353 1989 401 2046 iiia
420 2004 517 2060 rnaqna
532 1987 662 2059 Raiplon,
676 1987 765 2041 ciuitas
780 1983 828 2039 ilia
841 1983 928 2054 sortia,
981 1999 1054 2036 num.
1071 1981 1257 2039 Verumtamen
1277 1994 1305 2040 tu
1326 1987 1469 2057 confudisti
1481 1999 1505 2044 ct
1525 1991 1660 2061 proieciati
1680 2009 1737 2060 nar,
1751 2003 1775 2050 ct

133 2086 258 2159 mium
272 2101 327 2140 aaa
340 2084 405 2139 itare
418 2083 486 2138 uenit
495 2080 628 2152 judiciuin
639 2078 731 2133 tuum!
982 2089 1035 2128 aton
1048 2073 1190 2144 epradicrir
1211 2075 1239 2130 in
1256 2077 1413 2132 erercitibur
1438 2080 1545 2134 nortria.
1577 2078 1681 2137 i'ertirti
1702 2092 1775 2155 tcrpa

171 2177 203 2235 si
224 2192 279 2232 utra
299 2176 366 2230 bora
388 2181 535 2230 venturum
557 2179 600 2228 est
617 2170 752 2241 iudicium
770 2166 929 2239 Babylonia,
982 2175 1071 2220 naatra
1085 2167 1165 2232 boati,
1176 2177 1200 2221 et
1213 2169 1258 2239 qui
1273 2169 1383 2224 oderunt
1395 2187 1443 2226 nor
1463 2173 1629 2243 diripuerunt
1648 2176 1708 2230 aiii.
1724 2175 1776 2232 De·

136 2271 273 2344 quomoda
295 2269 368 2323 eires
388 2266 446 2336 eius
470 2274 524 2321 tam
544 2264 702 2335 frequenter
720 2277 771 2334 pra
792 2275 822 2317 se
844 2260 930 2314 ileum
981 2260 1045 2315 diati
1057 2277 1104 2314 nor
1125 2262 1202 2333 quari
1215 2263 1368 2333 qreqeurcd
1381 2263 1537 2333 corradunt,
1560 2275 1585 2320 et
1606 2267 1635 2321 in
1656 2269 1775 2339 qentidua

137 2364 277 2422 aestirnant
290 2359 434 2429 judicare?
456 2359 520 2415 lltec
543 2357 678 2414 scatentia
700 2357 868 2411 demonstrat
888 2366 933 2407 oc·
982 2350 1127 2421 disperciati
1141 2369 1197 2408 nar.

137 2457 211 2516 cailla
223 2470 284 2512 esse
295 2454 399 2525 judicia
420 2428 469 2509 lie'i
488 2461 516 2508 et
534 2450 760 2522 impenetrabilia.
776 2447 854 2505 llnde
868 2463 933 2503 eau-
1016 2442 1069 2499 lata
1084 2445 1217 2500 sententia
1232 2446 1351 2502 insinuat
1364 2449 1501 2504 neminem
1519 2450 1623 2507 salvum
1643 2452 1712 2517 lieri,
1728 2462 1776 2509 aut

137 2557 193 2606 stat
212 2548 323 2605 stultam
338 2555 366 2602 et
385 2547 529 2616 superbam
550 2559 610 2599 esse
630 2541 868 2613 praesumptionem
886 2554 932 2595 eo·
979 2535 1083 2608 justum
1100 2537 1143 2593 vel
1156 2538 1328 2594 innocentem
1342 2540 1524 2596 demonstrari
1547 2558 1596 2613 per
1609 2553 1776 2602 armaturam

136 2658 198 2699 rum
218 2641 265 2712 qui
285 2647 384 2711 putant
404 2636 621 2708 impenetrabilia
634 2633 736 2704 iudicia
751 2633 800 2687 liei
814 2630 893 2688 bellis
906 2637 934 2686 et
983 2644 1152 2700 corpoream,
1168 2630 1258 2700 ipsum
1272 2640 1365 2686 antem
1380 2631 1465 2688 lieum
1487 2648 1540 2688 noo
1557 2649 1664 2705 semper
1683 2636 1777 2693 iubae

134 2735 256 2793 cedinus
270 2732 373 2802 liquido
386 2730 530 2801 publicari.
984 2721 1129 2776 virationis
1145 2721 1295 2778 retribuere
1308 2722 1404 2777 merita
1432 2723 1555 2794 justitiae.
1571 2726 1648 2783 Unde
1662 2735 1690 2783 et
1706 2728 1777 2783 Pau·

173 2823 335 2895 Sanquinem
353 2822 422 2876 enim
436 2821 587 2875 ardmarun
599 2827 744 2874 uestrarum
757 2813 934 2888 requirenda
983 2810 1036 2879 lua,
1051 2814 1098 2884 qni
1115 2815 1215 2869 bonam
1233 2819 1372 2871 certamen
1386 2818 1510 2881 certarit,
1527 2834 1636 2876 cursum
1652 2835 1778 2877 consum-

136 2928 218 2969 numu
231 2921 385 2967 cunctarum
404 2909 594 2973 destinamur
610 2907 736 2962 demanu
750 2905 864 2959 bominis
878 2919 888 2958 .·
901 2902 934 2958 de
984 2904 1080 2969 ruerit,
1105 2903 1187 2960 iidem
1210 2906 1348 2970 servarit,
1371 2908 1518 2976 repositam
1542 2910 1592 2964 sibi
1615 2911 1680 2966 dicit
1701 2926 1779 2967 coro-

136 3023 220 3063 uranu
233 3005 282 3061 tiri
295 3013 320 3059 ct
335 3003 427 3074 fratria
442 3000 499 3072 eiua
518 3001 652 3072 requirant
672 2998 789 3052 animam
807 2996 933 3050 laminir.
984 3008 1048 3049 rratu
1057 2991 1182 3062 iustitia,
1197 3011 1251 3050 non
1264 3004 1412 3066 receptam.
1428 2997 1496 3052 Nam
1510 2999 1536 3053 in
1552 3002 1679 3070 praesenti
1703 3003 1780 3072 quin·
1813 3012 1816 3017 '

138 3096 294 3169 Quicunque
316 3094 438 3166 effuderit
460 3094 605 3147 dumorum
628 3089 793 3160 tarquinum,
809 3087 935 3158 fundam
986 3085 1064 3156 quiea
1087 3086 1274 3157 quadragenas
1300 3104 1354 3143 una
1376 3089 1467 3146 minus
1492 3093 1604 3163 aceepit,
1631 3100 1674 3150 ter
1693 3094 1779 3165 virgis

136 3188 245 3258 nunquit
269 3186 360 3251 illiur;
384 3184 419 3238 ad
442 3183 583 3250 imaqiraern
602 3181 696 3251 quippe
717 3177 767 3232 liei
790 3178 876 3248 [octar
896 3185 934 3232 ert
947 3149 971 3214 G
985 3192 1083 3245 maus,
1099 3177 1184 3235 semel
1208 3179 1342 3249 lapidatus
1363 3190 1414 3246 cst,
1439 3191 1482 3236 ter
1504 3182 1674 3255 naufragium
1703 3184 1777 3251 iecit,

139 3277 227 3334 qm,
984 3278 1013 3326 et
1036 3270 1129 3326 omnia
1151 3271 1195 3326 illa
1210 3273 1331 3343 pericula
1357 3288 1417 3343 quae
1440 3273 1499 3345 ipse
1519 3285 1671 3343 enumerat,
1698 3278 1779 3334 susti-

179 3369 243 3427 llaec
261 3369 351 3441 prima
371 3368 425 3434 lex,
447 3366 534 3422 alico
546 3366 608 3422 data
630 3365 795 3430 horninibus,
810 3363 937 3436 probibet
985 3361 1055 3416 nuit.

138 3461 321 3520 attentissime
333 3459 483 3514 burrianum
497 3456 657 3528 sanquinem
670 3455 794 3510 tundere.
1023 3451 1107 3519 Dm·
1117 3463 1242 3508 ”tumlti
1251 3464 1339 3525 dediti
1353 3457 1381 3511 ²⁸²¹
1391 3457 1570 3514 dae'tdt'ifliem
1582 3468 1666 3526 iiam,
1677 3460 1779 3531 wulli-

176 3551 236 3608 Non
256 3551 347 3607 omnis
367 3550 414 3621 qui
436 3549 575 3604 briminem
592 3547 734 3611 acciderit,
758 3544 937 3617 corporaliter
986 3553 1049 3601 runt
1067 3543 1193 3615 templum
1213 3556 1334 3601 nanctum
1353 3556 1438 3616 tuum,
1455 3560 1599 3620 paruerunt
1612 3550 1780 3608 llieruraiarn

140 3643 292 3702 occimtur.
306 3642 359 3699 Sed
372 3640 520 3697 secundum
532 3639 598 3694 illud
607 3637 796 3709 accipiendum
808 3646 852 3694 est
865 3635 937 3707 quod
986 3636 1015 3689 in
1039 3652 1161 3691 aceruum
1186 3636 1315 3708 lapidum.
1340 3638 1476 3695 Dederunt
1496 3643 1625 3698 cadauera
1646 3661 1780 3700 terrorum

140 3733 272 3790 Dominus
293 3733 320 3788 iu
342 3731 489 3802 Euangelio
509 3730 596 3786 dicit:
614 3727 708 3784 Omnia
727 3729 798 3784 euin
819 3730 864 3801 qui
880 3727 938 3800 pio·
986 3735 1092 3782 tuorum
1106 3730 1290 3783 anemurium
1302 3729 1438 3796 carlorum,
1451 3749 1545 3788 carnea
1557 3744 1708 3789 sanctarum
1721 3744 1780 3790 tuo-

138 3824 215 3881 diunr
229 3826 372 3896 occeperit,
390 3822 495 3895 peribit.
515 3821 550 3876 Et
563 3819 710 3892 Apostolus
723 3819 761 3874 ait
777 3837 784 3874 ε
805 3817 937 3885 Querulum
987 3835 1046 3875 runt
1057 3821 1148 3876 bertila
1167 3829 1255 3876 tene.
1269 3821 1429 3892 Effuderunt
1441 3826 1597 3893 tarquinem
1608 3842 1699 3880 conam
1712 3840 1780 3894 qua·

138 3915 225 3971 anun
247 3913 379 3968 homicida
395 3928 449 3968 non
462 3911 538 3965 laedat
552 3911 633 3965 uitam
652 3910 779 3965 eternam
792 3908 822 3963 iu
840 3923 868 3963 ac
881 3923 939 3961 rno-
986 3911 1010 3967 ai
1022 3928 1120 3983 aquarn
1137 3913 1289 3967 incircuitu
1304 3911 1518 3978 iiicruaoient,et
1532 3933 1584 3971 uon
1596 3926 1654 3970 erat
1672 3919 1718 3988 qui
1740 3933 1782 3972 re·

129 4015 253 4059 ‘murem
278 4003 371 4070 Quare
385 4011 475 4057 autem
490 4002 564 4056 bunc
578 4008 684 4054 reatum
708 4005 783 4053 tanta
801 4011 883 4068 prena
896 4010 939 4053 ae·
986 4002 1089 4075 pedirct.
1111 4002 1189 4060 Facti
1206 4021 1297 4059 sumus
1313 4005 1482 4076 opprobrium
1494 4007 1584 4063 ricinia
1597 4010 1702 4074 nortrir,
1717 4009 1781 4064 rud·

140 4101 254 4166 quatur,
273 4094 331 4148 lnce
350 4107 432 4147 causa
447 4098 507 4156 est,
526 4090 654 4161 quoniam
675 4090 710 4145 ad
729 4088 877 4160 imaginem
889 4086 939 4145 bet
987 4094 1145 4151 munatioet
1156 4093 1253 4148 duritia
1266 4094 1362 4162 dirqui
1373 4097 1524 4150 incircuitu
1538 4107 1626 4156 nartra
1637 4108 1709 4154 runt.

144 4185 232 4240 luctus
244 4193 287 4238 est
302 4184 393 4237 bomo.
1025 4184 1089 4240 llaec
1100 4185 1235 4239 sententia
1249 4185 1343 4240 eadem
1365 4186 1422 4255 ipsa
1436 4186 1605 4243 demonstrat
1620 4204 1681 4258 quae
1694 4198 1723 4246 et
1732 4204 1780 4247 ttr-

180 4273 323 4329 Alruadant
337 4272 509 4327 tabernacula
522 4270 688 4342 praedonum,
699 4278 724 4323 et
738 4267 866 4323 audacter
879 4284 940 4339 pro-
988 4277 1090 4350 perior,

143 4374 237 4422 uocant
247 4364 342 4428 Deum,
354 4380 414 4419 curn
424 4363 479 4434 ipre
491 4361 591 4416 dederit
602 4360 691 4415 omnio
703 4360 731 4414 iu
743 4375 824 4414 manu
837 4374 938 4412 eorum.
1026 4366 1092 4433 Quia
1111 4366 1233 4422 amandae
1257 4367 1286 4422 in
1307 4375 1421 4422 montem
1434 4367 1617 4424 nominitant
1636 4371 1783 4440 quispam

144 4456 233 4525 Quare
247 4472 308 4527 erpo
322 4456 396 4526 impii
409 4456 513 4520 uiuunt,
527 4452 661 4509 audiiuauti
673 4460 734 4507 runt
747 4450 939 4522 confortatique
989 4457 1019 4511 in
1042 4455 1100 4511 loca
1123 4467 1213 4511 conato
1234 4457 1314 4528 ejus?
1334 4454 1464 4512 iunoceua
1494 4459 1615 4514 manibus
1640 4470 1665 4515 et
1685 4462 1783 4517 munda

140 4547 260 4602 diuitiis?
283 4546 377 4603 Samen
398 4562 489 4602 earum
509 4554 642 4618 permonet
657 4560 745 4599 carum
764 4545 811 4608 eia,
833 4503 979 4614 propin-D
990 4545 1080 4611 corde,
1101 4546 1148 4616 qui
1168 4547 1315 4617 iuqreditur
1328 4547 1385 4602 rinc
1399 4547 1514 4612 maculo,
1530 4559 1554 4603 et
1569 4560 1692 4621 operatur
1700 4553 1783 4623 jurii·

141 4659 253 4717 quorum
265 4643 343 4697 turdo
357 4653 381 4697 et
395 4652 516 4714 nepotum
527 4642 556 4696 in
569 4650 707 4711 conspectu
722 4656 821 4695 aarum.
839 4638 939 4693 Damus
988 4637 1063 4703 tium,
1087 4637 1203 4706 loquitur
1224 4637 1357 4691 ueritatem
1377 4638 1405 4691 iu
1425 4639 1502 4692 carde
1523 4656 1581 4705 tuo,
1602 4641 1647 4712 qui
1669 4654 1721 4696 non
1744 4651 1782 4697 ert

141 4749 234 4788 eorum
256 4743 440 4798 recurrerunt,
460 4741 483 4787 ct
495 4740 606 4802 pacatae,
629 4741 653 4785 et
673 4746 726 4785 nou
746 4737 783 4784 ert
803 4729 876 4799 airqa
891 4727 940 4783 Dei
990 4726 1078 4801 [acilia
1099 4727 1126 4782 in
1148 4726 1239 4798 linqua
1252 4743 1313 4793 rua,
1333 4745 1415 4800 neque
1429 4728 1489 4800 [ecit
1513 4731 1598 4784 arnico
1610 4730 1782 4799 anomalum,

140 4841 287 4896 aupereaa.
301 4822 592 4894 Bracarumcanccpit,
607 4829 631 4876 et
644 4837 697 4876 nou
710 4819 848 4886 oiartiait,·
861 4835 939 4874 tucca
989 4830 1015 4877 et
1040 4821 1208 4892 opprobrium
1231 4837 1283 4876 nau
1305 4821 1431 4877 sustinuit
1451 4838 1530 4893 cuper
1555 4824 1670 4878 riemanr
1693 4841 1781 4880 suurn.

142 4917 251 4988 peperit,
264 4925 289 4970 et
303 4931 355 4969 non
367 4925 403 4969 ert
415 4916 518 4985 priuato
532 4914 587 4985 {ctu
600 4929 658 4968 ruo.
672 4911 855 4984 Eqrediuntur
864 4912 941 4983 quati
992 4913 1045 4981 Qui
1056 4913 1162 4984 nepiiqit
1174 4913 1302 4968 damnum
1323 4922 1429 4985 propter
1451 4915 1565 4968 amicum
1588 4931 1675 4982 auum,
1693 4915 1783 4986 iratur

144 5024 234 5081 proper
247 5007 351 5081 paruuli
365 5023 467 5072 corum,
482 5006 631 5076 etiniantcr
645 5022 735 5062 eorum
750 5005 883 5061 excultam
899 5003 941 5060 iu·
991 5012 1047 5072 ειη
1067 5005 1118 5058 iter
1140 5012 1227 5059 autem
1250 5002 1391 5076 impiorum
1412 5003 1522 5076 deripiat
1543 5022 1598 5060 eor.
1626 5003 1723 5061 Melior
1745 5017 1783 5062 eat

141 5099 227 5156 uiua.
243 5097 341 5155 Tenent
356 5108 518 5170 tympanum,
536 5107 561 5153 et
573 5098 714 5164 umorum,
730 5107 754 5152 et
773 5097 888 5170 prudent
905 5096 941 5153 ad
993 5096 1096 5168 potiens
1123 5094 1179 5149 ciro
1205 5093 1268 5164 {orti
1279 5110 1289 5160 ,·
1317 5102 1342 5148 et
1364 5095 1409 5165 qui
1436 5096 1590 5151 dominatur
1609 5097 1698 5152 animo
1721 5113 1782 5161 auo,

143 5191 258 5246 tonitura
270 5189 373 5262 arpani.
388 5189 495 5245 Ducunt
509 5188 624 5244 inienio
643 5188 700 5244 dica
714 5206 787 5254 tuor,
800 5189 863 5243 etin
876 5204 942 5260 pun·
993 5196 1172 5259 enpuqnatorc
1194 5185 1308 5240 urbium.
1335 5186 1427 5253 Arma,
1452 5197 1477 5241 et
1499 5187 1582 5258 qiadii
1606 5189 1635 5244 in
1661 5190 1705 5244 uia
1728 5204 1785 5263 per·

143 5292 187 5337 cto
198 5282 233 5337 cd
245 5281 351 5353 inferno
363 5282 533 5338 descendunt.
993 5278 1062 5336 uerti
1078 5285 1187 5332 :ructor
1209 5285 1296 5331 autem
1309 5276 1406 5332 anime
1422 5295 1478 5333 ruta
1495 5278 1571 5351 ianpe
1585 5279 1681 5335 recedit
1695 5278 1729 5336 ui
1741 5297 1783 5336 eo.

181 5370 246 5429 tlee
259 5373 395 5429 renuntia
417 5372 519 5429 indicat
539 5370 717 5444 temporalem
730 5386 792 5428 ease
804 5370 938 5429 malorum
994 5366 1061 5425 Cun
1090 5365 1211 5423 ceciderit
1239 5365 1361 5422 inimicus
1381 5377 1455 5437 auur,
1490 5386 1523 5426 nc
1547 5375 1674 5442 punam,
1707 5379 1732 5426 et
1757 5369 1784 5425 in

144 5458 315 5519 inlicitatem.
327 5463 361 5519 lu
373 5463 476 5520 idcirco
489 5464 643 5534 errantqui
656 5471 755 5534 putant
767 5463 882 5535 sinqulls
894 5464 940 5521 hie
990 5459 1070 5513 ruina
1095 5457 1153 5528 eiur
1179 5472 1212 5512 nc
1236 5455 1348 5512 erudiet
1368 5474 1416 5513 aar
1445 5470 1539 5528 tuum,·
1563 5479 1596 5517 ne
1612 5462 1679 5532 [orte
1700 5461 1785 5519 niden

145 5553 260 5611 retribui
273 5555 345 5625 qaod
359 5564 508 5612 uterentur.
989 5547 1130 5615 marnac,
1156 5557 1182 5603 et
1214 5547 1351 5621 displiceat
1382 5548 1418 5616 ei,
1445 5561 1470 5606 et
1493 5551 1599 5621 auderat
1624 5554 1657 5609 ai
1672 5570 1702 5609 co
1717 5553 1786 5609 iram

182 5644 214 5704 Si
225 5646 305 5704 dalea
317 5647 453 5705 bracatum
470 5646 674 5717 meardenae
690 5650 715 5705 ai
731 5647 939 5706 rooeainritita-
984 5657 1074 5700 auur.

146 5752 194 5794 nar
203 5736 216 5793 i
226 5728 370 5795 'circumda
380 5736 428 5794 tiii
438 5737 569 5808 waren,
584 5747 608 5795 ct
623 5739 652 5794 in
670 5738 781 5796 ruiiintc
791 5740 900 5811 cripere
914 5749 940 5796 et
1025 5736 1123 5796 Videat
1134 5738 1249 5796 brllnor
1260 5738 1409 5808 bamur,
1421 5739 1494 5798 sitit
1506 5740 1638 5799 inam
1646 5741 1785 5809 mam,
