3832 6120
135 260 191 320 ma
515 218 710 314 nurnuuus
728 255 772 312 ns
791 255 960 315 mssrous
978 254 1189 313 nannetum
1208 253 1252 311 nr
1273 255 1386 312 resur.
1726 261 1787 319 ssa

119 397 124 406 ·
138 393 154 422 ·
168 375 257 435 sarrcti
274 371 372 428 Albani
384 370 609 443 martyriscujus
623 374 694 444 apud
706 373 828 429 eamdem
840 375 935 429 urbem
948 379 974 436 Α
986 373 1088 436 dinem,
1103 370 1238 441 completo
1262 368 1414 425 nocturnali
1429 367 1528 436 officio,
1542 369 1780 441 adquiescendum

136 478 167 526 et
179 468 293 525 basilica
304 475 333 521 et
345 463 502 536 percelebre
525 466 718 520 monasterium
732 473 783 520 est.
803 465 861 532 Qiro
873 481 935 521 cnm
988 462 1052 535 [lla.
1062 463 1125 516 add.
1141 460 1270 533 ccclesia]
1280 461 1424 516 fuissemus
1434 462 1547 530 egressi,
1561 460 1668 517 ceteris
1681 477 1782 518 exeun-

135 560 267 623 renisset,
288 565 316 612 et
333 557 405 628 apud
417 557 575 611 memoriam
590 557 719 628 martyris
734 600 741 624 ,
765 573 814 627 pro
829 559 937 613 restim·
987 555 1069 619 tibus,
1082 553 1182 608 lerrrina
1192 552 1236 607 illa
1249 553 1363 608 introire
1373 552 1474 616 uolens,
1485 552 1781 622 inipsoliminecanse-

136 652 213 707 tione
228 648 326 705 salutis
341 662 410 713 sue,
422 646 538 702 llomiuo
550 646 741 718 supplicasset,
754 647 822 703 vidit
833 663 883 717 per
892 663 936 704 so-
987 646 1035 702 dit.
1049 645 1140 714 ibique
1150 659 1242 701 coram
1254 645 1379 700 omnibus
1389 654 1500 715 stupore
1511 645 1629 716 quodam
1640 661 1790 716 epigrama,

136 755 233 812 porern
245 739 391 808 quemdam
401 737 529 808 juvenem
544 737 737 799 clericumsibi
751 741 934 806 assistentem,
986 753 1132 809 parmppcr
1140 736 1271 802 obticuit;
1282 752 1315 792 ac
1324 737 1421 792 deinde
1435 747 1595 808 erumpente
1607 753 1641 794 es
1653 741 1794 796 omuibus-

136 847 171 887 ac
181 829 382 886 noroscalceos
394 844 476 883 manu
487 827 632 893 serentem,
642 837 722 900 atquc
733 840 763 883 ut
773 820 941 902 cosaccipess
986 828 1085 896 pedum
1106 828 1240 899 unguibus
1254 827 1392 898 aliquanto
1403 830 1544 900 sangnine,
1559 829 1595 884 ad
1611 844 1641 884 sc
1660 845 1780 893 reversa,

136 921 359 992 retpedibusque
373 919 498 976 indueret
515 919 694 990 imperantem
709 938 715 974 :
731 937 760 977 sc
775 937 883 992 quoquc
899 922 936 976 ita
987 934 1096 973 manum
1108 918 1344 975 circumstantibus
1357 919 1489 990 porrexit,
1497 928 1642 991 erectaque
1654 921 1780 991 inpedes‚

136 1014 246 1071 iecisse.
259 1012 337 1067 lllum
351 1011 450 1068 deinde
474 1012 645 1082 precepisse,
658 1018 688 1066 ut
702 1012 746 1069 bis
759 1013 880 1070 calceata
903 1014 937 1070 ad
988 1009 1022 1064 ad
1042 1010 1195 1079 sepulcrum
1210 1018 1361 1081 martyrum
1373 1009 1512 1066 ambulare
1527 1011 1620 1082 coepit.
1638 1010 1697 1079 Quo
1718 1027 1783 1068 eum

136 1104 227 1160 locum
243 1144 251 1170 ,
278 1102 350 1158 unde
364 1100 411 1157 illo
423 1111 550 1168 veneral,
578 1112 770 1168 reverteretur,
786 1104 878 1176 ibique
889 1107 938 1162 ad·
987 1103 1156 1172 peruenisset
1182 1103 1215 1158 ad
1226 1103 1378 1159 orationem
1391 1118 1485 1160 coram
1494 1104 1575 1159 altari
1587 1105 1780 1175 prosternatur.

136 1202 251 1252 renmm
264 1192 363 1248 medici
378 1193 592 1262 prestolaretur,
608 1193 655 1264 qui
677 1209 737 1249 eam
749 1203 822 1252 esset
843 1196 938 1264 procul
988 1194 1079 1264 ibique
1086 1193 1289 1263 tamdiujacuit,
1298 1195 1476 1265 quoadusque
1483 1196 1700 1268 hymnusqnem
1707 1198 1790 1254 exul--

136 1287 223 1342 dubio
236 1293 394 1340 sanamrus.
421 1283 487 1352 bna
502 1285 547 1341 ubi
570 1286 716 1355 evigilavit,
734 1288 833 1343 visioni
857 1290 937 1343 sulem
989 1288 1106 1342 tantium
1120 1286 1200 1341 simul
1213 1293 1295 1356 atque
1306 1287 1465 1341 mirantium
1476 1286 1713 1342 multitudullemn
1725 1288 1784 1342 lau·

136 1376 361 1439 accommodans,
373 1375 571 1445 quantapotuit
584 1376 723 1431 celeritate
734 1377 768 1432 ad
781 1389 937 1434 sanctorum
988 1379 1056 1435 dans
1071 1376 1245 1432 devotissime
1261 1376 1397 1440 cantabat,
1411 1375 1601 1447 compleretur.
1621 1376 1680 1444 Quo
1695 1376 1781 1441 linito,

136 1478 289 1541 martyrum
303 1466 441 1523 solutilem
453 1466 546 1521 limina
565 1482 674 1523 reversa
684 1478 743 1534 est;
765 1484 797 1525 ac
806 1485 855 1540 per
870 1471 938 1526 aluos
988 1483 1052 1522 sana
1070 1466 1197 1530 surrexit,
1209 1465 1256 1521 sed
1270 1466 1297 1520 in
1309 1466 1427 1535 patriam
1446 1465 1561 1522 ulterius
1575 1467 1664 1522 redire
1685 1467 1781 1523 noluit.

136 1573 248 1614 menses
264 1558 291 1613 in
305 1558 400 1613 eodem
414 1556 473 1614 loco
491 1557 563 1612 inter
579 1558 649 1614 alio's
675 1574 808 1630 pauperes
827 1576 938 1617 convcr-
988 1558 1085 1613 llerito
1098 1558 1183 1628 igitur
1194 1557 1354 1612 miraculum
1373 1557 1446 1613 istud
1468 1558 1548 1613 beato
1562 1558 1682 1614 llermcti
1700 1562 1782 1615 aseri·

135 1659 210 1715 anta,
222 1646 444 1720 pollicitationem
455 1647 568 1703 visionis
583 1648 783 1719 opperiebatur.
812 1648 880 1705 Cum
895 1652 935 1706 in·
988 1649 1070 1713 bitur,
1083 1649 1160 1719 catius
1171 1648 1215 1703 die
1229 1648 1369 1714 natalitio,
1396 1657 1424 1704 el
1434 1651 1485 1705 sub
1508 1649 1585 1718 cujus
1603 1649 1725 1720 reliquiis
1739 1667 1783 1720 gc-

136 1742 232 1806 terim,
247 1741 318 1796 circa
331 1739 449 1794 medium
469 1737 526 1794 lere
538 1753 660 1795 mensem
672 1739 836 1812 Augustum,
849 1742 935 1798 Deus-
949 1726 973 1786 Β
986 1751 1057 1799 stum
1071 1756 1131 1796 esse
1146 1749 1261 1797 constat.
1283 1740 1336 1796 Sed
1350 1756 1520 1811 nequaquam
1533 1743 1696 1797 sanctissimi
1712 1760 1782 1798 raiar-

136 1832 209 1889 doaa
221 1833 359 1897 diaconus,
372 1829 447 1901 eujus
461 1831 489 1886 in
501 1832 589 1902 primo
601 1834 691 1903 operis
700 1833 782 1904 hujus
794 1835 864 1892 libro
875 1852 933 1893 cre-
985 1842 1058 1904 tyras
1071 1831 1243 1888 Marcellinus
1255 1841 1283 1887 et
1304 1830 1401 1887 Petrus
1423 1831 1548 1900 ejusdam
1558 1833 1658 1903 operia·
1673 1843 1786 1889 exortes

137 1926 217 1982 bram
235 1924 350 1980 lecirrms
363 1924 538 1990 mentionem,
558 1923 644 1981 Roma
658 1926 777 1992 veniens,
790 1944 873 1985 unum
890 1944 934 1984 ar·
985 1939 1045 1981 esse
1062 1934 1185 1994 possunt,
1199 1924 1355 1994 inquorum
1378 1924 1490 1980 basilica
1506 1934 1644 1994 patratum
1667 1934 1726 1991 est;
1753 1939 1784 1984 et

138 2016 340 2086 bonamdigni
356 2014 577 2074 masiliensis
604 2020 733 2088 martyris
760 2036 809 2091 pro
836 2037 934 2093 ariagne
984 2029 1054 2085 quos
1063 2013 1132 2084 ipsa,
1143 2029 1204 2084 qaae
1214 2023 1308 2070 curata
1318 2023 1361 2070 est
1369 2014 1548 2082 seminamus
1557 2015 1784 2086 peregrinationis

138 2109 219 2166 nobis
244 2123 358 2164 munere
375 2107 481 2164 detulit.
508 2108 594 2178 Quem
612 2111 795 2182 accipientes,
825 2112 935 2184 capsula
985 2121 1042 2162 sum
1058 2114 1188 2176 tempore,
1204 2116 1233 2162 ut
1248 2122 1277 2163 se
1291 2105 1460 2176 adiuvarent,
1477 2122 1580 2177 semper
1598 2108 1745 2163 invocavit.

138 2200 355 2274 reconditumin
372 2199 506 2269 superiori
522 2208 599 2269 parte
611 2201 740 2269 basilicae,
751 2218 834 2274 supra
846 2205 935 2274 ipsum
1022 2198 1066 2255 9l.
1088 2198 1151 2254 llaec
1169 2206 1232 2255 sunt
1256 2214 1316 2268 quae
1338 2199 1372 2255 de
1390 2199 1541 2255 innumeris
1560 2207 1719 2256 maclarum
1732 2202 1784 2256 uir-

136 2289 334 2347 occidentalem
358 2288 482 2344 ecclesiae
508 2290 649 2344 introitum
674 2292 877 2349 collocavimus.
901 2295 936 2350 lit
988 2287 1098 2351 tulllius,
1112 2297 1188 2343 aula
1207 2289 1286 2344 nobis
1302 2290 1371 2354 visa,
1395 2298 1443 2343 a¹¹²
1469 2288 1588 2344 fidelium
1602 2291 1692 2345 veraci
1712 2290 1783 2346 feld·

136 2373 240 2430 iemina
250 2392 321 2446 quae,
331 2384 361 2431 ut
377 2377 445 2441 dixi,
456 2377 560 2432 risione
575 2379 703 2434 diuinitus
718 2380 856 2436 admonita
870 2383 935 2438 illuc
988 2376 1230 2447 ¹10¹¹000mlffls
1250 2377 1347 2432 5²1⁸?ss
1361 2393 1394 2432 ³⁰
1419 2378 1557 2432 ¹¹¹011l⁰iiae
1584 2378 1715 2432 mandale
1737 2380 1784 2434 (¹0-

137 2477 263 2533 uenerat,
279 2477 307 2523 et
318 2469 423 2523 duobus
434 2467 489 2538 jam
516 2472 621 2527 exactis
635 2473 785 2539 mensibus,
801 2474 867 2529 nibil
878 2492 938 2546 pro
988 2464 1139 2531 ‘filimi
1159 2481 1219 2536 quae
1233 2466 1333 2522 Chfisii
1342 2468 1509 2522 ³m²l⁰ii¹l⁰⁸
1523 2483 1554 2522 ³⁰
1564 2475 1712 2540 manlium
1725 2469 1784 2538 “illi

136 2559 233 2612 inisse
244 2558 303 2627 opis
318 2557 371 2613 sibi
382 2559 524 2617 advenisse
536 2562 675 2627 censebat,
687 2563 809 2620 delusam
825 2580 855 2620 se
867 2582 938 2623 uano
988 2558 1193 2614 veneratoribus
1213 2559 1247 2614 id
1264 2557 1407 2629 ledendum
1422 2567 1498 2629 grata
1516 2557 1574 2615 s⁰fss
1584 2575 1641 2615 ⁰⁰¹¹
1655 2562 1782 2633 “militm

136 2647 249 2703 somnio
263 2649 433 2717 existimans,
446 2652 563 2707 reditum
577 2653 604 2708 in
619 2656 735 2725 patriam
745 2658 870 2713 mediani
881 2673 937 2714 coe—

135 2738 190 2810 pit.
204 2738 359 2810 statuitque
374 2758 437 2798 cum
462 2746 686 2817 negotiatoribus,
702 2750 749 2820 qui
772 2764 803 2806 se
828 2751 952 2816 reduce,

137 2834 212 2893 rent,
228 2837 257 2882 ut
273 2831 398 2900 proxima
413 2833 573 2902 dominica,
603 2852 665 2906 quae
693 2838 790 2908 quinto
804 2838 937 2897 Kalenda-

138 2932 202 2973 rum
218 2917 419 2990 Septembrium
433 2925 499 2981 dieh
513 2926 592 2982 simul
605 2943 666 2982 carm
678 2930 864 2986 anniversaria
873 2945 936 2987 san-

138 3009 178 3065 cti
194 3009 329 3069 llermetis
339 3014 509 3073 solemnitate
524 3027 584 3074 erat
602 3017 700 3084 lutura,
716 3036 811 3077 narem
827 3037 934 3090 eorum,

988 2651 1117 2719 quoniam
1134 2650 1201 2707 nihil
1220 2651 1260 2705 eis
1274 2651 1382 2705 uidetur
1404 2651 1581 2720 impossibile,
1600 2653 1718 2722 maudut
1736 2653 1785 2708 dat

988 2743 1044 2799 Deo
1055 2744 1235 2815 omnipotenti
1250 2744 1392 2815 placuerit.
1404 2743 1552 2799 incredulis
1575 2754 1665 2805 autem
1677 2760 1709 2798 ae
1723 2759 1785 2799 san-

988 2842 1094 2890 ctorum
1106 2833 1199 2904 gloriae
1211 2832 1414 2904 derogantibus,
1429 2832 1493 2904 quia
1507 2831 1648 2889 iastiuliosa
1659 2848 1784 2889 essenon

988 2925 1091 2992 dubito,
1103 2940 1137 2981 ne
1149 2925 1260 2982 omnino
1272 2924 1363 2995 legere
1377 2924 1469 2989 uelint,
1486 2923 1654 2980 suadendum
1665 2938 1763 2980 censeo
1775 2937 1783 2976 :

987 3031 1022 3071 ne
1031 3015 1102 3071 torte
1110 3015 1216 3071 vilitate
1229 3015 1314 3070 nostri
1325 3015 1460 3071 serunensis
1469 3013 1576 3081 ollensi,
1589 3014 1799 3086 blasphemiam

139 3100 169 3155 in
184 3101 321 3174 regionem
333 3121 410 3160 suam
431 3122 585 3174 reversura,
603 3111 805 3166 conscenderet.
821 3081 971 3183 lauruqueC
988 3117 1016 3164 et
1030 3107 1206 3163 invidentiam
1220 3107 1343 3164 devitare
1354 3123 1408 3163 uon
1422 3108 1543 3175 valeant;
1562 3123 1595 3164 ac
1605 3109 1645 3165 sic
1658 3108 1743 3163 lleurn
1756 3119 1784 3162 ct

138 3192 260 3249 instame
270 3204 362 3263 noem,
375 3214 436 3269 quse
451 3199 523 3255 diem
536 3199 698 3271 profectioni
711 3203 866 3259 condictum
876 3213 937 3260 erat

138 3282 201 3339 sine
211 3283 291 3341 dubio
300 3300 478 3357 praecessura,
491 3305 553 3347 cum
566 3306 616 3346 nos
631 3292 780 3374 seeundum
792 3304 936 3350 consuetu·

177 3426 190 3454 ·
207 3415 237 3470 S.
248 3417 368 3475 mbram
384 3429 488 3494 martyr
500 3422 644 3495 linguntia
657 3425 757 3481 colitur
769 3427 801 3496 2l
813 3426 896 3482 lunii.

988 3204 1235 3274 proximumques
1261 3215 1356 3258 amare
1376 3200 1514 3271 jubentur,
1535 3216 1565 3259 se
1581 3203 1671 3259 odisse
1695 3203 1805 3258 decla«-

990 3302 1065 3352 rent.

1025 3428 1039 3466 ¹³
1055 3427 1150 3484 Annua
1163 3427 1208 3483 laic
1218 3426 1346 3494 luit-830,
1363 3426 1452 3483 littera
1462 3427 1626 3486 dominicali
1641 3429 1676 3482 Β.
1693 3448 1695 3451 ·

390 3676 406 3715 ²
443 3676 962 3791 susumus
997 3649 1528 3792 mannan-m

766 3894 1036 3957 sabbislssibli
1059 3894 1143 3954 vtiti

212 4080 275 4177 llll
312 4081 536 4180 insiluit
574 4080 767 4180 CHRISTI
801 4077 1078 4181 basilidi
1114 4078 1417 4181 biudbiillil
1451 4084 1514 4183 ild
1552 4004 1720 4183 libili

688 4283 762 4346 [Acta
773 4285 917 4337 Sanctorum
930 4283 1039 4337 solunt.
1053 4286 1138 4337 tumol
1151 4283 1240 4350 lunii]

859 4429 1048 4450 ὴ

176 4541 203 4596 l.
219 4541 285 4596 linat
305 4541 416 4611 quidam
440 4542 575 4598 exorcista
595 4551 706 4598 sanctus
718 4542 744 4610 b,
762 4543 861 4599 l‘ctms
884 4559 934 4600 no·
946 4550 973 4610 Ι)
986 4545 1070 4600 Poena
1087 4543 1188 4601 inllieta
1200 4547 1360 4618 praevaleret
1371 4547 1472 4604 Christi
1488 4549 1568 4607 ladem
1583 4553 1687 4618 tallere,

838 4631 933 4705 [mine.

133 4722 191 4790 Qui
204 4723 356 4779 doctrinam
369 4725 458 4796 niagni
471 4724 544 4779 Petri
560 4729 671 4779 mentm
684 4723 809 4792 apostoli,

135 4811 240 4868 Veram
255 4813 337 4869 lldcm
350 4813 414 4871 lesu
427 4814 529 4883 clarinti
541 4813 701 4884 predicavit
712 4815 849 4885 gentibus.

135 4902 319 4975 llabgmruni
335 4906 477 4976 adjurator
490 4907 542 4961 iste
556 4904 608 4960 iuit
622 4905 787 4970 daemonnm,

134 4991 229 5063 Atque
240 5002 315 5050 atros
327 4996 412 5051 verbo
426 5004 523 5066 potens
540 4994 677 5067 effugabat
691 4996 814 5066 spiritus,

135 5081 247 5156 Perque
266 5088 374 5159 signum
395 5098 497 5144 sanctae
511 5089 600 5144 erucis
614 5104 701 5160 agros
719 5105 801 5145 sanos
819 5089 931 5146 mearat.

989 4635 1043 4692 Sed
1057 4653 1116 4703 cor,
1131 4638 1201 4694 coelo
1214 4640 1298 4696 lasum
1313 4655 1437 4705 manens,
1456 4644 1545 4698 nescit
1563 4642 1656 4716 llagris
1671 4648 1778 4704 cedere.

988 4728 1039 4784 Cui
1051 4738 1144 4786 custos
1153 4731 1298 4801 deputabas
1309 4730 1417 4802 praelult
1427 4732 1595 4800 Anthemius,

988 4819 1040 4887 Qui
1058 4835 1166 4875 reorum
1181 4821 1289 4877 turbam
1302 4821 1371 4877 diris
1383 4823 1589 4895 constringebat
1603 4826 1729 4891 vinculis,
1747 4876 1754 4883 ,,

987 4909 1075 4979 Atque
1088 4911 1207 4966 claustra
1221 4913 1331 4983 caligosi
1346 4916 1473 4970 seruabat
1483 4918 1623 4987 ergastuli.

987 4999 1058 5054 Erat
1067 5000 1111 5055 eui
1125 5001 1209 5055 chara
1223 5001 1388 5069 vuldensem,
1404 5007 1480 5076 virgo
1494 5008 1613 5073 nomine,

987 5091 1054 5160 Quae
1067 5094 1160 5148 invasa
1173 5108 1229 5163 praa
1243 5094 1326 5151 leroci
1341 5098 1492 5154 vexabatur
1505 5100 1635 5164 daemone,

135 5175 226 5243 Quem
237 5179 337 5250 pagani
352 5179 578 5248 comprehensum
593 5178 669 5234 duris
681 5187 794 5235 nectunt
806 5181 931 5246 vinculis,
985 5186 1018 5242 Et
1032 5196 1147 5258 patema
1160 5203 1231 5244 sarva
1246 5205 1328 5259 poena
1341 5192 1482 5247 cruciabat
1493 5201 1615 5263 pectora.

134 5266 178 5322 Sc
189 5280 238 5337 per
250 5269 333 5323 nrnlta
347 5270 477 5324 laniatum
492 5277 687 5324 tormentorum
702 5284 812 5339 genera,

135 5356 181 5411 nd
197 5365 349 5414 extremum
363 5361 508 5415 tenebroso
524 5359 713 5428 manciparunt
725 5361 840 5416 carceri.

134 5446 327 5519 imprudentes
340 5451 464 5506 arbitrati
479 5451 550 5521 quod
562 5465 611 5520 per
624 5459 700 5507 artus
712 5455 834 5522 corporis

174 5580 285 5638 tilunc
302 5585 407 5640 titulum
429 5585 538 5655 praefert
558 5594 635 5640 retiis
656 5588 738 5643 codes
762 5590 931 5645 bililiotlrecm

135 5652 227 5710 uncti
241 5652 379 5712 &aedisti
399 5659 432 5713 ad
449 5656 567 5730 Ligerim
581 5654 703 5729 (stabili,
719 5658 785 5715 Acta
798 5659 850 5716 SS.
871 5661 928 5715 ord.

1021 5277 1048 5331 Ξ).
1065 5277 1142 5344 Quod
1156 5294 1218 5334 cum
1232 5279 1329 5337 Petrus
1350 5283 1538 5351 comperisset,
1564 5284 1709 5353 compellat
1729 5250 1781 5341 Ai-

1636 5375 1777 5431 tlrernium.

987 5459 1097 5515 Monens
1111 5462 1190 5515 simul
1208 5469 1236 5515 ct
1249 5462 1408 5528 exhortans,
1427 5464 1528 5521 Christi
1550 5372 1633 5523 miles[
1649 5465 1791 5538 inclytus,

987 5593 1015 5648 S.
1036 5591 1147 5656 limaret,
1162 5606 1225 5647 saec.
1239 5608 1274 5658 m,
1288 5603 1366 5663 parte
1378 5595 1409 5657 ul.

1021 5664 1034 5706 b
1055 5663 1086 5717 b.
1102 5661 1207 5734 Teulet,
1225 5661 1326 5721 Rornae.
