3810 6120
163 274 235 333 {th
711 266 877 327 enuntiet
896 268 906 323 l
926 265 1161 325 COGNOMENTO
1179 264 1223 323 ert
1731 263 1797 321 Μ

158 392 204 446 nei
220 387 292 460 qnod
306 387 337 442 de
351 385 397 440 illo
413 392 492 455 porto
506 382 584 439 annis
599 382 714 453 singuiis
734 381 905 452 persolvitur,
925 389 953 436 et
966 387 991 443 Α
1005 381 1085 435 rebus
1098 378 1210 435 decime
1224 386 1252 434 et
1265 391 1342 433 notite
1353 377 1476 448 partibus
1491 379 1664 448 prescriptae
1675 379 1798 437 eeclesia

158 475 388 549 quemadmodum
411 474 571 544 sepedictus
598 473 792 528 llerembertns
819 485 952 525 menora-
1002 469 1095 526 Sorrcti
1110 470 1231 525 Gcrvasii
1243 479 1272 526 et
1286 469 1401 524 fratrum
1422 469 1490 525 inibi
1511 470 1798 543 eminentiumque·

159 581 216 625 tum
230 565 390 622 beneficium
403 580 465 619 eum
478 566 552 619 omni
570 565 737 633 integritate,
758 565 827 618 sicut
839 562 888 617 illa
908 562 952 618 die
1001 561 1112 614 niteret
1125 560 1227 629 absque
1239 558 1292 614 ulla
1304 559 1433 614 dilatione
1447 559 1683 629 persolverentur,
1696 569 1727 615 et
1738 562 1796 618 adt

159 657 283 727 subiere
301 655 606 710 nostnedominationis
624 662 685 708 crat
706 654 814 722 ‹pitorvlo
837 652 953 722 elargi-
1002 650 1064 706 licia
1087 649 1209 719 ejusdem
1232 651 1356 707 ecclesie
1382 653 1439 708 sive
1460 652 1557 709 domus
1577 653 1747 724 episcopatis
1769 670 1801 712 ae

156 749 232 803 tione
245 753 336 801 nostra
349 746 438 815 ipsum
450 744 611 799 beneilcinm
624 744 760 813 accepisse
772 749 888 805 constat,
903 756 953 811 pro
1003 742 1118 796 fratrum
1141 743 1205 797 inibi
1226 744 1380 814 degentium
1400 743 1509 799 reiecta
1527 752 1555 799 et
1576 746 1800 803 restauratets

157 839 343 894 emolumento
372 837 470 891 animae
503 845 604 891 nostrae
629 844 780 910 memorato
804 833 953 889 venerabili
1003 845 1099 891 rentr.
1119 837 1385 907 lnsoperlrumiliter
1406 836 1562 910 flagitantes
1574 840 1754 908 postularunt
1770 852 1798 897 ot

155 929 268 984 Aldrico
282 929 408 996 episcopo
421 927 455 980 ad
466 934 571 996 partem
581 925 749 995 prescriptae
764 939 819 979 suae
831 922 953 978 ecclesie
1003 925 1129 981 uillarum
1148 926 1258 981 nomino
1271 942 1304 982 ex
1319 927 1418 996 quibus
1439 944 1519 984 nonar
1530 938 1559 985 et
1573 929 1694 986 decime
1715 930 1749 985 ad
1760 945 1800 985 su·

157 1019 284 1081 reddere,
299 1026 327 1071 nt
341 1019 367 1071 ln
384 1026 546 1086 perpetuom
568 1016 597 1070 in
616 1015 749 1069 utilitates
761 1021 790 1069 et
802 1029 869 1068 usus
882 1012 954 1081 ejus-
1001 1017 1153 1085 predictam
1174 1017 1317 1072 ecclesiam
1333 1019 1449 1086 persolvi
1466 1019 1567 1074 debent
1581 1020 1610 1074 in
1631 1028 1737 1075 nosne
1755 1036 1801 1076 sn·

159 1114 221 1168 dem
235 1113 358 1167 ecclesie
384 1112 493 1180 beoqne
517 1112 545 1164 in
570 1126 602 1166 ea
618 1137 622 1145 ·
636 1108 844 1164 deservientium
871 1104 955 1176 perti-
1003 1107 1138 1162 ctoritatis
1158 1118 1293 1176 praecepto
1325 1109 1486 1164 noritinatim
1506 1112 1611 1167 ascribi
1639 1111 1798 1182 precipere·

157 1212 233 1258 neat.
258 1203 361 1257 ideirco
385 1208 547 1271 suggerente
577 1208 658 1268 atque
685 1208 798 1267 rogante
825 1197 954 1267 predicto
1003 1213 1074 1262 mos,
1089 1213 1123 1253 ne
1135 1198 1226 1267 aliquo
1238 1199 1309 1253 male
1322 1199 1429 1268 ingenio
1451 1200 1637 1269 autqnalibet
1651 1202 1800 1256 calliditate

159 1291 306 1347 venerabili
330 1292 456 1361 episcopo
479 1290 551 1343 hane
573 1296 673 1343 riostme
687 1285 903 1342 confirmationis
917 1291 956 1337 at·
1003 1299 1050 1343 unt
1064 1289 1186 1359 potentia
1207 1288 1321 1359 alicujus
1345 1289 1437 1345 divitis
1459 1289 1504 1344 vel
1524 1290 1652 1360 potentis
1673 1290 1718 1345 ltae
1739 1290 1802 1347 ville

156 1398 212 1452 qne
226 1383 386 1438 redditionis
403 1382 610 1452 preceptionem
625 1380 650 1434 ei
670 1380 713 1433 vel
728 1377 762 1432 ad
778 1385 882 1447 partem
897 1375 955 1446 ism
1005 1379 1046 1434 vel
1064 1381 1105 1434 bac
1126 1394 1171 1434 res
1195 1395 1211 1433 a
1234 1380 1296 1449 jore
1320 1379 1439 1448 ejusdem
1467 1381 1593 1436 ecelesiae
1611 1381 1743 1436 alienatae
1765 1380 1803 1437 in-

160 1472 239 1527 dictae
252 1470 328 1526 orbis
343 1470 554 1539 llerijrrssimus,
567 1484 616 1538 per
629 1483 711 1538 qoam
725 1464 897 1521 duetuitnttt
912 1472 953 1517 at·
1004 1471 1075 1525 turis
1089 1472 1185 1524 tierent
1197 1470 1365 1540 temporibus
1384 1479 1431 1525 aut
1453 1486 1532 1528 ttoote
1554 1472 1599 1528 vel
1620 1473 1739 1529 decima
1750 1474 1802 1529 sirs

157 1576 214 1630 qne
224 1562 352 1631 jobemus
364 1570 395 1616 ut
417 1559 509 1615 nullus
524 1559 644 1614 lldelinm
662 1566 818 1612 nostrornm
831 1555 864 1610 de
886 1568 956 1624 prte-
1004 1575 1103 1614 census
1114 1560 1155 1615 vel
1168 1561 1379 1616 restaurationes
1389 1562 1448 1631 jam
1461 1562 1542 1617 dicte
1556 1562 1687 1620 eeclesiae
1712 1565 1802 1620 ablate

162 1651 234 1705 dicta
248 1649 312 1703 villa
326 1650 369 1705 vel
380 1651 413 1704 de
432 1649 475 1703 bis
495 1649 621 1703 omnibns
637 1661 697 1716 qnae
710 1646 745 1700 ad
766 1643 879 1714 prelata
897 1643 955 1697 loca
1005 1649 1062 1703 deri
1076 1660 1195 1719 possent.
1206 1651 1326 1717 Quorum
1337 1652 1544 1722 deprecationes
1555 1664 1676 1724 propter
1683 1670 1802 1710 amore

160 1740 300 1810 pertinere
326 1748 475 1794 noscentur
498 1746 650 1793 memomto
669 1732 819 1790 renerabili
846 1731 956 1787 dtdnco
970 1727 994 1786 ll
1006 1739 1054 1794 liei
1071 1740 1187 1796 libenter
1198 1742 1359 1809 audivimus,
1373 1754 1401 1798 et
1412 1744 1486 1799 sient
1498 1744 1646 1814 deprecati
1660 1753 1737 1811 sunt,
1750 1760 1802 1800 mo·

163 1834 291 1904 episeopo
310 1833 367 1886 sire
380 1832 584 1887 suecessoribus
605 1830 665 1899 ejus
684 1827 741 1882 ullo
754 1839 872 1895 unquam
887 1831 955 1879 tetu-
1006 1832 1124 1886 trasteriu
1137 1832 1180 1886 vel
1191 1832 1301 1889 cellulas
1314 1849 1362 1889 seu
1377 1837 1451 1891 vicos
1464 1835 1508 1890 rel
1523 1835 1608 1892 villas
1620 1850 1696 1907 quas
1714 1847 1801 1892 nostn

158 1938 226 1994 pore
240 1923 453 1991 inquietudinem
468 1913 955 1987 iacereantquamlibetealumoiam
1004 1922 1147 1993 largitione
1168 1939 1201 1979 px
1221 1922 1284 1992 jure
1309 1925 1426 1995 ‚anm
1448 1925 1575 1982 ecdem
1597 1928 1692 1984 „0525
1715 1927 1801 1983 m,

161 2016 286 2086 ingerere
299 2020 461 2082 praesumam
487 2010 535 2065 scd
557 2009 638 2063 licent
660 2008 686 2062 ei
700 2015 729 2061 et
751 2003 955 2062 successoribus
1006 2012 1106 2068 babere
1119 2013 1313 2084 dignoscantur
1326 2015 1486 2072 nominatim
1500 2016 1528 2071 in
1543 2017 1597 2073 boe
1610 2028 1751 2089 praecepto
1765 2018 1803 2073 is·

161 2104 221 2174 ejus
235 2103 328 2172 quieto
349 2101 445 2155 ordine
466 2107 616 2153 memorata
631 2096 689 2152 locu
704 2111 766 2152 orm
786 2095 910 2151 omnibvs
921 2094 956 2150 ad
1006 2117 1098 2158 serere
1118 2102 1265 2172 jussimus,
1286 2112 1316 2159 ot
1336 2103 1434 2160 iutnris
1457 2107 1633 2176 temporibus
1652 2108 1682 2168 in
1697 2109 1760 2180 inre
1777 2114 1802 2163 et

157 2212 191 2252 se
209 2192 479 2266 pertinerrtibusjorc
498 2182 685 2247 ecclesiastico
706 2199 800 2245 tenere
822 2197 850 2244 et
868 2188 957 2260 possl-
1006 2192 1190 2248 dominatione
1198 2192 1256 2261 jam
1268 2194 1348 2249 dietae
1367 2195 1489 2252 ecclesie
1504 2211 1573 2252 cunt
1593 2199 1676 2253 emni
1697 2198 1803 2268 intepi-

162 2288 240 2350 dere,
261 2295 289 2340 et
305 2284 434 2355 quidquid
449 2298 499 2353 pro
512 2283 713 2353 opportunitate
725 2291 754 2338 et
764 2282 956 2338 commoditate
1007 2292 1063 2339 tate
1075 2294 1272 2354 permaneant:
1286 2286 1383 2351 idest,
1404 2289 1608 2344 mortasterinm
1621 2288 1720 2345 Saneu'
1734 2289 1803 2346 Petri

162 2376 283 2448 prtelntac
295 2377 417 2431 ecelesiae
431 2376 528 2430 exinde
547 2372 639 2429 lacere
650 2375 828 2436 decreverint,
839 2373 956 2429 liberem
1006 2376 1078 2445 quod
1092 2375 1240 2433 liertranns
1252 2362 1398 2450 ¹episcopos
1414 2381 1570 2445 edilicavit,
1586 2396 1656 2437 eum
1673 2393 1805 2439 monaste·

159 2470 189 2524 in
201 2470 327 2524 omnibus
340 2468 461 2523 babeant
480 2474 644 2538 potestatem
658 2464 783 2519 faciendi.
805 2464 841 2521 Ut
865 2473 955 2518 antem
1007 2466 1075 2522 riolo
1089 2467 1183 2522 Sancti
1205 2468 1313 2523 llartini
1329 2470 1358 2524 in
1378 2470 1556 2538 ponteleuve,
1571 2481 1602 2528 et
1625 2472 1805 2529 monasteris·

163 2562 222 2615 lime
241 2567 333 2615 nostm
358 2558 506 2615 auctoritas
526 2564 684 2627 perpetuam
707 2556 830 2610 obtineat
847 2554 959 2610 drmita·
1006 2556 1062 2611 lnm
1087 2556 1180 2612 Smrcti
1192 2556 1325 2625 Victorii,
1343 2559 1369 2614 in
1384 2576 1440 2630 qno
1455 2562 1513 2631 ipse
1527 2562 1651 2619 domnus
1671 2562 1805 2619 vinarias

167 2658 234 2713 tem,
249 2648 283 2703 de
297 2647 396 2702 annulo
413 2656 506 2701 nostro
515 2644 645 2714 jussimus
657 2643 778 2715 sigillari.
1006 2661 1119 2718 corpore
1133 2651 1287 2720 requiescit,
1300 2659 1328 2706 et
1342 2653 1567 2708 monsteriolum
1586 2652 1701 2710 Sancte
1714 2654 1804 2710 Narin

196 2740 397 2796 llirmlnmnrns
411 2740 578 2794 notarinsad
595 2739 680 2793 vicem
695 2736 843 2792 Theotenis
859 2750 958 2808 recog·
1007 2739 1079 2808 quod
1093 2748 1136 2794 cst
1156 2749 1342 2797 constmctnm
1354 2743 1426 2798 intra
1438 2759 1549 2799 moron
1570 2745 1696 2801 civitatis
1708 2754 1738 2801 et
1754 2744 1803 2801 fla·

164 2830 229 2885 novi
243 2837 270 2885 et
284 2829 444 2899 subscripsi.
1007 2829 1081 2883 riom
1102 2828 1226 2895 Scribe,
1244 2846 1308 2887 eom
1329 2833 1523 2890 monasteriolo
1547 2832 1648 2891 Sancti
1670 2834 1804 2893 Rieonerl

198 2921 268 2975 bata
287 2935 314 2974 rr
336 2921 398 2974 idus
417 2916 541 2982 latrone,
559 2932 641 2982 anrvo,
654 2914 763 2971 Cirristo
775 2914 905 2986 propitio,
923 2913 956 2967 ll
1008 2918 1080 2973 ultra
1100 2918 1211 2975 lluvium
1232 2921 1338 2977 Sertlrae
1357 2922 1392 2977 ad
1404 2938 1469 2979 evm
1489 2924 1700 2994 pertinente,et
1717 2941 1805 2981 mona·

165 3012 271 3082 imperii
298 3011 399 3066 domini
432 3009 559 3064 ludovici
585 3007 702 3077 piissimi
732 3005 863 3077 litqusti,
887 3004 959 3059 indi·
986 3075 992 3095 1
1009 3011 1122 3066 sterium
1135 3012 1243 3067 Sancte
1257 3012 1441 3080 scholastice,
1455 3024 1482 3070 et
1496 3017 1725 3073 monasteriorum
1739 3015 1804 3072 sap.

161 3100 253 3155 ctione
270 3100 313 3155 to.
326 3100 425 3155 delum
440 3098 490 3154 lies
512 3097 576 3151 villo
596 3098 621 3151 in
636 3095 684 3151 liei
706 3095 815 3151 nornine
827 3093 954 3150 ieliciter.
971 3074 993 3135 (ι
1009 3102 1046 3156 cri
1062 3100 1191 3157 Germani
1215 3103 1285 3158 utrm
1308 3102 1418 3160 nur-tum
1443 3105 1805 3173 sarepae‚0pm05,m1u;0.

162 3191 261 3244 dmeo.
1010 3192 1120 3250 loterel
1134 3195 1327 3265 synodoebium
1343 3195 1449 3252 Sancta
1463 3197 1566 3264 llnriae,
1579 3198 1611 3254 in
1624 3215 1680 3270 qne
1691 3199 1805 3257 domnvs

455 3257 633 3381 ufffiffi
656 3341 792 3381 mmm
1010 3282 1146 3340 l’adoinns
1168 3286 1313 3355 requiescit
1323 3287 1352 3341 in
1373 3302 1500 3358 corpore,
1512 3296 1542 3343 et
1561 3288 1692 3345 celiniam
1713 3287 1804 3346 Sancti

318 3343 369 3384 ΡΜ
385 3344 452 3384 ωε
474 3345 561 3468 (Αζᾎ
576 3365 652 3466 835.)
685 3370 692 3380 ”
736 3369 743 3380 “
796 3367 803 3380 ’
1011 3372 1205 3431 i'ieturiiinlra
1217 3376 1365 3443 ciuitatem,
1379 3378 1619 3435 etmooasterium
1630 3378 1805 3437 SanctiCarl

384 3466 473 3540 [dpud
487 3464 636 3528 baluzium,
651 3463 729 3536 trid]
1009 3465 1069 3533 leil,
1089 3469 1117 3522 in
1138 3484 1193 3538 qim
1216 3470 1275 3540 ipse
1289 3470 1404 3525 domnos
1428 3471 1578 3541 requiescit
1595 3471 1624 3527 in
1640 3478 1805 3541 corporeet

198 3563 229 3619 ln
250 3560 359 3617 nomine
377 3558 485 3614 Domini
503 3556 553 3612 [lei
573 3565 602 3611 et
615 3554 766 3611 Salvatoris
788 3555 873 3610 nostrl
892 3554 958 3611 iesu
1008 3561 1232 3616 monasteriolum
1245 3560 1459 3628 Sanetiluliani,
1473 3563 1501 3617 in
1515 3578 1571 3633 quo
1585 3562 1647 3634 ipse
1656 3562 1803 3636 requiescit

160 3648 446 3716 Cirristi,Lodovicus,
455 3646 545 3703 divina
557 3645 701 3700 ordinante
713 3643 893 3714 pmvidentia,
908 3643 959 3697 im·
1010 3650 1038 3704 in
1049 3665 1173 3720 corpore,
1186 3660 1215 3707 et
1224 3653 1418 3707 „mmmmm
1433 3651 1529 3708 saed
1538 3651 1661 3725 emit,
1670 3660 1801 3709 mm

164 3757 275 3819 perator
289 3745 437 3816 Augustus.
1010 3740 1081 3794 mum
1096 3739 1179 3805 illidi,
1195 3751 1223 3796 et
1242 3741 1437 3796 monasterinm
1457 3741 1604 3808 Tussiaco,
1624 3751 1653 3798 et
1670 3751 1802 3799 monaste·

202 3836 231 3892 Si
247 3835 290 3891 itis
303 3835 348 3904 qni
364 3834 419 3888 lieo
429 3832 550 3888 debitum
562 3830 692 3885 exhibent
705 3827 864 3882 famulatum
882 3826 960 3898 qnid-
1010 3829 1080 3883 rium
1095 3829 1188 3886 Sancti
1201 3829 1312 3887 ioannis
1325 3839 1353 3887 ct
1377 3831 1471 3887 Sancti
1491 3831 1606 3888 'lrecbii
1628 3833 1658 3888 in
1672 3832 1800 3889 eternis:

162 3929 225 3984 dam
249 3926 362 3983 bononis
382 3922 558 3986 corrierimns,
576 3928 605 3976 et
625 3920 660 3974 ad
676 3935 754 3974 suum
776 3918 959 3973 ministerium
1009 3927 1037 3974 et
1051 3921 1271 3978 monasteriolum
1290 3921 1383 3977 Sancti
1400 3921 1509 3977 llartini
1533 3922 1562 3977 in
1583 3923 1765 3988 Diablentien,
1777 3928 1803 3978 et

161 4017 278 4074 liberius
289 4014 491 4087 exsequendum
506 4027 585 4085 opem
603 4011 727 4073 ierimus,
740 4009 791 4063 boc
808 4008 886 4063 nobis
897 4022 960 4077 pro·
1010 4012 1205 4066 ntonosterium
1219 4010 1329 4068 Sanctae
1342 4012 1433 4067 llariae
1451 4013 1479 4068 in
1501 4012 1659 4082 audoino,
1672 4023 1703 4071 et
1716 4028 1803 4071 nene

162 4109 211 4164 col
224 4108 306 4164 dnbio
319 4105 353 4160 ad
368 4111 468 4160 statum
481 4101 583 4159 terreni
596 4099 672 4171 regni
686 4097 917 4153 corroborandum
928 4103 961 4151 et
1010 4103 1123 4157 sterium
1136 4104 1250 4169 Boxido,
1263 4115 1291 4159 et
1305 4104 1430 4160 cellolam
1449 4104 1610 4172 semiliaco,
1632 4116 1662 4162 et
1675 4114 1805 4164 moeste·

166 4198 201 4252 nd
216 4204 326 4252 eternae
339 4194 402 4248 vitae
420 4190 618 4248 beatitudinem
634 4188 826 4260 capessendam
839 4185 961 4257 pmintu·
1011 4193 1082 4248 riom
1103 4193 1232 4251 Celadon:
1247 4195 1310 4252 lime
1323 4197 1426 4262 omnin,
1447 4197 1520 4252 sicut
1533 4198 1686 4269 diligenter
1698 4199 1805 4269 inertii-

164 4301 226 4342 rnm
243 4301 304 4340 esse
326 4282 497 4339 conlidimur.
523 4281 623 4336 Notum
646 4281 731 4350 igitur
753 4293 813 4334 esse
836 4278 960 4332 volumus
1012 4290 1069 4338 tum
1089 4286 1230 4353 habemus,
1245 4301 1305 4341 eum
1319 4287 1445 4343 ommibus
1462 4287 1498 4343 ad
1516 4303 1547 4344 se
1566 4290 1806 4358 pertinentibnset

164 4378 292 4433 omnibus
308 4375 432 4431 ddelibus
445 4375 556 4439 nostris,
570 4373 748 4445 presentibus
763 4372 866 4428 scilieet
878 4379 906 4425 et
919 4369 958 4423 lu-
970 4417 997 4476 D
1012 4376 1039 4430 in
1053 4377 1162 4447 seriptis
1172 4378 1337 4434 authenticis
1349 4377 1442 4434 Sancti
1454 4377 1581 4435 Gervasii
1594 4382 1763 4449 iurenirnnt,
1773 4379 1805 4437 at

165 4472 251 4537 turis,
270 4471 332 4542 qula
359 4486 409 4526 nos
433 4470 466 4525 de
489 4468 634 4540 Aquitania
656 4476 835 4532 revertentes,
850 4482 912 4522 curn
929 4465 957 4519 io
1009 4468 1163 4537 praedictam
1176 4468 1320 4524 ecelesiam
1332 4468 1550 4525 sanetiGerrasii
1560 4471 1804 4544 §usmetlepoliter

164 4564 259 4618 urbem
284 4560 446 4617 Cenomanis
471 4559 704 4630 pervenissemus,
725 4571 806 4627 qnam
832 4555 958 4610 Aldrieus
1008 4557 1154 4627 pertinent.
1176 4557 1465 4628 Eanibnsiobentes
1482 4561 1665 4630 precipimus
1686 4572 1718 4617 at
1737 4561 1805 4621 letti

165 4652 331 4708 venerabilis
353 4652 496 4722 episcopus
511 4664 605 4720 repere
626 4648 743 4712 videtur,
757 4647 848 4703 clerici
868 4654 897 4701 et
909 4646 958 4701 liei
1008 4647 1139 4702 vitatibus
1161 4647 1269 4703 illorum
1292 4657 1449 4705 sanctorum
1472 4649 1501 4703 in
1526 4665 1650 4719 qnorum
1671 4655 1804 4716 menonis

165 4834 292 4897 sentiam,
305 4840 333 4888 et
346 4830 487 4902 conquesti
510 4840 574 4885 siunt
593 4829 666 4899 quod
682 4836 808 4883 nonaset
826 4828 957 4892 decimas,
1010 4843 1097 4883 annos
1118 4828 1153 4882 ad
1174 4829 1314 4897 ptmtiram
1336 4837 1451 4884 matrem
1469 4837 1499 4884 et
1517 4829 1646 4891 civitatis
1669 4836 1804 4893 metae.

167 4925 239 4982 unde
261 4923 431 4980 necessarios
451 4931 574 4992 sumptos
589 4920 689 4976 babere
710 4919 853 4983 debebant,
867 4918 960 4974 fideles
1011 4933 1109 4973 census
1125 4920 1160 4975 ab
1172 4920 1239 4988 ipsis
1250 4920 1296 4990 qni
1313 4921 1408 4976 eodem
1424 4921 1547 4976 eoeoolm
1562 4937 1668 4983 nestro
1682 4924 1805 4984 banada

167 5016 253 5073 nostrl
271 5015 318 5086 qul
332 5028 377 5069 res
401 5012 495 5068 Sancti
514 5010 638 5067 Gerrasii
659 5025 773 5066 monere
787 5008 959 5065 benetieiario
1011 5016 1105 5064 tenent
1119 5010 1234 5065 libenter
1246 5010 1279 5065 ad
1299 5025 1368 5080 opus
1381 5010 1501 5080 episcopi
1515 5017 1561 5070 vet
1576 5016 1703 5073 immun
1714 5017 1753 5073 ibi
1765 5015 1805 5071 ts·

165 5105 357 5177 possidebant,
373 5109 421 5156 aot
444 5100 610 5172 negligenter
625 5100 828 5170 persolverent,
843 5107 890 5153 ant
911 5114 959 5168 pe·
1011 5101 1131 5170 gentium
1141 5099 1211 5156 etad
1225 5101 1311 5170 ipsam
1322 5101 1463 5157 Mam
1475 5109 1806 5166 resmnnndammus

166 5196 240 5251 nitus
255 5193 367 5250 reddere
379 5189 534 5257 dilierrent;
548 5191 739 5261 petieruntque
757 5197 784 5243 et
803 5188 960 5258 suppliciter
1010 5200 1040 5245 et
1059 5190 1158 5248 latoris
1176 5193 1342 5262 temporibus
1362 5192 1566 5264 persultantur,
1585 5209 1615 5256 et
1633 5199 1752 5257 retemta
1766 5213 1805 5253 ea·

165 5285 305 5355 deprecati
318 5291 383 5340 sunt
394 5298 444 5339 nos
457 5290 488 5337 ot
509 5290 602 5337 nostra
625 5278 773 5351 imperialis
787 5287 908 5350 potestas
920 5278 961 5335 ei·
1011 5285 1115 5340 nonieis
1129 5284 1219 5341 Sancti
1235 5284 1358 5342 Gervasil
1371 5285 1472 5357 optima
1490 5292 1641 5349 abeodem
1654 5287 1805 5360 abbateqti

166 5377 260 5432 liceret
274 5378 390 5448 qualiter
404 5373 553 5431 seeundum
574 5373 714 5443 antiquam
736 5371 958 5427 consuetudinem
1010 5375 1097 5445 ipsum
1112 5377 1267 5432 coenobium
1288 5390 1352 5433 tnnc
1374 5381 1506 5447 temporis
1520 5381 1628 5439 habers
1650 5378 1804 5445 ridetur,it

165 5475 194 5520 et
207 5466 356 5536 jussionem
370 5466 471 5522 domini
487 5476 515 5521 et
536 5465 667 5536 genitoris
682 5463 767 5518 nostri
780 5461 870 5518 Caroli
888 5474 958 5532 prn-
1007 5465 1136 5534 praedicta
1152 5464 1298 5522 lestivitate
1313 5465 1405 5523 libenti
1418 5472 1514 5525 arrimo
1526 5470 1588 5538 ilat,
1602 5471 1680 5528 sicut
1694 5480 1804 5528 nem

165 5556 326 5611 stantissimi
346 5557 460 5627 dngtrsti
476 5572 508 5613 ae
526 5565 646 5611 nostrum
667 5554 782 5624 pleniter
804 5553 837 5607 de
853 5553 956 5607 eisdem
1007 5559 1123 5631 gratiam
1135 5570 1163 5616 et
1177 5560 1235 5631 ipsa
1248 5558 1381 5616 Mnelleie
1395 5561 1495 5619 laniem
1517 5563 1679 5633 voluerint;
1693 5558 1803 5621 utnobit

202 5673 215 5700 ⁸
236 5664 302 5720 tide
318 5665 364 5719 lib.
378 5681 386 5719 r
401 5664 527 5736 Capitol,
541 5680 565 5721 e.
581 5665 641 5729 tat,
656 5675 682 5720 et
700 5664 747 5719 lib.
764 5679 794 5730 rr,
810 5679 835 5718 c.
850 5662 894 5729 tt,
908 5662 952 5717 ᾗ.
