<?xml version="1.0" encoding="UTF-8"?>
<!DOCTYPE html PUBLIC "-//W3C//DTD XHTML 1.0 Transitional//EN"
    "http://www.w3.org/TR/xhtml1/DTD/xhtml1-transitional.dtd">
<html xmlns="http://www.w3.org/1999/xhtml" xml:lang="en" lang="en">
 <head>
  <title>
</title>
<meta http-equiv="Content-Type" content="text/html;charset=utf-8" />
  <meta name='ocr-system' content='tesseract 3.04.00' />
  <meta name='ocr-capabilities' content='ocr_page ocr_carea ocr_par ocr_line ocrx_word'/>
</head>
<body>
  <div class='ocr_page' id='page_1' title='image "./patrologiaecurs103migngoog/patrologiaecurs103migngoog_0500.png"; bbox 0 0 3810 6120; ppageno 0'>
   <div class='ocr_carea' id='block_1_1' title="bbox 143 210 1829 322">
    <p class='ocr_par' dir='ltr' id='par_1_1' title="bbox 143 210 1829 322">
     <span class='ocr_line' id='line_1_1' title="bbox 143 210 1829 322; baseline -0.01 -10"><span class='ocrx_word' id='word_1_1' title='bbox 143 253 196 312; x_wconf 82' lang='lat' dir='ltr'>sss</span> <span class='ocrx_word' id='word_1_2' title='bbox 707 234 905 311; x_wconf 77' lang='lat' dir='ltr'>bnuomrs</span> <span class='ocrx_word' id='word_1_3' title='bbox 922 235 1199 309; x_wconf 74' lang='lat' dir='ltr'>acctmnsncn</span> <span class='ocrx_word' id='word_1_4' title='bbox 1714 262 1766 322; x_wconf 64' lang='lat'>93,</span> <span class='ocrx_word' id='word_1_5' title='bbox 1823 210 1829 221; x_wconf 84' lang='lat'><em>&#39;</em></span> 
     </span>
    </p>
   </div>
   <div class='ocr_carea' id='block_1_2' title="bbox 129 361 1807 3779">
    <p class='ocr_par' dir='ltr' id='par_1_2' title="bbox 131 361 1807 3333">
     <span class='ocr_line' id='line_1_2' title="bbox 143 361 1766 448; baseline 0.006 -21"><span class='ocrx_word' id='word_1_6' title='bbox 143 371 243 428; x_wconf 81' lang='lat' dir='ltr'>urtam</span> <span class='ocrx_word' id='word_1_7' title='bbox 262 365 319 425; x_wconf 68' lang='grc' dir='ltr'>ιε.</span> <span class='ocrx_word' id='word_1_8' title='bbox 336 363 459 425; x_wconf 67' lang='lat' dir='ltr'>&amp;renui</span> <span class='ocrx_word' id='word_1_9' title='bbox 470 380 555 443; x_wconf 76' lang='lat' dir='ltr'>paupe</span> <span class='ocrx_word' id='word_1_10' title='bbox 569 365 667 429; x_wconf 81' lang='lat' dir='ltr'>urbem</span> <span class='ocrx_word' id='word_1_11' title='bbox 678 363 930 438; x_wconf 72' lang='lat' dir='ltr'>audegalmsium.</span> <span class='ocrx_word' id='word_1_12' title='bbox 943 364 971 427; x_wconf 84' lang='grc' dir='ltr'><strong>Δ</strong></span> <span class='ocrx_word' id='word_1_13' title='bbox 984 361 1056 419; x_wconf 79' lang='lat' dir='ltr'>auus</span> <span class='ocrx_word' id='word_1_14' title='bbox 1070 364 1193 422; x_wconf 79' lang='lat' dir='ltr'>uuauous</span> <span class='ocrx_word' id='word_1_15' title='bbox 1214 365 1356 438; x_wconf 74' lang='lat' dir='ltr'>igneaque</span> <span class='ocrx_word' id='word_1_16' title='bbox 1378 369 1618 442; x_wconf 76' lang='lat' dir='ltr'>submicantibus,</span> <span class='ocrx_word' id='word_1_17' title='bbox 1642 378 1766 448; x_wconf 76' lang='lat' dir='ltr'>quadam</span> 
     </span>
     <span class='ocr_line' id='line_1_3' title="bbox 141 453 1767 537; baseline 0.003 -25"><span class='ocrx_word' id='word_1_18' title='bbox 141 456 411 529; x_wconf 77' lang='lat' dir='ltr'>uillamgoardicitur</span> <span class='ocrx_word' id='word_1_19' title='bbox 422 453 836 528; x_wconf 64' lang='lat' dir='ltr'>ilismriciwagosutonico</span> <span class='ocrx_word' id='word_1_20' title='bbox 848 467 930 525; x_wconf 85' lang='lat' dir='ltr'>super</span> <span class='ocrx_word' id='word_1_21' title='bbox 979 459 1129 510; x_wconf 85' lang='lat' dir='ltr'>strumenta</span> <span class='ocrx_word' id='word_1_22' title='bbox 1138 454 1293 512; x_wconf 81' lang='lat' dir='ltr'>cbsrtarum</span> <span class='ocrx_word' id='word_1_23' title='bbox 1310 470 1359 530; x_wconf 91' lang='lat' dir='ltr'>per</span> <span class='ocrx_word' id='word_1_24' title='bbox 1380 475 1441 530; x_wconf 80' lang='lat' dir='ltr'>guae</span> <span class='ocrx_word' id='word_1_25' title='bbox 1452 476 1530 534; x_wconf 86' lang='lat' dir='ltr'>reges</span> <span class='ocrx_word' id='word_1_26' title='bbox 1543 465 1714 537; x_wconf 73' lang='lat' dir='ltr'>reginaeque,</span> <span class='ocrx_word' id='word_1_27' title='bbox 1738 479 1767 526; x_wconf 67' lang='grc' dir='ltr'>ιι</span> 
     </span>
     <span class='ocr_line' id='line_1_4' title="bbox 141 540 1765 628; baseline 0.007 -25"><span class='ocrx_word' id='word_1_28' title='bbox 141 547 252 605; x_wconf 84' lang='lat' dir='ltr'>durium</span> <span class='ocrx_word' id='word_1_29' title='bbox 263 546 428 605; x_wconf 74' lang='lat' dir='ltr'>Garumnam</span> <span class='ocrx_word' id='word_1_30' title='bbox 442 548 533 614; x_wconf 87' lang='lat' dir='ltr'>sitam,</span> <span class='ocrx_word' id='word_1_31' title='bbox 548 562 611 609; x_wconf 83' lang='lat' dir='ltr'>cum</span> <span class='ocrx_word' id='word_1_32' title='bbox 627 547 754 607; x_wconf 79' lang='lat' dir='ltr'>amnibus</span> <span class='ocrx_word' id='word_1_33' title='bbox 765 544 929 618; x_wconf 68' lang='lat' dir='ltr'>appendam</span> <span class='ocrx_word' id='word_1_34' title='bbox 977 540 1069 599; x_wconf 84' lang='lat' dir='ltr'>caeteri</span> <span class='ocrx_word' id='word_1_35' title='bbox 1079 543 1252 612; x_wconf 75' lang='lat' dir='ltr'><strong>quamplures</strong></span> <span class='ocrx_word' id='word_1_36' title='bbox 1267 546 1393 603; x_wconf 71' lang='lat' dir='ltr'><strong>catholici</strong></span> <span class='ocrx_word' id='word_1_37' title='bbox 1411 550 1462 606; x_wconf 85' lang='lat' dir='ltr'>viri</span> <span class='ocrx_word' id='word_1_38' title='bbox 1476 566 1521 608; x_wconf 87' lang='lat' dir='ltr'>res</span> <span class='ocrx_word' id='word_1_39' title='bbox 1541 561 1622 623; x_wconf 86' lang='lat' dir='ltr'>atque</span> <span class='ocrx_word' id='word_1_40' title='bbox 1631 558 1765 628; x_wconf 88' lang='lat' dir='ltr'>mancipia</span> 
     </span>
     <span class='ocr_line' id='line_1_5' title="bbox 140 629 1767 712; baseline 0.014 -32"><span class='ocrx_word' id='word_1_41' title='bbox 140 640 208 705; x_wconf 62' lang='lat' dir='ltr'>guig,</span> <span class='ocrx_word' id='word_1_42' title='bbox 227 639 262 694; x_wconf 58' lang='lat' dir='ltr'>ad</span> <span class='ocrx_word' id='word_1_43' title='bbox 275 639 488 710; x_wconf 61' lang='lat' dir='ltr'>supplementum</span> <span class='ocrx_word' id='word_1_44' title='bbox 509 637 624 694; x_wconf 60' lang='lat' dir='ltr'>fratrum</span> <span class='ocrx_word' id='word_1_45' title='bbox 638 639 666 695; x_wconf 68' lang='lat' dir='ltr'>in</span> <span class='ocrx_word' id='word_1_46' title='bbox 686 637 929 710; x_wconf 50' lang='lat' dir='ltr'>immanendo</span> <span class='ocrx_word' id='word_1_47' title='bbox 977 629 1098 687; x_wconf 85' lang='lat' dir='ltr'>ecciesim</span> <span class='ocrx_word' id='word_1_48' title='bbox 1121 631 1149 687; x_wconf 91' lang='lat' dir='ltr'>in</span> <span class='ocrx_word' id='word_1_49' title='bbox 1170 632 1273 689; x_wconf 88' lang='lat' dir='ltr'>bonore</span> <span class='ocrx_word' id='word_1_50' title='bbox 1298 634 1398 693; x_wconf 84' lang='lat' dir='ltr'>Cbristi</span> <span class='ocrx_word' id='word_1_51' title='bbox 1421 647 1573 712; x_wconf 79' lang='lat' dir='ltr'>martyrum</span> <span class='ocrx_word' id='word_1_52' title='bbox 1590 641 1713 701; x_wconf 84' lang='lat' dir='ltr'>Gerrasii</span> <span class='ocrx_word' id='word_1_53' title='bbox 1738 657 1767 705; x_wconf 88' lang='lat' dir='ltr'>et</span> 
     </span>
     <span class='ocr_line' id='line_1_6' title="bbox 139 720 1763 807; baseline 0.003 -21"><span class='ocrx_word' id='word_1_54' title='bbox 139 730 346 786; x_wconf 83' lang='lat' dir='ltr'>consistentium</span> <span class='ocrx_word' id='word_1_55' title='bbox 366 730 495 796; x_wconf 88' lang='lat' dir='ltr'>reddere;</span> <span class='ocrx_word' id='word_1_56' title='bbox 510 737 591 800; x_wconf 83' lang='lat' dir='ltr'>atque</span> <span class='ocrx_word' id='word_1_57' title='bbox 604 739 635 786; x_wconf 87' lang='lat' dir='ltr'>ut</span> <span class='ocrx_word' id='word_1_58' title='bbox 645 729 784 800; x_wconf 86' lang='lat' dir='ltr'>perpetuis</span> <span class='ocrx_word' id='word_1_59' title='bbox 797 729 927 800; x_wconf 89' lang='lat' dir='ltr'>tempori-</span> <span class='ocrx_word' id='word_1_60' title='bbox 975 720 1093 780; x_wconf 87' lang='lat' dir='ltr'>Protasii</span> <span class='ocrx_word' id='word_1_61' title='bbox 1106 732 1278 792; x_wconf 85' lang='lat' dir='ltr'>constructae,</span> <span class='ocrx_word' id='word_1_62' title='bbox 1298 729 1342 785; x_wconf 93' lang='lat' dir='ltr'>cui</span> <span class='ocrx_word' id='word_1_63' title='bbox 1360 739 1470 787; x_wconf 90' lang='lat' dir='ltr'>auctore</span> <span class='ocrx_word' id='word_1_64' title='bbox 1484 734 1540 790; x_wconf 86' lang='lat' dir='ltr'>ileo</span> <span class='ocrx_word' id='word_1_65' title='bbox 1563 734 1621 805; x_wconf 89' lang='lat' dir='ltr'>ipse</span> <span class='ocrx_word' id='word_1_66' title='bbox 1646 748 1763 807; x_wconf 85' lang='lat' dir='ltr'>praeest,</span> 
     </span>
     <span class='ocr_line' id='line_1_7' title="bbox 138 813 1765 898; baseline 0.005 -23"><span class='ocrx_word' id='word_1_67' title='bbox 138 820 190 875; x_wconf 92' lang='lat' dir='ltr'>bus</span> <span class='ocrx_word' id='word_1_68' title='bbox 202 820 293 889; x_wconf 82' lang='lat' dir='ltr'>quiete</span> <span class='ocrx_word' id='word_1_69' title='bbox 306 819 378 875; x_wconf 89' lang='lat' dir='ltr'>iiiam</span> <span class='ocrx_word' id='word_1_70' title='bbox 391 834 455 890; x_wconf 86' lang='lat' dir='ltr'>para</span> <span class='ocrx_word' id='word_1_71' title='bbox 466 820 588 891; x_wconf 77' lang='lat' dir='ltr'>praedicti</span> <span class='ocrx_word' id='word_1_72' title='bbox 598 820 757 877; x_wconf 88' lang='lat' dir='ltr'>monasterii</span> <span class='ocrx_word' id='word_1_73' title='bbox 769 819 870 876; x_wconf 87' lang='lat' dir='ltr'>babere</span> <span class='ocrx_word' id='word_1_74' title='bbox 884 835 928 876; x_wconf 84' lang='lat' dir='ltr'>ra·</span> <span class='ocrx_word' id='word_1_75' title='bbox 976 813 1156 881; x_wconf 68' lang='lat' dir='ltr'>contulerant,</span> <span class='ocrx_word' id='word_1_76' title='bbox 1165 815 1230 871; x_wconf 92' lang='lat' dir='ltr'>oiim</span> <span class='ocrx_word' id='word_1_77' title='bbox 1241 827 1335 875; x_wconf 83' lang='lat' dir='ltr'>exusta</span> <span class='ocrx_word' id='word_1_78' title='bbox 1350 820 1392 876; x_wconf 83' lang='lat' dir='ltr'>rei</span> <span class='ocrx_word' id='word_1_79' title='bbox 1403 833 1574 879; x_wconf 85' lang='lat' dir='ltr'>concremata</span> <span class='ocrx_word' id='word_1_80' title='bbox 1585 823 1702 892; x_wconf 89' lang='lat' dir='ltr'>iueriut;</span> <span class='ocrx_word' id='word_1_81' title='bbox 1715 844 1765 898; x_wconf 89' lang='lat' dir='ltr'>per</span> 
     </span>
     <span class='ocr_line' id='line_1_8' title="bbox 138 906 1765 994; baseline 0.014 -28"><span class='ocrx_word' id='word_1_82' title='bbox 138 909 203 976; x_wconf 91' lang='lat' dir='ltr'>ieat,</span> <span class='ocrx_word' id='word_1_83' title='bbox 216 927 264 994; x_wconf 68' lang='lat' dir='ltr'>per</span> <span class='ocrx_word' id='word_1_84' title='bbox 275 910 325 968; x_wconf 87' lang='lat' dir='ltr'>bas</span> <span class='ocrx_word' id='word_1_85' title='bbox 339 921 437 968; x_wconf 72' lang='lat' dir='ltr'>nostra&gt;</span> <span class='ocrx_word' id='word_1_86' title='bbox 449 914 620 969; x_wconf 78' lang='lat' dir='ltr'>auctoritatis</span> <span class='ocrx_word' id='word_1_87' title='bbox 634 913 740 970; x_wconf 89' lang='lat' dir='ltr'>litteras</span> <span class='ocrx_word' id='word_1_88' title='bbox 749 914 923 982; x_wconf 74' lang='lat' dir='ltr'>confirmare,</span> <span class='ocrx_word' id='word_1_89' title='bbox 975 919 1044 974; x_wconf 70' lang='lat' dir='ltr'>(1¹¹²ss</span> <span class='ocrx_word' id='word_1_90' title='bbox 1058 906 1140 962; x_wconf 60' lang='lat' dir='ltr'>eiiam</span> <span class='ocrx_word' id='word_1_91' title='bbox 1168 911 1346 968; x_wconf 65' lang='lat' dir='ltr'>²¹¹⁰i⁰iii²i⁶⁹</span> <span class='ocrx_word' id='word_1_92' title='bbox 1362 927 1416 968; x_wconf 76' lang='lat'>¹²⁰⁰</span> <span class='ocrx_word' id='word_1_93' title='bbox 1442 914 1529 971; x_wconf 62' lang='lat' dir='ltr'><strong>”lum</strong></span> <span class='ocrx_word' id='word_1_94' title='bbox 1552 917 1765 987; x_wconf 53' lang='lat' dir='ltr'>wdecim&amp;</span> 
     </span>
     <span class='ocr_line' id='line_1_9' title="bbox 137 995 1763 1081; baseline 0.011 -26"><span class='ocrx_word' id='word_1_95' title='bbox 137 999 254 1056; x_wconf 81' lang='lat' dir='ltr'>Proinde</span> <span class='ocrx_word' id='word_1_96' title='bbox 275 1003 327 1056; x_wconf 90' lang='lat' dir='ltr'>boc</span> <span class='ocrx_word' id='word_1_97' title='bbox 340 1008 504 1072; x_wconf 84' lang='lat' dir='ltr'>praeceptum</span> <span class='ocrx_word' id='word_1_98' title='bbox 517 1011 637 1058; x_wconf 88' lang='lat' dir='ltr'>nostrum</span> <span class='ocrx_word' id='word_1_99' title='bbox 650 1001 709 1058; x_wconf 87' lang='lat' dir='ltr'>lieri</span> <span class='ocrx_word' id='word_1_100' title='bbox 730 1001 770 1059; x_wconf 80' lang='lat' dir='ltr'>cis</span> <span class='ocrx_word' id='word_1_101' title='bbox 783 1002 924 1074; x_wconf 82' lang='lat' dir='ltr'>jussimus,</span> <span class='ocrx_word' id='word_1_102' title='bbox 975 995 1027 1063; x_wconf 69' lang='lat'>⁸1¹5·</span> <span class='ocrx_word' id='word_1_103' title='bbox 1043 1004 1160 1053; x_wconf 67' lang='grc' dir='ltr'>ῐθῦῑθῐθθ</span> <span class='ocrx_word' id='word_1_104' title='bbox 1173 999 1298 1057; x_wconf 53' lang='lat' dir='ltr'>videlic&amp;</span> <span class='ocrx_word' id='word_1_105' title='bbox 1312 1002 1396 1074; x_wconf 68' lang='lat' dir='ltr'>ipsius</span> <span class='ocrx_word' id='word_1_106' title='bbox 1409 1005 1540 1072; x_wconf 61' lang='lat' dir='ltr'>ecclffliaes</span> <span class='ocrx_word' id='word_1_107' title='bbox 1552 1008 1599 1063; x_wconf 68' lang='lat' dir='ltr'>sed</span> <span class='ocrx_word' id='word_1_108' title='bbox 1610 1008 1693 1063; x_wconf 67' lang='lat' dir='ltr'>eiiam</span> <span class='ocrx_word' id='word_1_109' title='bbox 1707 1009 1763 1081; x_wconf 62' lang='lat' dir='ltr'>illie</span> 
     </span>
     <span class='ocr_line' id='line_1_10' title="bbox 136 1084 1763 1167; baseline 0.012 -23"><span class='ocrx_word' id='word_1_110' title='bbox 136 1103 187 1160; x_wconf 81' lang='lat' dir='ltr'>per</span> <span class='ocrx_word' id='word_1_111' title='bbox 201 1091 272 1160; x_wconf 82' lang='lat' dir='ltr'>quon</span> <span class='ocrx_word' id='word_1_112' title='bbox 283 1090 387 1145; x_wconf 78' lang='lat' dir='ltr'>nunctis</span> <span class='ocrx_word' id='word_1_113' title='bbox 399 1090 522 1146; x_wconf 80' lang='lat' dir='ltr'>nucibus</span> <span class='ocrx_word' id='word_1_114' title='bbox 535 1099 636 1149; x_wconf 74' lang='lat' dir='ltr'>uncta</span> <span class='ocrx_word' id='word_1_115' title='bbox 651 1091 704 1146; x_wconf 32' lang='lat' dir='ltr'>net,</span> <span class='ocrx_word' id='word_1_116' title='bbox 717 1091 839 1148; x_wconf 72' lang='lat' dir='ltr'>sectata</span> <span class='ocrx_word' id='word_1_117' title='bbox 855 1106 926 1163; x_wconf 78' lang='lat' dir='ltr'>pra·</span> <span class='ocrx_word' id='word_1_118' title='bbox 975 1084 1180 1157; x_wconf 78' lang='lat' dir='ltr'>inpostmodum</span> <span class='ocrx_word' id='word_1_119' title='bbox 1195 1090 1303 1147; x_wconf 80' lang='lat' dir='ltr'>easdem</span> <span class='ocrx_word' id='word_1_120' title='bbox 1324 1107 1369 1147; x_wconf 77' lang='lat' dir='ltr'>ros</span> <span class='ocrx_word' id='word_1_121' title='bbox 1381 1093 1423 1149; x_wconf 84' lang='lat' dir='ltr'>vel</span> <span class='ocrx_word' id='word_1_122' title='bbox 1436 1094 1581 1166; x_wconf 82' lang='lat' dir='ltr'>mancipia,</span> <span class='ocrx_word' id='word_1_123' title='bbox 1599 1111 1660 1167; x_wconf 76' lang='lat' dir='ltr'>oua</span> <span class='ocrx_word' id='word_1_124' title='bbox 1672 1096 1699 1151; x_wconf 87' lang='lat' dir='ltr'>in</span> <span class='ocrx_word' id='word_1_125' title='bbox 1710 1097 1763 1152; x_wconf 71' lang='lat' dir='ltr'>aa</span> 
     </span>
     <span class='ocr_line' id='line_1_11' title="bbox 137 1174 1764 1258; baseline 0.006 -24"><span class='ocrx_word' id='word_1_126' title='bbox 137 1179 260 1234; x_wconf 78' lang='lat' dir='ltr'>sentibus</span> <span class='ocrx_word' id='word_1_127' title='bbox 281 1187 308 1233; x_wconf 89' lang='lat' dir='ltr'>et</span> <span class='ocrx_word' id='word_1_128' title='bbox 329 1177 426 1236; x_wconf 86' lang='lat' dir='ltr'>tuturis</span> <span class='ocrx_word' id='word_1_129' title='bbox 451 1190 545 1236; x_wconf 90' lang='lat' dir='ltr'>notum</span> <span class='ocrx_word' id='word_1_130' title='bbox 572 1179 697 1247; x_wconf 88' lang='lat' dir='ltr'>iacimus,</span> <span class='ocrx_word' id='word_1_131' title='bbox 721 1189 752 1236; x_wconf 90' lang='lat' dir='ltr'>ut</span> <span class='ocrx_word' id='word_1_132' title='bbox 766 1181 924 1252; x_wconf 72' lang='lat' dir='ltr'>predictam</span> <span class='ocrx_word' id='word_1_133' title='bbox 975 1174 1764 1258; x_wconf 71' lang='lat' dir='ltr'>denquecausaturumserunensis,1usteettrgattar</span> 
     </span>
     <span class='ocr_line' id='line_1_12' title="bbox 137 1269 1761 1346; baseline 0.004 -22"><span class='ocrx_word' id='word_1_134' title='bbox 137 1270 228 1335; x_wconf 79' lang='lat' dir='ltr'>sillam</span> <span class='ocrx_word' id='word_1_135' title='bbox 242 1285 303 1324; x_wconf 91' lang='lat' dir='ltr'>cum</span> <span class='ocrx_word' id='word_1_136' title='bbox 318 1269 442 1326; x_wconf 89' lang='lat' dir='ltr'>omnibus</span> <span class='ocrx_word' id='word_1_137' title='bbox 456 1272 618 1342; x_wconf 77' lang='lat' dir='ltr'>appenditiis</span> <span class='ocrx_word' id='word_1_138' title='bbox 632 1272 689 1328; x_wconf 88' lang='lat' dir='ltr'>suis</span> <span class='ocrx_word' id='word_1_139' title='bbox 700 1272 742 1328; x_wconf 84' lang='lat' dir='ltr'>uel</span> <span class='ocrx_word' id='word_1_140' title='bbox 753 1269 923 1345; x_wconf 77' lang='lat' dir='ltr'>adjacentiis,</span> <span class='ocrx_word' id='word_1_141' title='bbox 974 1272 1003 1319; x_wconf 71' lang='lat' dir='ltr'>ei</span> <span class='ocrx_word' id='word_1_142' title='bbox 1015 1280 1110 1323; x_wconf 76' lang='lat' dir='ltr'>secure</span> <span class='ocrx_word' id='word_1_143' title='bbox 1128 1284 1161 1324; x_wconf 83' lang='lat' dir='ltr'>ac</span> <span class='ocrx_word' id='word_1_144' title='bbox 1177 1271 1267 1341; x_wconf 82' lang='lat' dir='ltr'>quiete</span> <span class='ocrx_word' id='word_1_145' title='bbox 1279 1272 1410 1329; x_wconf 89' lang='lat' dir='ltr'>hactenus</span> <span class='ocrx_word' id='word_1_146' title='bbox 1423 1282 1565 1330; x_wconf 89' lang='lat' dir='ltr'>tenuerant</span> <span class='ocrx_word' id='word_1_147' title='bbox 1580 1291 1613 1332; x_wconf 90' lang='lat' dir='ltr'>ac</span> <span class='ocrx_word' id='word_1_148' title='bbox 1637 1278 1761 1346; x_wconf 85' lang='lat' dir='ltr'>possede-</span> 
     </span>
     <span class='ocr_line' id='line_1_13' title="bbox 137 1357 1762 1438; baseline 0.006 -23"><span class='ocrx_word' id='word_1_149' title='bbox 137 1375 199 1416; x_wconf 90' lang='lat' dir='ltr'>cum</span> <span class='ocrx_word' id='word_1_150' title='bbox 212 1359 344 1424; x_wconf 86' lang='lat' dir='ltr'>domibus,</span> <span class='ocrx_word' id='word_1_151' title='bbox 358 1360 490 1429; x_wconf 75' lang='lat' dir='ltr'>adificiis,</span> <span class='ocrx_word' id='word_1_152' title='bbox 506 1362 596 1429; x_wconf 84' lang='lat' dir='ltr'>terris,</span> <span class='ocrx_word' id='word_1_153' title='bbox 614 1362 710 1431; x_wconf 84' lang='lat' dir='ltr'>vineis,</span> <span class='ocrx_word' id='word_1_154' title='bbox 725 1362 822 1432; x_wconf 89' lang='lat' dir='ltr'>pratis,</span> <span class='ocrx_word' id='word_1_155' title='bbox 838 1357 922 1426; x_wconf 84' lang='lat' dir='ltr'>silvis,</span> <span class='ocrx_word' id='word_1_156' title='bbox 975 1358 1257 1430; x_wconf 72' lang='lat' dir='ltr'>r³¹¹1‚ceuiirmitatis</span> <span class='ocrx_word' id='word_1_157' title='bbox 1279 1364 1368 1419; x_wconf 90' lang='lat' dir='ltr'>studio</span> <span class='ocrx_word' id='word_1_158' title='bbox 1390 1365 1528 1438; x_wconf 83' lang='lat' dir='ltr'>serenitati</span> <span class='ocrx_word' id='word_1_159' title='bbox 1542 1374 1640 1422; x_wconf 72' lang='lat' dir='ltr'>nomree</span> <span class='ocrx_word' id='word_1_160' title='bbox 1662 1375 1691 1421; x_wconf 93' lang='lat' dir='ltr'>ut</span> <span class='ocrx_word' id='word_1_161' title='bbox 1702 1383 1762 1424; x_wconf 87' lang='lat' dir='ltr'>eas·</span> 
     </span>
     <span class='ocr_line' id='line_1_14' title="bbox 136 1438 1761 1524; baseline 0.011 -28"><span class='ocrx_word' id='word_1_162' title='bbox 136 1449 255 1522; x_wconf 74' lang='lat' dir='ltr'>pascuis,</span> <span class='ocrx_word' id='word_1_163' title='bbox 275 1450 362 1519; x_wconf 80' lang='lat' dir='ltr'>aquis,</span> <span class='ocrx_word' id='word_1_164' title='bbox 380 1438 512 1521; x_wconf 73' lang='lat' dir='ltr'>aquarn&#39;m</span> <span class='ocrx_word' id='word_1_165' title='bbox 533 1452 702 1518; x_wconf 65' lang='lat' dir='ltr'>decumum,</span> <span class='ocrx_word' id='word_1_166' title='bbox 723 1451 853 1524; x_wconf 71' lang='lat' dir='ltr'>quidquid</span> <span class='ocrx_word' id='word_1_167' title='bbox 872 1451 924 1509; x_wconf 77' lang='lat' dir='ltr'>ibi·</span> <span class='ocrx_word' id='word_1_168' title='bbox 974 1445 1035 1500; x_wconf 91' lang='lat' dir='ltr'>dem</span> <span class='ocrx_word' id='word_1_169' title='bbox 1048 1448 1223 1504; x_wconf 88' lang='lat' dir='ltr'>auctoritates</span> <span class='ocrx_word' id='word_1_170' title='bbox 1234 1458 1326 1507; x_wconf 90' lang='lat' dir='ltr'>nostra</span> <span class='ocrx_word' id='word_1_171' title='bbox 1342 1452 1513 1509; x_wconf 89' lang='lat' dir='ltr'>tirmaremus</span> <span class='ocrx_word' id='word_1_172' title='bbox 1523 1455 1694 1510; x_wconf 87' lang='lat' dir='ltr'>auctoritate.</span> <span class='ocrx_word' id='word_1_173' title='bbox 1705 1455 1761 1515; x_wconf 86' lang='lat' dir='ltr'>lios</span> 
     </span>
     <span class='ocr_line' id='line_1_15' title="bbox 136 1533 1762 1615; baseline 0.011 -19"><span class='ocrx_word' id='word_1_174' title='bbox 136 1538 197 1596; x_wconf 88' lang='lat' dir='ltr'>dem</span> <span class='ocrx_word' id='word_1_175' title='bbox 218 1542 278 1612; x_wconf 85' lang='lat' dir='ltr'>jure</span> <span class='ocrx_word' id='word_1_176' title='bbox 298 1540 434 1608; x_wconf 89' lang='lat' dir='ltr'>pertinere</span> <span class='ocrx_word' id='word_1_177' title='bbox 450 1540 565 1606; x_wconf 87' lang='lat' dir='ltr'>ridetur,</span> <span class='ocrx_word' id='word_1_178' title='bbox 584 1548 672 1597; x_wconf 90' lang='lat' dir='ltr'>totum</span> <span class='ocrx_word' id='word_1_179' title='bbox 685 1548 713 1598; x_wconf 89' lang='lat' dir='ltr'>et</span> <span class='ocrx_word' id='word_1_180' title='bbox 730 1541 866 1612; x_wconf 87' lang='lat' dir='ltr'>integrum</span> <span class='ocrx_word' id='word_1_181' title='bbox 880 1540 922 1597; x_wconf 83' lang='lat' dir='ltr'>rel</span> <span class='ocrx_word' id='word_1_182' title='bbox 974 1533 1064 1605; x_wconf 87' lang='lat' dir='ltr'>itaque</span> <span class='ocrx_word' id='word_1_183' title='bbox 1091 1539 1240 1608; x_wconf 89' lang='lat' dir='ltr'>perspectis</span> <span class='ocrx_word' id='word_1_184' title='bbox 1263 1541 1364 1597; x_wconf 63' lang='lat' dir='ltr'>eissdssm</span> <span class='ocrx_word' id='word_1_185' title='bbox 1386 1544 1609 1611; x_wconf 62' lang='lat' dir='ltr'>fllssiffliissfibusn</span> <span class='ocrx_word' id='word_1_186' title='bbox 1625 1559 1675 1615; x_wconf 91' lang='lat' dir='ltr'>pro</span> <span class='ocrx_word' id='word_1_187' title='bbox 1690 1562 1762 1603; x_wconf 69' lang='lat'><strong>1²0¹·-</strong></span> 
     </span>
     <span class='ocr_line' id='line_1_16' title="bbox 137 1625 1807 1706; baseline 0.007 -22"><span class='ocrx_word' id='word_1_188' title='bbox 137 1627 328 1699; x_wconf 84' lang='lat' dir='ltr'>inexquisitum</span> <span class='ocrx_word' id='word_1_189' title='bbox 354 1644 404 1700; x_wconf 91' lang='lat' dir='ltr'>per</span> <span class='ocrx_word' id='word_1_190' title='bbox 430 1630 501 1685; x_wconf 89' lang='lat' dir='ltr'>banc</span> <span class='ocrx_word' id='word_1_191' title='bbox 527 1637 649 1687; x_wconf 80' lang='lat' dir='ltr'>nosuam</span> <span class='ocrx_word' id='word_1_192' title='bbox 676 1631 864 1686; x_wconf 90' lang='lat' dir='ltr'>auctoritatem</span> <span class='ocrx_word' id='word_1_193' title='bbox 888 1630 923 1686; x_wconf 86' lang='lat' dir='ltr'>ad</span> <span class='ocrx_word' id='word_1_194' title='bbox 974 1625 1048 1681; x_wconf 70' lang='lat' dir='ltr'>cedis</span> <span class='ocrx_word' id='word_1_195' title='bbox 1072 1635 1172 1685; x_wconf 68' lang='lat' dir='ltr'>nostra</span> <span class='ocrx_word' id='word_1_196' title='bbox 1186 1633 1425 1702; x_wconf 70' lang='lat' dir='ltr'>augmentodibuit</span> <span class='ocrx_word' id='word_1_197' title='bbox 1438 1636 1517 1691; x_wconf 91' lang='lat' dir='ltr'>nobis</span> <span class='ocrx_word' id='word_1_198' title='bbox 1530 1636 1637 1706; x_wconf 82' lang='lat' dir='ltr'>praeisti</span> <span class='ocrx_word' id='word_1_199' title='bbox 1649 1653 1762 1698; x_wconf 83' lang='lat' dir='ltr'>uenera-</span> <span class='ocrx_word' id='word_1_200' title='bbox 1803 1652 1807 1657; x_wconf 74' lang='lat'><strong>·</strong></span> 
     </span>
     <span class='ocr_line' id='line_1_17' title="bbox 135 1691 1761 1792; baseline 0.005 -16"><span class='ocrx_word' id='word_1_201' title='bbox 135 1721 224 1792; x_wconf 91' lang='lat' dir='ltr'>ipsum</span> <span class='ocrx_word' id='word_1_202' title='bbox 237 1721 430 1779; x_wconf 84' lang='lat' dir='ltr'>monasterium</span> <span class='ocrx_word' id='word_1_203' title='bbox 443 1728 591 1791; x_wconf 76' lang='lat' dir='ltr'>agnoscant</span> <span class='ocrx_word' id='word_1_204' title='bbox 603 1735 619 1775; x_wconf 91' lang='lat' dir='ltr'>a</span> <span class='ocrx_word' id='word_1_205' title='bbox 631 1720 709 1777; x_wconf 90' lang='lat' dir='ltr'>nobis</span> <span class='ocrx_word' id='word_1_206' title='bbox 718 1736 779 1777; x_wconf 87' lang='lat' dir='ltr'>csse</span> <span class='ocrx_word' id='word_1_207' title='bbox 789 1719 924 1791; x_wconf 82' lang='lat' dir='ltr'>redditum</span> <span class='ocrx_word' id='word_1_208' title='bbox 937 1691 963 1755; x_wconf 72' lang='lat' dir='ltr'>B</span> <span class='ocrx_word' id='word_1_209' title='bbox 974 1714 1036 1772; x_wconf 86' lang='lat' dir='ltr'>biiis</span> <span class='ocrx_word' id='word_1_210' title='bbox 1049 1717 1100 1773; x_wconf 84' lang='lat' dir='ltr'>viri</span> <span class='ocrx_word' id='word_1_211' title='bbox 1112 1719 1285 1789; x_wconf 85' lang='lat' dir='ltr'>petitionibus</span> <span class='ocrx_word' id='word_1_212' title='bbox 1300 1738 1430 1791; x_wconf 90' lang='lat' dir='ltr'>annuere,</span> <span class='ocrx_word' id='word_1_213' title='bbox 1443 1732 1472 1780; x_wconf 89' lang='lat' dir='ltr'>ct</span> <span class='ocrx_word' id='word_1_214' title='bbox 1489 1727 1590 1782; x_wconf 89' lang='lat' dir='ltr'>eisdem</span> <span class='ocrx_word' id='word_1_215' title='bbox 1614 1730 1761 1785; x_wconf 77' lang='lat' dir='ltr'>auctodta-</span> 
     </span>
     <span class='ocr_line' id='line_1_18' title="bbox 137 1803 1760 1884; baseline 0.004 -18"><span class='ocrx_word' id='word_1_216' title='bbox 137 1821 219 1882; x_wconf 87' lang='lat' dir='ltr'>atque</span> <span class='ocrx_word' id='word_1_217' title='bbox 237 1811 438 1867; x_wconf 85' lang='lat' dir='ltr'>confirmatum.</span> <span class='ocrx_word' id='word_1_218' title='bbox 453 1809 645 1882; x_wconf 79' lang='lat' dir='ltr'>Praecipientes</span> <span class='ocrx_word' id='word_1_219' title='bbox 663 1823 728 1881; x_wconf 87' lang='lat' dir='ltr'>ergo</span> <span class='ocrx_word' id='word_1_220' title='bbox 744 1808 871 1879; x_wconf 84' lang='lat' dir='ltr'>jubemus</span> <span class='ocrx_word' id='word_1_221' title='bbox 893 1817 924 1866; x_wconf 90' lang='lat' dir='ltr'>ut</span> <span class='ocrx_word' id='word_1_222' title='bbox 974 1803 1046 1861; x_wconf 83' lang='lat' dir='ltr'>tibus</span> <span class='ocrx_word' id='word_1_223' title='bbox 1062 1806 1133 1864; x_wconf 92' lang='lat' dir='ltr'>banc</span> <span class='ocrx_word' id='word_1_224' title='bbox 1157 1823 1265 1880; x_wconf 78' lang='lat' dir='ltr'>qunque</span> <span class='ocrx_word' id='word_1_225' title='bbox 1279 1819 1398 1868; x_wconf 89' lang='lat' dir='ltr'>nostram</span> <span class='ocrx_word' id='word_1_226' title='bbox 1419 1811 1534 1884; x_wconf 82' lang='lat' dir='ltr'>jungere</span> <span class='ocrx_word' id='word_1_227' title='bbox 1553 1815 1760 1883; x_wconf 85' lang='lat' dir='ltr'>auctoritatem,</span> 
     </span>
     <span class='ocr_line' id='line_1_19' title="bbox 135 1897 1761 1974; baseline 0.004 -19"><span class='ocrx_word' id='word_1_228' title='bbox 135 1900 223 1955; x_wconf 89' lang='lat' dir='ltr'>nuilus</span> <span class='ocrx_word' id='word_1_229' title='bbox 245 1901 358 1970; x_wconf 87' lang='lat' dir='ltr'>quilibet</span> <span class='ocrx_word' id='word_1_230' title='bbox 369 1900 402 1956; x_wconf 91' lang='lat' dir='ltr'>de</span> <span class='ocrx_word' id='word_1_231' title='bbox 419 1899 557 1969; x_wconf 70' lang='lat' dir='ltr'>predictis</span> <span class='ocrx_word' id='word_1_232' title='bbox 570 1901 663 1964; x_wconf 88' lang='lat' dir='ltr'>rebus,</span> <span class='ocrx_word' id='word_1_233' title='bbox 674 1914 744 1970; x_wconf 77' lang='lat' dir='ltr'>guas</span> <span class='ocrx_word' id='word_1_234' title='bbox 765 1900 924 1970; x_wconf 86' lang='lat' dir='ltr'>nobisprae-</span> <span class='ocrx_word' id='word_1_235' title='bbox 971 1910 1111 1968; x_wconf 80' lang='lat' dir='ltr'>perquam</span> <span class='ocrx_word' id='word_1_236' title='bbox 1122 1897 1249 1969; x_wconf 84' lang='lat' dir='ltr'>jubemus</span> <span class='ocrx_word' id='word_1_237' title='bbox 1267 1910 1347 1972; x_wconf 84' lang='lat' dir='ltr'>atque</span> <span class='ocrx_word' id='word_1_238' title='bbox 1368 1903 1539 1974; x_wconf 80' lang='lat' dir='ltr'>praecipimus</span> <span class='ocrx_word' id='word_1_239' title='bbox 1550 1912 1582 1960; x_wconf 86' lang='lat' dir='ltr'>ut</span> <span class='ocrx_word' id='word_1_240' title='bbox 1602 1920 1696 1961; x_wconf 86' lang='lat' dir='ltr'>omues</span> <span class='ocrx_word' id='word_1_241' title='bbox 1716 1921 1761 1963; x_wconf 88' lang='lat' dir='ltr'>res</span> 
     </span>
     <span class='ocr_line' id='line_1_20' title="bbox 136 1984 1761 2061; baseline 0.005 -17"><span class='ocrx_word' id='word_1_242' title='bbox 136 1989 192 2046; x_wconf 85' lang='lat' dir='ltr'>lato</span> <span class='ocrx_word' id='word_1_243' title='bbox 209 1991 373 2045; x_wconf 88' lang='lat' dir='ltr'>monasterio</span> <span class='ocrx_word' id='word_1_244' title='bbox 397 1989 614 2061; x_wconf 79' lang='lat' dir='ltr'>redderentque</span> <span class='ocrx_word' id='word_1_245' title='bbox 635 1987 797 2045; x_wconf 80' lang='lat' dir='ltr'>confirmare</span> <span class='ocrx_word' id='word_1_246' title='bbox 810 1986 921 2059; x_wconf 85' lang='lat' dir='ltr'>placuit,</span> <span class='ocrx_word' id='word_1_247' title='bbox 972 1984 1015 2043; x_wconf 81' lang='lat' dir='ltr'>rel</span> <span class='ocrx_word' id='word_1_248' title='bbox 1036 1987 1192 2060; x_wconf 87' lang='lat' dir='ltr'>mancipia,</span> <span class='ocrx_word' id='word_1_249' title='bbox 1219 2006 1279 2061; x_wconf 88' lang='lat' dir='ltr'>quae</span> <span class='ocrx_word' id='word_1_250' title='bbox 1297 2006 1332 2047; x_wconf 82' lang='lat' dir='ltr'>ea</span> <span class='ocrx_word' id='word_1_251' title='bbox 1354 1992 1513 2049; x_wconf 88' lang='lat' dir='ltr'>libemiitate</span> <span class='ocrx_word' id='word_1_252' title='bbox 1541 1994 1629 2051; x_wconf 88' lang='lat' dir='ltr'>eidem</span> <span class='ocrx_word' id='word_1_253' title='bbox 1650 1996 1761 2055; x_wconf 74' lang='lat' dir='ltr'>coliata</span> 
     </span>
     <span class='ocr_line' id='line_1_21' title="bbox 134 2071 1759 2158; baseline 0.004 -20"><span class='ocrx_word' id='word_1_254' title='bbox 134 2083 237 2152; x_wconf 85' lang='lat' dir='ltr'>aliquid</span> <span class='ocrx_word' id='word_1_255' title='bbox 252 2082 409 2139; x_wconf 86' lang='lat' dir='ltr'>abstrahere</span> <span class='ocrx_word' id='word_1_256' title='bbox 424 2090 471 2138; x_wconf 88' lang='lat' dir='ltr'>aut</span> <span class='ocrx_word' id='word_1_257' title='bbox 484 2080 582 2151; x_wconf 82' lang='lat' dir='ltr'>iniuste</span> <span class='ocrx_word' id='word_1_258' title='bbox 597 2081 730 2148; x_wconf 90' lang='lat' dir='ltr'>minuere,</span> <span class='ocrx_word' id='word_1_259' title='bbox 743 2089 790 2137; x_wconf 89' lang='lat' dir='ltr'>aut</span> <span class='ocrx_word' id='word_1_260' title='bbox 804 2079 923 2152; x_wconf 83' lang='lat' dir='ltr'>aliquam</span> <span class='ocrx_word' id='word_1_261' title='bbox 971 2071 1074 2134; x_wconf 80' lang='lat' dir='ltr'>inerint</span> <span class='ocrx_word' id='word_1_262' title='bbox 1087 2081 1217 2149; x_wconf 76' lang='lat' dir='ltr'>ccclesia,</span> <span class='ocrx_word' id='word_1_263' title='bbox 1232 2083 1333 2139; x_wconf 90' lang='lat' dir='ltr'>nostris</span> <span class='ocrx_word' id='word_1_264' title='bbox 1356 2093 1384 2140; x_wconf 91' lang='lat' dir='ltr'>et</span> <span class='ocrx_word' id='word_1_265' title='bbox 1403 2082 1502 2141; x_wconf 88' lang='lat' dir='ltr'>iuturis</span> <span class='ocrx_word' id='word_1_266' title='bbox 1513 2087 1680 2157; x_wconf 89' lang='lat' dir='ltr'>temporibus</span> <span class='ocrx_word' id='word_1_267' title='bbox 1709 2103 1759 2158; x_wconf 88' lang='lat' dir='ltr'>per</span> 
     </span>
     <span class='ocr_line' id='line_1_22' title="bbox 135 2167 1760 2247; baseline 0.003 -18"><span class='ocrx_word' id='word_1_268' title='bbox 135 2174 356 2230; x_wconf 73' lang='lat' dir='ltr'>contrarietatem</span> <span class='ocrx_word' id='word_1_269' title='bbox 378 2171 477 2238; x_wconf 90' lang='lat' dir='ltr'>iacere,</span> <span class='ocrx_word' id='word_1_270' title='bbox 503 2172 545 2228; x_wconf 85' lang='lat' dir='ltr'>vei</span> <span class='ocrx_word' id='word_1_271' title='bbox 566 2171 701 2243; x_wconf 78' lang='lat' dir='ltr'>injustam</span> <span class='ocrx_word' id='word_1_272' title='bbox 718 2171 923 2228; x_wconf 85' lang='lat' dir='ltr'>resultationem</span> <span class='ocrx_word' id='word_1_273' title='bbox 971 2167 1042 2226; x_wconf 90' lang='lat' dir='ltr'>hanc</span> <span class='ocrx_word' id='word_1_274' title='bbox 1055 2177 1175 2228; x_wconf 91' lang='lat' dir='ltr'>nostram</span> <span class='ocrx_word' id='word_1_275' title='bbox 1186 2173 1376 2231; x_wconf 87' lang='lat' dir='ltr'>auctoritatem</span> <span class='ocrx_word' id='word_1_276' title='bbox 1394 2174 1525 2245; x_wconf 84' lang='lat' dir='ltr'>praetatus</span> <span class='ocrx_word' id='word_1_277' title='bbox 1534 2174 1642 2234; x_wconf 82' lang='lat' dir='ltr'>Franco</span> <span class='ocrx_word' id='word_1_278' title='bbox 1655 2175 1760 2247; x_wconf 74' lang='lat' dir='ltr'>episco</span> 
     </span>
     <span class='ocr_line' id='line_1_23' title="bbox 133 2258 1758 2339; baseline 0.006 -24"><span class='ocrx_word' id='word_1_279' title='bbox 133 2261 234 2318; x_wconf 85' lang='lat' dir='ltr'>inlerre</span> <span class='ocrx_word' id='word_1_280' title='bbox 259 2270 360 2316; x_wconf 81' lang='lat' dir='ltr'>motet:</span> <span class='ocrx_word' id='word_1_281' title='bbox 384 2258 438 2315; x_wconf 89' lang='lat' dir='ltr'>Sed</span> <span class='ocrx_word' id='word_1_282' title='bbox 452 2259 533 2333; x_wconf 75' lang='lat' dir='ltr'>liceat</span> <span class='ocrx_word' id='word_1_283' title='bbox 550 2260 623 2331; x_wconf 91' lang='lat' dir='ltr'>ipsas</span> <span class='ocrx_word' id='word_1_284' title='bbox 636 2274 681 2316; x_wconf 88' lang='lat' dir='ltr'>res</span> <span class='ocrx_word' id='word_1_285' title='bbox 697 2266 863 2316; x_wconf 87' lang='lat' dir='ltr'>memoratas</span> <span class='ocrx_word' id='word_1_286' title='bbox 876 2273 922 2317; x_wconf 86' lang='lat' dir='ltr'>ec·</span> <span class='ocrx_word' id='word_1_287' title='bbox 970 2277 1021 2336; x_wconf 86' lang='lat' dir='ltr'>pas</span> <span class='ocrx_word' id='word_1_288' title='bbox 1031 2278 1254 2338; x_wconf 81' lang='lat' dir='ltr'>successoresque</span> <span class='ocrx_word' id='word_1_289' title='bbox 1266 2268 1309 2324; x_wconf 89' lang='lat' dir='ltr'>sui</span> <span class='ocrx_word' id='word_1_290' title='bbox 1324 2268 1426 2338; x_wconf 83' lang='lat' dir='ltr'>absque</span> <span class='ocrx_word' id='word_1_291' title='bbox 1440 2268 1496 2325; x_wconf 90' lang='lat' dir='ltr'>ulia</span> <span class='ocrx_word' id='word_1_292' title='bbox 1510 2269 1697 2339; x_wconf 83' lang='lat' dir='ltr'>inquietudine</span> <span class='ocrx_word' id='word_1_293' title='bbox 1717 2269 1758 2327; x_wconf 83' lang='lat' dir='ltr'>rei</span> 
     </span>
     <span class='ocr_line' id='line_1_24' title="bbox 133 2345 1760 2427; baseline 0.004 -20"><span class='ocrx_word' id='word_1_294' title='bbox 133 2351 224 2407; x_wconf 82' lang='lat' dir='ltr'>elesino</span> <span class='ocrx_word' id='word_1_295' title='bbox 237 2351 385 2420; x_wconf 87' lang='lat' dir='ltr'>possidere,</span> <span class='ocrx_word' id='word_1_296' title='bbox 400 2359 482 2420; x_wconf 83' lang='lat' dir='ltr'>atquc</span> <span class='ocrx_word' id='word_1_297' title='bbox 497 2363 547 2419; x_wconf 92' lang='lat' dir='ltr'>pro</span> <span class='ocrx_word' id='word_1_298' title='bbox 565 2348 692 2408; x_wconf 90' lang='lat' dir='ltr'>omnibus</span> <span class='ocrx_word' id='word_1_299' title='bbox 711 2347 876 2418; x_wconf 74' lang='lat' dir='ltr'>temporibus</span> <span class='ocrx_word' id='word_1_300' title='bbox 888 2345 922 2403; x_wconf 87' lang='lat' dir='ltr'>ad</span> <span class='ocrx_word' id='word_1_301' title='bbox 970 2352 1071 2422; x_wconf 85' lang='lat' dir='ltr'>injusta</span> <span class='ocrx_word' id='word_1_302' title='bbox 1089 2354 1305 2426; x_wconf 81' lang='lat' dir='ltr'>interpellatione</span> <span class='ocrx_word' id='word_1_303' title='bbox 1324 2357 1415 2427; x_wconf 81' lang='lat' dir='ltr'>quiete</span> <span class='ocrx_word' id='word_1_304' title='bbox 1430 2364 1459 2413; x_wconf 88' lang='lat' dir='ltr'>et</span> <span class='ocrx_word' id='word_1_305' title='bbox 1485 2370 1581 2413; x_wconf 84' lang='lat' dir='ltr'>secure</span> <span class='ocrx_word' id='word_1_306' title='bbox 1604 2357 1760 2413; x_wconf 85' lang='lat' dir='ltr'>babercuei</span> 
     </span>
     <span class='ocr_line' id='line_1_25' title="bbox 133 2433 1759 2514; baseline 0.004 -19"><span class='ocrx_word' id='word_1_307' title='bbox 133 2440 297 2510; x_wconf 86' lang='lat' dir='ltr'>stipendium</span> <span class='ocrx_word' id='word_1_308' title='bbox 319 2438 434 2492; x_wconf 88' lang='lat' dir='ltr'>iratrnm</span> <span class='ocrx_word' id='word_1_309' title='bbox 452 2435 550 2493; x_wconf 88' lang='lat' dir='ltr'>ibidem</span> <span class='ocrx_word' id='word_1_310' title='bbox 571 2437 629 2493; x_wconf 82' lang='lat' dir='ltr'>lieo</span> <span class='ocrx_word' id='word_1_311' title='bbox 642 2434 830 2493; x_wconf 77' lang='lat' dir='ltr'>famulantium</span> <span class='ocrx_word' id='word_1_312' title='bbox 843 2433 923 2505; x_wconf 89' lang='lat' dir='ltr'>proii-</span> <span class='ocrx_word' id='word_1_313' title='bbox 970 2444 1109 2514; x_wconf 86' lang='lat' dir='ltr'>possidere</span> <span class='ocrx_word' id='word_1_314' title='bbox 1119 2443 1235 2501; x_wconf 85' lang='lat' dir='ltr'>ualeant.</span> <span class='ocrx_word' id='word_1_315' title='bbox 1246 2445 1324 2513; x_wconf 82' lang='lat' dir='ltr'>Quod</span> <span class='ocrx_word' id='word_1_316' title='bbox 1334 2445 1358 2501; x_wconf 89' lang='lat' dir='ltr'>si</span> <span class='ocrx_word' id='word_1_317' title='bbox 1370 2444 1440 2501; x_wconf 89' lang='lat' dir='ltr'>iorte</span> <span class='ocrx_word' id='word_1_318' title='bbox 1459 2460 1539 2514; x_wconf 90' lang='lat' dir='ltr'>super</span> <span class='ocrx_word' id='word_1_319' title='bbox 1552 2445 1655 2501; x_wconf 88' lang='lat' dir='ltr'>eisdem</span> <span class='ocrx_word' id='word_1_320' title='bbox 1677 2446 1759 2501; x_wconf 89' lang='lat' dir='ltr'>rebus</span> 
     </span>
     <span class='ocr_line' id='line_1_26' title="bbox 134 2524 1760 2606; baseline 0.002 -18"><span class='ocrx_word' id='word_1_321' title='bbox 134 2541 206 2582; x_wconf 77' lang='lat' dir='ltr'>cere·</span> <span class='ocrx_word' id='word_1_322' title='bbox 227 2526 261 2580; x_wconf 83' lang='lat' dir='ltr'>Et</span> <span class='ocrx_word' id='word_1_323' title='bbox 282 2524 370 2581; x_wconf 76' lang='lat' dir='ltr'>nulius</span> <span class='ocrx_word' id='word_1_324' title='bbox 381 2540 440 2580; x_wconf 68' lang='lat' dir='ltr'>eam</span> <span class='ocrx_word' id='word_1_325' title='bbox 456 2524 525 2598; x_wconf 74' lang='lat'><strong>[0³⁵]</strong></span> <span class='ocrx_word' id='word_1_326' title='bbox 540 2525 639 2581; x_wconf 72' lang='lat' dir='ltr'>exinde</span> <span class='ocrx_word' id='word_1_327' title='bbox 651 2524 706 2580; x_wconf 72' lang='lat'>⁰¹¹0</span> <span class='ocrx_word' id='word_1_328' title='bbox 718 2538 837 2595; x_wconf 66' lang='lat' dir='ltr'>undum</span> <span class='ocrx_word' id='word_1_329' title='bbox 855 2530 922 2579; x_wconf 69' lang='lat' dir='ltr'>iem·</span> <span class='ocrx_word' id='word_1_330' title='bbox 970 2540 1033 2588; x_wconf 86' lang='lat' dir='ltr'>ante</span> <span class='ocrx_word' id='word_1_331' title='bbox 1047 2531 1188 2604; x_wconf 84' lang='lat' dir='ltr'>praeiatam</span> <span class='ocrx_word' id='word_1_332' title='bbox 1200 2535 1394 2591; x_wconf 84' lang='lat' dir='ltr'>exustionema</span> <span class='ocrx_word' id='word_1_333' title='bbox 1411 2534 1529 2606; x_wconf 71' lang='lat' dir='ltr'>praelatis</span> <span class='ocrx_word' id='word_1_334' title='bbox 1543 2534 1628 2604; x_wconf 90' lang='lat' dir='ltr'>ipsius</span> <span class='ocrx_word' id='word_1_335' title='bbox 1640 2533 1760 2591; x_wconf 76' lang='lat' dir='ltr'>diritatis</span> 
     </span>
     <span class='ocr_line' id='line_1_27' title="bbox 132 2616 1759 2694; baseline 0.002 -20"><span class='ocrx_word' id='word_1_336' title='bbox 132 2636 199 2692; x_wconf 88' lang='lat' dir='ltr'>pore</span> <span class='ocrx_word' id='word_1_337' title='bbox 222 2621 379 2676; x_wconf 83' lang='lat' dir='ltr'>abstrahere</span> <span class='ocrx_word' id='word_1_338' title='bbox 398 2620 509 2685; x_wconf 86' lang='lat' dir='ltr'>nitatur,</span> <span class='ocrx_word' id='word_1_339' title='bbox 534 2620 558 2675; x_wconf 92' lang='lat' dir='ltr'>si</span> <span class='ocrx_word' id='word_1_340' title='bbox 576 2617 720 2675; x_wconf 84' lang='lat' dir='ltr'>bominum</span> <span class='ocrx_word' id='word_1_341' title='bbox 739 2617 798 2673; x_wconf 83' lang='lat' dir='ltr'>vult</span> <span class='ocrx_word' id='word_1_342' title='bbox 821 2616 922 2674; x_wconf 87' lang='lat' dir='ltr'>babere</span> <span class='ocrx_word' id='word_1_343' title='bbox 966 2617 1029 2692; x_wconf 76' lang='lat' dir='ltr'>lure</span> <span class='ocrx_word' id='word_1_344' title='bbox 1039 2623 1174 2693; x_wconf 86' lang='lat' dir='ltr'>possessis</span> <span class='ocrx_word' id='word_1_345' title='bbox 1185 2623 1299 2693; x_wconf 77' lang='lat' dir='ltr'>questio</span> <span class='ocrx_word' id='word_1_346' title='bbox 1312 2629 1373 2679; x_wconf 88' lang='lat' dir='ltr'>orta</span> <span class='ocrx_word' id='word_1_347' title='bbox 1397 2621 1495 2688; x_wconf 90' lang='lat' dir='ltr'>inerit,</span> <span class='ocrx_word' id='word_1_348' title='bbox 1516 2630 1547 2678; x_wconf 91' lang='lat' dir='ltr'>ut</span> <span class='ocrx_word' id='word_1_349' title='bbox 1559 2635 1609 2694; x_wconf 89' lang='lat' dir='ltr'>pro</span> <span class='ocrx_word' id='word_1_350' title='bbox 1623 2621 1759 2677; x_wconf 87' lang='lat' dir='ltr'>eisdiscc·</span> 
     </span>
     <span class='ocr_line' id='line_1_28' title="bbox 132 2705 1761 2783; baseline 0.001 -17"><span class='ocrx_word' id='word_1_351' title='bbox 132 2711 289 2783; x_wconf 90' lang='lat' dir='ltr'>propitium.</span> <span class='ocrx_word' id='word_1_352' title='bbox 312 2709 407 2765; x_wconf 90' lang='lat' dir='ltr'>Nullus</span> <span class='ocrx_word' id='word_1_353' title='bbox 430 2724 549 2780; x_wconf 81' lang='lat' dir='ltr'>unquam</span> <span class='ocrx_word' id='word_1_354' title='bbox 564 2705 648 2776; x_wconf 83' lang='lat' dir='ltr'>iudex</span> <span class='ocrx_word' id='word_1_355' title='bbox 667 2707 792 2780; x_wconf 89' lang='lat' dir='ltr'>publicus</span> <span class='ocrx_word' id='word_1_356' title='bbox 811 2706 840 2761; x_wconf 92' lang='lat' dir='ltr'>in</span> <span class='ocrx_word' id='word_1_357' title='bbox 853 2721 922 2778; x_wconf 77' lang='lat' dir='ltr'>prae·</span> <span class='ocrx_word' id='word_1_358' title='bbox 969 2717 1046 2783; x_wconf 89' lang='lat' dir='ltr'>ptare</span> <span class='ocrx_word' id='word_1_359' title='bbox 1059 2726 1171 2768; x_wconf 85' lang='lat' dir='ltr'>necesse</span> <span class='ocrx_word' id='word_1_360' title='bbox 1186 2714 1241 2780; x_wconf 86' lang='lat' dir='ltr'>sit;</span> <span class='ocrx_word' id='word_1_361' title='bbox 1266 2713 1304 2768; x_wconf 91' lang='lat' dir='ltr'>ita</span> <span class='ocrx_word' id='word_1_362' title='bbox 1314 2726 1365 2783; x_wconf 90' lang='lat' dir='ltr'>per</span> <span class='ocrx_word' id='word_1_363' title='bbox 1389 2712 1461 2769; x_wconf 89' lang='lat' dir='ltr'>banc</span> <span class='ocrx_word' id='word_1_364' title='bbox 1481 2720 1601 2768; x_wconf 88' lang='lat' dir='ltr'>nostram</span> <span class='ocrx_word' id='word_1_365' title='bbox 1615 2713 1761 2769; x_wconf 74' lang='lat' dir='ltr'>auctorita·</span> 
     </span>
     <span class='ocr_line' id='line_1_29' title="bbox 131 2798 1760 2875; baseline -0.009 -15"><span class='ocrx_word' id='word_1_366' title='bbox 131 2804 210 2860; x_wconf 89' lang='lat' dir='ltr'>dictis</span> <span class='ocrx_word' id='word_1_367' title='bbox 221 2804 302 2859; x_wconf 92' lang='lat' dir='ltr'>rebus</span> <span class='ocrx_word' id='word_1_368' title='bbox 313 2804 346 2858; x_wconf 85' lang='lat' dir='ltr'>ad</span> <span class='ocrx_word' id='word_1_369' title='bbox 357 2817 453 2858; x_wconf 88' lang='lat' dir='ltr'>causas</span> <span class='ocrx_word' id='word_1_370' title='bbox 466 2799 623 2866; x_wconf 83' lang='lat' dir='ltr'>audiendas,</span> <span class='ocrx_word' id='word_1_371' title='bbox 636 2800 679 2856; x_wconf 87' lang='lat' dir='ltr'>vel</span> <span class='ocrx_word' id='word_1_372' title='bbox 689 2799 765 2856; x_wconf 87' lang='lat' dir='ltr'>ireda</span> <span class='ocrx_word' id='word_1_373' title='bbox 777 2798 919 2871; x_wconf 85' lang='lat' dir='ltr'>exigenda,</span> <span class='ocrx_word' id='word_1_374' title='bbox 970 2813 1025 2862; x_wconf 67' lang='lat' dir='ltr'>tom</span> <span class='ocrx_word' id='word_1_375' title='bbox 1041 2802 1149 2862; x_wconf 57' lang='lat' dir='ltr'>andem</span> <span class='ocrx_word' id='word_1_376' title='bbox 1164 2818 1209 2859; x_wconf 73' lang='lat' dir='ltr'>res</span> <span class='ocrx_word' id='word_1_377' title='bbox 1220 2810 1250 2860; x_wconf 76' lang='lat' dir='ltr'>er</span> <span class='ocrx_word' id='word_1_378' title='bbox 1273 2804 1406 2874; x_wconf 70' lang='lat' dir='ltr'>mancipia</span> <span class='ocrx_word' id='word_1_379' title='bbox 1419 2802 1504 2875; x_wconf 68' lang='lat' dir='ltr'>ipsius</span> <span class='ocrx_word' id='word_1_380' title='bbox 1531 2802 1652 2858; x_wconf 54' lang='lat' dir='ltr'>ecelesia</span> <span class='ocrx_word' id='word_1_381' title='bbox 1667 2800 1760 2857; x_wconf 54' lang='lat' dir='ltr'>ason.</span> 
     </span>
     <span class='ocr_line' id='line_1_30' title="bbox 132 2887 1760 2965; baseline -0.001 -16"><span class='ocrx_word' id='word_1_382' title='bbox 132 2902 179 2949; x_wconf 87' lang='lat' dir='ltr'>aut</span> <span class='ocrx_word' id='word_1_383' title='bbox 193 2894 348 2949; x_wconf 87' lang='lat' dir='ltr'>mansiones</span> <span class='ocrx_word' id='word_1_384' title='bbox 358 2892 401 2948; x_wconf 86' lang='lat' dir='ltr'>rel</span> <span class='ocrx_word' id='word_1_385' title='bbox 412 2899 521 2963; x_wconf 87' lang='lat' dir='ltr'>paratas</span> <span class='ocrx_word' id='word_1_386' title='bbox 534 2889 681 2957; x_wconf 88' lang='lat' dir='ltr'>iaciendas,</span> <span class='ocrx_word' id='word_1_387' title='bbox 696 2889 739 2945; x_wconf 85' lang='lat' dir='ltr'>rei</span> <span class='ocrx_word' id='word_1_388' title='bbox 749 2887 920 2957; x_wconf 82' lang='lat' dir='ltr'>fidejussores</span> <span class='ocrx_word' id='word_1_389' title='bbox 969 2894 1076 2959; x_wconf 72' lang='lat' dir='ltr'>dantum</span> <span class='ocrx_word' id='word_1_390' title='bbox 1094 2893 1173 2950; x_wconf 91' lang='lat' dir='ltr'>sicuti</span> <span class='ocrx_word' id='word_1_391' title='bbox 1184 2907 1232 2965; x_wconf 89' lang='lat' dir='ltr'>per</span> <span class='ocrx_word' id='word_1_392' title='bbox 1248 2894 1343 2951; x_wconf 90' lang='lat' dir='ltr'>eadem</span> <span class='ocrx_word' id='word_1_393' title='bbox 1356 2901 1523 2957; x_wconf 85' lang='lat' dir='ltr'>strumenta,</span> <span class='ocrx_word' id='word_1_394' title='bbox 1542 2894 1566 2948; x_wconf 91' lang='lat' dir='ltr'>si</span> <span class='ocrx_word' id='word_1_395' title='bbox 1582 2892 1637 2964; x_wconf 86' lang='lat' dir='ltr'>igni</span> <span class='ocrx_word' id='word_1_396' title='bbox 1657 2907 1760 2948; x_wconf 90' lang='lat' dir='ltr'>assum·</span> 
     </span>
     <span class='ocr_line' id='line_1_31' title="bbox 132 2979 1759 3091; baseline -0.002 -52"><span class='ocrx_word' id='word_1_397' title='bbox 132 2984 274 3048; x_wconf 87' lang='lat' dir='ltr'>tollendos,</span> <span class='ocrx_word' id='word_1_398' title='bbox 291 2983 470 3039; x_wconf 90' lang='lat' dir='ltr'>autbomines</span> <span class='ocrx_word' id='word_1_399' title='bbox 484 2981 569 3053; x_wconf 92' lang='lat' dir='ltr'>ipsius</span> <span class='ocrx_word' id='word_1_400' title='bbox 578 2981 699 3038; x_wconf 83' lang='lat' dir='ltr'>ecclesiae</span> <span class='ocrx_word' id='word_1_401' title='bbox 711 2979 917 3054; x_wconf 90' lang='lat' dir='ltr'>distringendos,</span> <span class='ocrx_word' id='word_1_402' title='bbox 931 3024 954 3091; x_wconf 69' lang='lat' dir='ltr'>C</span> <span class='ocrx_word' id='word_1_403' title='bbox 968 2992 1015 3056; x_wconf 86' lang='lat' dir='ltr'>pta</span> <span class='ocrx_word' id='word_1_404' title='bbox 1032 2999 1085 3041; x_wconf 91' lang='lat' dir='ltr'>non</span> <span class='ocrx_word' id='word_1_405' title='bbox 1097 2983 1223 3050; x_wconf 84' lang='lat' dir='ltr'>inissent,</span> <span class='ocrx_word' id='word_1_406' title='bbox 1234 2983 1339 3056; x_wconf 84' lang='lat' dir='ltr'>legibus</span> <span class='ocrx_word' id='word_1_407' title='bbox 1363 2984 1472 3041; x_wconf 83' lang='lat' dir='ltr'>delendi</span> <span class='ocrx_word' id='word_1_408' title='bbox 1494 2990 1647 3054; x_wconf 88' lang='lat' dir='ltr'>potuerant.</span> <span class='ocrx_word' id='word_1_409' title='bbox 1670 2983 1704 3037; x_wconf 84' lang='grc' dir='ltr'>Ει</span> <span class='ocrx_word' id='word_1_410' title='bbox 1728 2991 1759 3038; x_wconf 91' lang='lat' dir='ltr'>ut</span> 
     </span>
     <span class='ocr_line' id='line_1_32' title="bbox 132 3070 1758 3144; baseline -0.003 -15"><span class='ocrx_word' id='word_1_411' title='bbox 132 3084 178 3130; x_wconf 88' lang='lat' dir='ltr'>cut</span> <span class='ocrx_word' id='word_1_412' title='bbox 189 3074 256 3129; x_wconf 89' lang='lat' dir='ltr'>ullas</span> <span class='ocrx_word' id='word_1_413' title='bbox 272 3072 464 3144; x_wconf 83' lang='lat' dir='ltr'>redhibitiones</span> <span class='ocrx_word' id='word_1_414' title='bbox 478 3080 525 3126; x_wconf 90' lang='lat' dir='ltr'>aut</span> <span class='ocrx_word' id='word_1_415' title='bbox 536 3070 643 3126; x_wconf 89' lang='lat' dir='ltr'>illicitas</span> <span class='ocrx_word' id='word_1_416' title='bbox 657 3071 814 3127; x_wconf 80' lang='lat' dir='ltr'>occasiones</span> <span class='ocrx_word' id='word_1_417' title='bbox 826 3070 918 3141; x_wconf 83' lang='lat' dir='ltr'>requi-</span> <span class='ocrx_word' id='word_1_418' title='bbox 968 3073 1026 3129; x_wconf 82' lang='lat' dir='ltr'>baec</span> <span class='ocrx_word' id='word_1_419' title='bbox 1038 3073 1187 3130; x_wconf 87' lang='lat' dir='ltr'>auctoritas</span> <span class='ocrx_word' id='word_1_420' title='bbox 1202 3072 1306 3128; x_wconf 89' lang='lat' dir='ltr'>tirmior</span> <span class='ocrx_word' id='word_1_421' title='bbox 1319 3074 1467 3140; x_wconf 86' lang='lat' dir='ltr'>habeatur,</span> <span class='ocrx_word' id='word_1_422' title='bbox 1490 3079 1519 3127; x_wconf 84' lang='lat' dir='ltr'>et</span> <span class='ocrx_word' id='word_1_423' title='bbox 1541 3072 1568 3126; x_wconf 94' lang='lat' dir='ltr'>in</span> <span class='ocrx_word' id='word_1_424' title='bbox 1583 3070 1673 3126; x_wconf 83' lang='lat' dir='ltr'>lutura</span> <span class='ocrx_word' id='word_1_425' title='bbox 1691 3077 1758 3125; x_wconf 87' lang='lat' dir='ltr'>tem-</span> 
     </span>
     <span class='ocr_line' id='line_1_33' title="bbox 132 3159 1759 3237; baseline -0.004 -17"><span class='ocrx_word' id='word_1_426' title='bbox 132 3167 229 3222; x_wconf 88' lang='lat' dir='ltr'>rendas</span> <span class='ocrx_word' id='word_1_427' title='bbox 243 3164 346 3237; x_wconf 90' lang='lat' dir='ltr'>ingredi</span> <span class='ocrx_word' id='word_1_428' title='bbox 359 3166 465 3231; x_wconf 89' lang='lat' dir='ltr'>audeat,</span> <span class='ocrx_word' id='word_1_429' title='bbox 477 3164 519 3220; x_wconf 86' lang='lat' dir='ltr'>uel</span> <span class='ocrx_word' id='word_1_430' title='bbox 528 3173 655 3221; x_wconf 78' lang='lat' dir='ltr'>exactare</span> <span class='ocrx_word' id='word_1_431' title='bbox 667 3169 827 3234; x_wconf 54' lang='lat' dir='ltr'>praesumam</span> <span class='ocrx_word' id='word_1_432' title='bbox 842 3162 877 3219; x_wconf 89' lang='lat' dir='ltr'>ita</span> <span class='ocrx_word' id='word_1_433' title='bbox 888 3170 919 3220; x_wconf 87' lang='lat' dir='ltr'>ut</span> <span class='ocrx_word' id='word_1_434' title='bbox 967 3177 1033 3234; x_wconf 88' lang='lat' dir='ltr'>pora</span> <span class='ocrx_word' id='word_1_435' title='bbox 1045 3171 1232 3228; x_wconf 84' lang='lat' dir='ltr'>conservetur,</span> <span class='ocrx_word' id='word_1_436' title='bbox 1246 3177 1327 3219; x_wconf 90' lang='lat' dir='ltr'>uranu</span> <span class='ocrx_word' id='word_1_437' title='bbox 1350 3162 1458 3233; x_wconf 89' lang='lat' dir='ltr'>propria</span> <span class='ocrx_word' id='word_1_438' title='bbox 1484 3159 1711 3233; x_wconf 86' lang='lat' dir='ltr'>subscripsimus,</span> <span class='ocrx_word' id='word_1_439' title='bbox 1731 3167 1759 3215; x_wconf 88' lang='lat' dir='ltr'>et</span> 
     </span>
     <span class='ocr_line' id='line_1_34' title="bbox 131 3253 1539 3333; baseline -0.005 -21"><span class='ocrx_word' id='word_1_440' title='bbox 131 3257 173 3312; x_wconf 78' lang='lat' dir='ltr'>lua</span> <span class='ocrx_word' id='word_1_441' title='bbox 191 3256 287 3310; x_wconf 72' lang='lat' dir='ltr'>interris</span> <span class='ocrx_word' id='word_1_442' title='bbox 308 3255 474 3326; x_wconf 89' lang='lat' dir='ltr'>temporibus</span> <span class='ocrx_word' id='word_1_443' title='bbox 488 3255 570 3311; x_wconf 80' lang='lat' dir='ltr'>salvae</span> <span class='ocrx_word' id='word_1_444' title='bbox 588 3262 616 3310; x_wconf 91' lang='lat' dir='ltr'>et</span> <span class='ocrx_word' id='word_1_445' title='bbox 630 3253 720 3311; x_wconf 68' lang='lat' dir='ltr'>iliacam</span> <span class='ocrx_word' id='word_1_446' title='bbox 732 3269 782 3324; x_wconf 89' lang='lat' dir='ltr'>per</span> <span class='ocrx_word' id='word_1_447' title='bbox 794 3263 917 3311; x_wconf 87' lang='lat' dir='ltr'>nostram</span> <span class='ocrx_word' id='word_1_448' title='bbox 939 3326 944 3333; x_wconf 27' lang='lat'><strong><em>⁴</em></strong></span> <span class='ocrx_word' id='word_1_449' title='bbox 967 3254 1059 3311; x_wconf 90' lang='lat' dir='ltr'>annuli</span> <span class='ocrx_word' id='word_1_450' title='bbox 1073 3253 1157 3309; x_wconf 91' lang='lat' dir='ltr'>nostri</span> <span class='ocrx_word' id='word_1_451' title='bbox 1172 3253 1348 3322; x_wconf 89' lang='lat' dir='ltr'>impressione</span> <span class='ocrx_word' id='word_1_452' title='bbox 1362 3253 1539 3324; x_wconf 77' lang='lat' dir='ltr'>signavimus.</span> 
     </span>
    </p>

    <p class='ocr_par' dir='ltr' id='par_1_3' title="bbox 131 3341 1631 3417">
     <span class='ocr_line' id='line_1_35' title="bbox 131 3341 1631 3417; baseline -0.004 -15"><span class='ocrx_word' id='word_1_453' title='bbox 131 3347 315 3402; x_wconf 76' lang='lat' dir='ltr'>defensionem</span> <span class='ocrx_word' id='word_1_454' title='bbox 339 3347 413 3402; x_wconf 88' lang='lat' dir='ltr'>omni</span> <span class='ocrx_word' id='word_1_455' title='bbox 428 3356 548 3416; x_wconf 87' lang='lat' dir='ltr'>tempore</span> <span class='ocrx_word' id='word_1_456' title='bbox 563 3345 712 3417; x_wconf 89' lang='lat' dir='ltr'>persistere</span> <span class='ocrx_word' id='word_1_457' title='bbox 722 3344 838 3403; x_wconf 83' lang='lat' dir='ltr'>valeant.</span> <span class='ocrx_word' id='word_1_458' title='bbox 854 3343 918 3401; x_wconf 81' lang='lat' dir='ltr'>liae</span> <span class='ocrx_word' id='word_1_459' title='bbox 1003 3346 1115 3415; x_wconf 86' lang='lat' dir='ltr'>Signum</span> <span class='ocrx_word' id='word_1_460' title='bbox 1128 3344 1258 3401; x_wconf 81' lang='lat' dir='ltr'>ludovici</span> <span class='ocrx_word' id='word_1_461' title='bbox 1274 3344 1439 3401; x_wconf 88' lang='lat' dir='ltr'>serenissimi</span> <span class='ocrx_word' id='word_1_462' title='bbox 1449 3341 1631 3414; x_wconf 87' lang='lat' dir='ltr'>imperatoris.</span> 
     </span>
    </p>

    <p class='ocr_par' dir='ltr' id='par_1_4' title="bbox 129 3430 1758 3779">
     <span class='ocr_line' id='line_1_36' title="bbox 130 3430 1757 3507; baseline -0.002 -17"><span class='ocrx_word' id='word_1_463' title='bbox 130 3454 196 3492; x_wconf 83' lang='lat' dir='ltr'>vero</span> <span class='ocrx_word' id='word_1_464' title='bbox 216 3437 363 3492; x_wconf 76' lang='lat' dir='ltr'>annositas</span> <span class='ocrx_word' id='word_1_465' title='bbox 390 3444 421 3490; x_wconf 91' lang='lat' dir='ltr'>ut</span> <span class='ocrx_word' id='word_1_466' title='bbox 446 3437 546 3493; x_wconf 89' lang='lat' dir='ltr'>nostris</span> <span class='ocrx_word' id='word_1_467' title='bbox 576 3435 729 3507; x_wconf 77' lang='lat' dir='ltr'>futurisque</span> <span class='ocrx_word' id='word_1_468' title='bbox 752 3433 918 3506; x_wconf 90' lang='lat' dir='ltr'>temporibus</span> <span class='ocrx_word' id='word_1_469' title='bbox 1002 3435 1071 3495; x_wconf 88' lang='lat' dir='ltr'>Data</span> <span class='ocrx_word' id='word_1_470' title='bbox 1083 3451 1131 3491; x_wconf 88' lang='lat' dir='ltr'>rnr</span> <span class='ocrx_word' id='word_1_471' title='bbox 1146 3435 1259 3495; x_wconf 83' lang='lat' dir='ltr'>Kalend.</span> <span class='ocrx_word' id='word_1_472' title='bbox 1271 3433 1448 3504; x_wconf 88' lang='lat' dir='ltr'>Septembris,</span> <span class='ocrx_word' id='word_1_473' title='bbox 1462 3447 1535 3490; x_wconf 91' lang='lat' dir='ltr'>anno</span> <span class='ocrx_word' id='word_1_474' title='bbox 1549 3434 1561 3488; x_wconf 92' lang='lat' dir='ltr'>l</span> <span class='ocrx_word' id='word_1_475' title='bbox 1575 3430 1682 3490; x_wconf 83' lang='lat' dir='ltr'>Christo</span> <span class='ocrx_word' id='word_1_476' title='bbox 1692 3445 1757 3502; x_wconf 92' lang='lat' dir='ltr'>pro·</span> 
     </span>
     <span class='ocr_line' id='line_1_37' title="bbox 129 3522 1758 3596; baseline -0.004 -13"><span class='ocrx_word' id='word_1_477' title='bbox 129 3526 228 3583; x_wconf 85' lang='lat' dir='ltr'>arelius</span> <span class='ocrx_word' id='word_1_478' title='bbox 242 3525 378 3592; x_wconf 88' lang='lat' dir='ltr'>credatur,</span> <span class='ocrx_word' id='word_1_479' title='bbox 393 3533 420 3581; x_wconf 89' lang='lat' dir='ltr'>ct</span> <span class='ocrx_word' id='word_1_480' title='bbox 436 3542 451 3580; x_wconf 89' lang='lat' dir='ltr'>a</span> <span class='ocrx_word' id='word_1_481' title='bbox 469 3524 593 3583; x_wconf 91' lang='lat' dir='ltr'>iideiibus</span> <span class='ocrx_word' id='word_1_482' title='bbox 606 3533 707 3581; x_wconf 88' lang='lat' dir='ltr'>sanctae</span> <span class='ocrx_word' id='word_1_483' title='bbox 722 3523 770 3580; x_wconf 87' lang='lat' dir='ltr'>Dei</span> <span class='ocrx_word' id='word_1_484' title='bbox 789 3522 918 3580; x_wconf 79' lang='lat' dir='ltr'>Ecclesiae</span> <span class='ocrx_word' id='word_1_485' title='bbox 967 3525 1034 3596; x_wconf 92' lang='lat' dir='ltr'>pitio</span> <span class='ocrx_word' id='word_1_486' title='bbox 1065 3525 1171 3596; x_wconf 90' lang='lat' dir='ltr'>imperii</span> <span class='ocrx_word' id='word_1_487' title='bbox 1202 3524 1309 3590; x_wconf 86' lang='lat' dir='ltr'>nostri,</span> <span class='ocrx_word' id='word_1_488' title='bbox 1337 3524 1484 3580; x_wconf 88' lang='lat' dir='ltr'>indictione</span> <span class='ocrx_word' id='word_1_489' title='bbox 1506 3524 1630 3593; x_wconf 85' lang='lat' dir='ltr'>septima.</span> <span class='ocrx_word' id='word_1_490' title='bbox 1658 3523 1758 3587; x_wconf 79' lang='lat' dir='ltr'>Actum</span> 
     </span>
     <span class='ocr_line' id='line_1_38' title="bbox 130 3611 1755 3684; baseline -0.005 -12"><span class='ocrx_word' id='word_1_491' title='bbox 130 3626 184 3672; x_wconf 90' lang='lat' dir='ltr'>eta</span> <span class='ocrx_word' id='word_1_492' title='bbox 204 3618 304 3673; x_wconf 87' lang='lat' dir='ltr'>nostris</span> <span class='ocrx_word' id='word_1_493' title='bbox 319 3615 509 3672; x_wconf 83' lang='lat' dir='ltr'>inuiolabiliter</span> <span class='ocrx_word' id='word_1_494' title='bbox 520 3615 699 3680; x_wconf 88' lang='lat' dir='ltr'>custodiatur,</span> <span class='ocrx_word' id='word_1_495' title='bbox 714 3629 795 3669; x_wconf 88' lang='lat' dir='ltr'>manu</span> <span class='ocrx_word' id='word_1_496' title='bbox 808 3613 918 3684; x_wconf 89' lang='lat' dir='ltr'>propria</span> <span class='ocrx_word' id='word_1_497' title='bbox 967 3611 1129 3683; x_wconf 74' lang='lat' dir='ltr'>Aquisgrani</span> <span class='ocrx_word' id='word_1_498' title='bbox 1148 3613 1249 3683; x_wconf 89' lang='lat' dir='ltr'>palatio</span> <span class='ocrx_word' id='word_1_499' title='bbox 1269 3620 1362 3670; x_wconf 86' lang='lat' dir='ltr'>nostro</span> <span class='ocrx_word' id='word_1_500' title='bbox 1385 3613 1413 3668; x_wconf 88' lang='lat' dir='ltr'>in</span> <span class='ocrx_word' id='word_1_501' title='bbox 1429 3612 1476 3666; x_wconf 87' lang='lat' dir='ltr'>Dei</span> <span class='ocrx_word' id='word_1_502' title='bbox 1503 3612 1612 3665; x_wconf 90' lang='lat' dir='ltr'>nominc</span> <span class='ocrx_word' id='word_1_503' title='bbox 1631 3611 1755 3665; x_wconf 78' lang='lat' dir='ltr'>feliciter.</span> 
     </span>
     <span class='ocr_line' id='line_1_39' title="bbox 130 3701 1376 3779; baseline -0.011 -13"><span class='ocrx_word' id='word_1_504' title='bbox 130 3711 350 3779; x_wconf 85' lang='lat' dir='ltr'>subscripsimus.</span> <span class='ocrx_word' id='word_1_505' title='bbox 365 3717 392 3763; x_wconf 90' lang='lat' dir='ltr'>et</span> <span class='ocrx_word' id='word_1_506' title='bbox 408 3708 441 3764; x_wconf 93' lang='lat' dir='ltr'>de</span> <span class='ocrx_word' id='word_1_507' title='bbox 456 3706 556 3763; x_wconf 92' lang='lat' dir='ltr'>annulo</span> <span class='ocrx_word' id='word_1_508' title='bbox 570 3715 664 3762; x_wconf 83' lang='lat' dir='ltr'>nostro</span> <span class='ocrx_word' id='word_1_509' title='bbox 683 3703 776 3760; x_wconf 88' lang='lat' dir='ltr'>subter</span> <span class='ocrx_word' id='word_1_510' title='bbox 787 3703 918 3771; x_wconf 83' lang='lat' dir='ltr'>jussimus</span> <span class='ocrx_word' id='word_1_511' title='bbox 968 3701 1065 3757; x_wconf 77' lang='lat' dir='ltr'>Amen.</span> <span class='ocrx_word' id='word_1_512' title='bbox 1373 3721 1376 3726; x_wconf 94' lang='lat'>·</span> 
     </span>
    </p>
   </div>
   <div class='ocr_carea' id='block_1_3' title="bbox 129 3789 1560 3960">
    <p class='ocr_par' dir='ltr' id='par_1_5' title="bbox 129 3789 1560 3960">
     <span class='ocr_line' id='line_1_40' title="bbox 129 3789 1388 3872; baseline -0.01 -17"><span class='ocrx_word' id='word_1_513' title='bbox 129 3801 253 3872; x_wconf 85' lang='lat' dir='ltr'>sigillari.</span> <span class='ocrx_word' id='word_1_514' title='bbox 1336 3789 1388 3844; x_wconf 80' lang='lat' dir='ltr'>vii.</span> 
     </span>
     <span class='ocr_line' id='line_1_41' title="bbox 165 3882 1560 3960; baseline -0.005 -15"><span class='ocrx_word' id='word_1_515' title='bbox 165 3890 277 3960; x_wconf 88' lang='lat' dir='ltr'>Signum</span> <span class='ocrx_word' id='word_1_516' title='bbox 289 3887 417 3942; x_wconf 81' lang='lat' dir='ltr'>Ludorici</span> <span class='ocrx_word' id='word_1_517' title='bbox 433 3885 600 3942; x_wconf 89' lang='lat' dir='ltr'>serenissimi</span> <span class='ocrx_word' id='word_1_518' title='bbox 612 3882 795 3954; x_wconf 87' lang='lat' dir='ltr'>impcratoris.</span> <span class='ocrx_word' id='word_1_519' title='bbox 1148 3896 1199 3937; x_wconf 86' lang='lat' dir='ltr'>rno</span> <span class='ocrx_word' id='word_1_520' title='bbox 1217 3895 1366 3937; x_wconf 85' lang='lat' dir='ltr'>nnrsotnnsr</span> <span class='ocrx_word' id='word_1_521' title='bbox 1385 3895 1560 3938; x_wconf 80' lang='lat' dir='ltr'>aonasacnro</span> 
     </span>
    </p>
   </div>
   <div class='ocr_carea' id='block_1_4' title="bbox 164 3969 1450 4046">
    <p class='ocr_par' dir='ltr' id='par_1_6' title="bbox 164 3969 1450 4046">
     <span class='ocr_line' id='line_1_42' title="bbox 164 3969 1450 4046; baseline -0.008 -12"><span class='ocrx_word' id='word_1_522' title='bbox 164 3981 225 4035; x_wconf 86' lang='lat' dir='ltr'>Dat.</span> <span class='ocrx_word' id='word_1_523' title='bbox 243 3978 332 4033; x_wconf 85' lang='lat' dir='ltr'>vidus</span> <span class='ocrx_word' id='word_1_524' title='bbox 347 3976 421 4043; x_wconf 85' lang='lat' dir='ltr'>Juiii,</span> <span class='ocrx_word' id='word_1_525' title='bbox 436 3992 507 4031; x_wconf 87' lang='lat' dir='ltr'>anno</span> <span class='ocrx_word' id='word_1_526' title='bbox 531 3977 543 4030; x_wconf 93' lang='lat' dir='ltr'>i</span> <span class='ocrx_word' id='word_1_527' title='bbox 556 3975 665 4032; x_wconf 85' lang='lat' dir='ltr'>Christo</span> <span class='ocrx_word' id='word_1_528' title='bbox 678 3973 797 4046; x_wconf 90' lang='lat' dir='ltr'>propitio</span> <span class='ocrx_word' id='word_1_529' title='bbox 812 3971 916 4044; x_wconf 83' lang='lat' dir='ltr'>imperii</span> <span class='ocrx_word' id='word_1_530' title='bbox 1276 3969 1362 4042; x_wconf 74' lang='lat' dir='ltr'>(dano</span> <span class='ocrx_word' id='word_1_531' title='bbox 1375 3970 1450 4039; x_wconf 81' lang='lat' dir='ltr'>8il.)</span> 
     </span>
    </p>
   </div>
   <div class='ocr_carea' id='block_1_5' title="bbox 129 4060 1751 4215">
    <p class='ocr_par' dir='ltr' id='par_1_7' title="bbox 129 4060 1751 4215">
     <span class='ocr_line' id='line_1_43' title="bbox 129 4060 1751 4140; baseline -0.006 -15"><span class='ocrx_word' id='word_1_532' title='bbox 129 4070 227 4132; x_wconf 86' lang='lat' dir='ltr'>nostri,</span> <span class='ocrx_word' id='word_1_533' title='bbox 245 4067 391 4123; x_wconf 89' lang='lat' dir='ltr'>indictione</span> <span class='ocrx_word' id='word_1_534' title='bbox 405 4066 430 4119; x_wconf 85' lang='grc'>7.</span> <span class='ocrx_word' id='word_1_535' title='bbox 446 4065 542 4121; x_wconf 75' lang='lat' dir='ltr'>Actum</span> <span class='ocrx_word' id='word_1_536' title='bbox 555 4063 717 4137; x_wconf 79' lang='lat' dir='ltr'>dqrrisgrani</span> <span class='ocrx_word' id='word_1_537' title='bbox 731 4061 831 4135; x_wconf 88' lang='lat' dir='ltr'>palatio</span> <span class='ocrx_word' id='word_1_538' title='bbox 844 4061 918 4136; x_wconf 78' lang='lat' dir='ltr'>regio</span> <span class='ocrx_word' id='word_1_539' title='bbox 969 4063 1057 4140; x_wconf 80' lang='lat' dir='ltr'>[Apud</span> <span class='ocrx_word' id='word_1_540' title='bbox 1071 4065 1102 4120; x_wconf 87' lang='lat' dir='ltr'>b.</span> <span class='ocrx_word' id='word_1_541' title='bbox 1124 4063 1266 4133; x_wconf 72' lang='lat' dir='ltr'>Bouqust,</span> <span class='ocrx_word' id='word_1_542' title='bbox 1282 4061 1386 4117; x_wconf 68' lang='lat' dir='ltr'>meunt</span> <span class='ocrx_word' id='word_1_543' title='bbox 1401 4062 1446 4115; x_wconf 83' lang='lat' dir='ltr'>des</span> <span class='ocrx_word' id='word_1_544' title='bbox 1470 4062 1544 4125; x_wconf 71' lang='lat' dir='ltr'>iniat,</span> <span class='ocrx_word' id='word_1_545' title='bbox 1556 4069 1621 4115; x_wconf 89' lang='lat' dir='ltr'>tom.</span> <span class='ocrx_word' id='word_1_546' title='bbox 1635 4060 1677 4124; x_wconf 79' lang='lat' dir='ltr'>ll,</span> <span class='ocrx_word' id='word_1_547' title='bbox 1692 4077 1751 4133; x_wconf 88' lang='lat' dir='ltr'>pag.</span> 
     </span>
     <span class='ocr_line' id='line_1_44' title="bbox 130 4129 1628 4215; baseline -0.017 -5"><span class='ocrx_word' id='word_1_548' title='bbox 130 4162 157 4214; x_wconf 85' lang='lat' dir='ltr'>ln</span> <span class='ocrx_word' id='word_1_549' title='bbox 172 4160 218 4215; x_wconf 77' lang='lat' dir='ltr'>liei</span> <span class='ocrx_word' id='word_1_550' title='bbox 238 4161 345 4214; x_wconf 75' lang='lat' dir='ltr'>nomine</span> <span class='ocrx_word' id='word_1_551' title='bbox 363 4155 488 4212; x_wconf 75' lang='lat' dir='ltr'>feliciter,</span> <span class='ocrx_word' id='word_1_552' title='bbox 503 4155 598 4209; x_wconf 70' lang='lat' dir='ltr'>Amen,</span> <span class='ocrx_word' id='word_1_553' title='bbox 1091 4134 1153 4199; x_wconf 75' lang='lat' dir='ltr'>leo,</span> <span class='ocrx_word' id='word_1_554' title='bbox 1169 4148 1203 4187; x_wconf 85' lang='lat' dir='ltr'>cx</span> <span class='ocrx_word' id='word_1_555' title='bbox 1222 4131 1339 4187; x_wconf 83' lang='lat' dir='ltr'>arebiris</span> <span class='ocrx_word' id='word_1_556' title='bbox 1354 4131 1434 4200; x_wconf 86' lang='lat' dir='ltr'>hujus</span> <span class='ocrx_word' id='word_1_557' title='bbox 1449 4129 1628 4202; x_wconf 83' lang='lat' dir='ltr'>monasterii]</span> 
     </span>
    </p>
   </div>
   <div class='ocr_carea' id='block_1_6' title="bbox 165 4219 1754 4666">
    <p class='ocr_par' dir='ltr' id='par_1_8' title="bbox 501 4219 1752 4301">
     <span class='ocr_line' id='line_1_45' title="bbox 501 4219 1752 4301; baseline -0.009 -12"><span class='ocrx_word' id='word_1_558' title='bbox 501 4245 545 4301; x_wconf 76' lang='lat' dir='ltr'>vl,</span> <span class='ocrx_word' id='word_1_559' title='bbox 1002 4228 1031 4284; x_wconf 92' lang='lat' dir='ltr'>in</span> <span class='ocrx_word' id='word_1_560' title='bbox 1046 4226 1154 4284; x_wconf 88' lang='lat' dir='ltr'>nomine</span> <span class='ocrx_word' id='word_1_561' title='bbox 1167 4224 1272 4279; x_wconf 84' lang='lat' dir='ltr'>Domini</span> <span class='ocrx_word' id='word_1_562' title='bbox 1290 4224 1338 4278; x_wconf 84' lang='lat' dir='ltr'>Dei</span> <span class='ocrx_word' id='word_1_563' title='bbox 1365 4231 1392 4279; x_wconf 88' lang='lat' dir='ltr'>et</span> <span class='ocrx_word' id='word_1_564' title='bbox 1413 4222 1559 4279; x_wconf 79' lang='lat' dir='ltr'>saluatoris</span> <span class='ocrx_word' id='word_1_565' title='bbox 1583 4221 1668 4277; x_wconf 91' lang='lat' dir='ltr'>nostri</span> <span class='ocrx_word' id='word_1_566' title='bbox 1689 4219 1752 4278; x_wconf 81' lang='lat' dir='ltr'>Jesu</span> 
     </span>
    </p>

    <p class='ocr_par' dir='ltr' id='par_1_9' title="bbox 323 4311 1753 4417">
     <span class='ocr_line' id='line_1_46' title="bbox 323 4311 1753 4417; baseline -0.012 -35"><span class='ocrx_word' id='word_1_567' title='bbox 323 4353 372 4393; x_wconf 57' lang='lat'>930</span> <span class='ocrx_word' id='word_1_568' title='bbox 388 4351 511 4392; x_wconf 52' lang='lat' dir='ltr'>recursu</span> <span class='ocrx_word' id='word_1_569' title='bbox 531 4350 724 4392; x_wconf 55' lang='lat' dir='ltr'>canonem,</span> <span class='ocrx_word' id='word_1_570' title='bbox 928 4317 1079 4417; x_wconf 57' lang='lat' dir='ltr'>l‚Christi</span> <span class='ocrx_word' id='word_1_571' title='bbox 1092 4314 1343 4370; x_wconf 82' lang='lat' dir='ltr'>Lodovicusdiuina</span> <span class='ocrx_word' id='word_1_572' title='bbox 1363 4315 1504 4369; x_wconf 90' lang='lat' dir='ltr'>ordinante</span> <span class='ocrx_word' id='word_1_573' title='bbox 1515 4312 1656 4368; x_wconf 90' lang='lat' dir='ltr'>clementia</span> <span class='ocrx_word' id='word_1_574' title='bbox 1667 4311 1753 4382; x_wconf 92' lang='lat' dir='ltr'>impe·</span> 
     </span>
    </p>

    <p class='ocr_par' dir='ltr' id='par_1_10' title="bbox 438 4403 1754 4497">
     <span class='ocr_line' id='line_1_47' title="bbox 438 4403 1754 4497; baseline -0.01 -26"><span class='ocrx_word' id='word_1_575' title='bbox 438 4426 525 4497; x_wconf 69' lang='lat' dir='ltr'>(Anno</span> <span class='ocrx_word' id='word_1_576' title='bbox 537 4423 612 4496; x_wconf 72' lang='lat' dir='ltr'>stt.)</span> <span class='ocrx_word' id='word_1_577' title='bbox 968 4418 1042 4466; x_wconf 89' lang='lat' dir='ltr'>rator</span> <span class='ocrx_word' id='word_1_578' title='bbox 1052 4407 1198 4478; x_wconf 81' lang='lat' dir='ltr'>Augustus,</span> <span class='ocrx_word' id='word_1_579' title='bbox 1214 4405 1338 4460; x_wconf 90' lang='lat' dir='ltr'>omnibus</span> <span class='ocrx_word' id='word_1_580' title='bbox 1350 4405 1492 4475; x_wconf 88' lang='lat' dir='ltr'>episcopis,</span> <span class='ocrx_word' id='word_1_581' title='bbox 1511 4403 1661 4468; x_wconf 89' lang='lat' dir='ltr'>abbatibus,</span> <span class='ocrx_word' id='word_1_582' title='bbox 1678 4403 1754 4459; x_wconf 91' lang='lat' dir='ltr'>duci-</span> 
     </span>
    </p>

    <p class='ocr_par' dir='ltr' id='par_1_11' title="bbox 218 4492 1752 4592">
     <span class='ocr_line' id='line_1_48' title="bbox 218 4492 1752 4592; baseline -0.017 -19"><span class='ocrx_word' id='word_1_583' title='bbox 218 4518 310 4592; x_wconf 77' lang='lat' dir='ltr'>[dpud</span> <span class='ocrx_word' id='word_1_584' title='bbox 324 4516 436 4582; x_wconf 78' lang='lat' dir='ltr'>Manlii,</span> <span class='ocrx_word' id='word_1_585' title='bbox 452 4515 571 4570; x_wconf 72' lang='lat' dir='ltr'>indicet.</span> <span class='ocrx_word' id='word_1_586' title='bbox 592 4524 652 4580; x_wconf 66' lang='lat' dir='ltr'>set„</span> <span class='ocrx_word' id='word_1_587' title='bbox 673 4531 732 4588; x_wconf 86' lang='lat' dir='ltr'>pag.</span> <span class='ocrx_word' id='word_1_588' title='bbox 746 4513 827 4588; x_wconf 65' lang='lat' dir='ltr'>add]</span> <span class='ocrx_word' id='word_1_589' title='bbox 967 4496 1199 4566; x_wconf 85' lang='lat' dir='ltr'>bus‚comitibus,</span> <span class='ocrx_word' id='word_1_590' title='bbox 1222 4495 1346 4559; x_wconf 79' lang='lat' dir='ltr'>sicariis,</span> <span class='ocrx_word' id='word_1_591' title='bbox 1374 4492 1552 4554; x_wconf 88' lang='lat' dir='ltr'>centenariis,</span> <span class='ocrx_word' id='word_1_592' title='bbox 1579 4492 1752 4558; x_wconf 83' lang='lat' dir='ltr'>actionariis,</span> 
     </span>
    </p>

    <p class='ocr_par' dir='ltr' id='par_1_12' title="bbox 165 4581 1751 4666">
     <span class='ocr_line' id='line_1_49' title="bbox 165 4581 1751 4666; baseline -0.01 -11"><span class='ocrx_word' id='word_1_593' title='bbox 165 4608 194 4666; x_wconf 81' lang='lat' dir='ltr'>ln</span> <span class='ocrx_word' id='word_1_594' title='bbox 209 4610 314 4664; x_wconf 75' lang='lat' dir='ltr'>nomine</span> <span class='ocrx_word' id='word_1_595' title='bbox 328 4608 432 4663; x_wconf 74' lang='lat' dir='ltr'>Domini</span> <span class='ocrx_word' id='word_1_596' title='bbox 445 4606 493 4661; x_wconf 79' lang='lat' dir='ltr'>Dei</span> <span class='ocrx_word' id='word_1_597' title='bbox 505 4606 655 4662; x_wconf 66' lang='lat' dir='ltr'>salvatoris</span> <span class='ocrx_word' id='word_1_598' title='bbox 671 4607 755 4663; x_wconf 67' lang='lat' dir='ltr'>nostri</span> <span class='ocrx_word' id='word_1_599' title='bbox 766 4604 828 4664; x_wconf 68' lang='lat' dir='ltr'>Iesu</span> <span class='ocrx_word' id='word_1_600' title='bbox 838 4605 916 4662; x_wconf 68' lang='lat' dir='ltr'>Chn-</span> <span class='ocrx_word' id='word_1_601' title='bbox 967 4590 1056 4649; x_wconf 75' lang='lat' dir='ltr'>missis</span> <span class='ocrx_word' id='word_1_602' title='bbox 1063 4584 1389 4649; x_wconf 85' lang='lat' dir='ltr'>nostrisdiscurrentibus‚</span> <span class='ocrx_word' id='word_1_603' title='bbox 1396 4582 1438 4637; x_wconf 72' lang='lat' dir='ltr'>Vel</span> <span class='ocrx_word' id='word_1_604' title='bbox 1445 4583 1549 4639; x_wconf 73' lang='lat' dir='ltr'>ciillclis</span> <span class='ocrx_word' id='word_1_605' title='bbox 1557 4581 1688 4647; x_wconf 75' lang='lat' dir='ltr'>fideiibuS,</span> <span class='ocrx_word' id='word_1_606' title='bbox 1697 4589 1751 4639; x_wconf 70' lang='lat' dir='ltr'>eico</span> 
     </span>
    </p>
   </div>
   <div class='ocr_carea' id='block_1_7' title="bbox 127 4673 1768 4861">
    <p class='ocr_par' dir='ltr' id='par_1_13' title="bbox 127 4673 1768 4861">
     <span class='ocr_line' id='line_1_50' title="bbox 128 4673 1768 4768; baseline -0.01 -13"><span class='ocrx_word' id='word_1_607' title='bbox 128 4698 431 4767; x_wconf 81' lang='lat' dir='ltr'>sti,Ludoricusdirina</span> <span class='ocrx_word' id='word_1_608' title='bbox 443 4697 915 4768; x_wconf 84' lang='lat' dir='ltr'>ordinanteprouidentiaimperator</span> <span class='ocrx_word' id='word_1_609' title='bbox 1001 4681 1119 4739; x_wconf 68' lang='grc' dir='ltr'>ΡΓΟῙΜῙΘ</span> <span class='ocrx_word' id='word_1_610' title='bbox 1138 4678 1286 4749; x_wconf 87' lang='lat' dir='ltr'>comperiat</span> <span class='ocrx_word' id='word_1_611' title='bbox 1313 4675 1431 4732; x_wconf 62' lang='lat' dir='ltr'>‘minium</span> <span class='ocrx_word' id='word_1_612' title='bbox 1459 4673 1578 4729; x_wconf 58' lang='lat' dir='ltr'>“denum</span> <span class='ocrx_word' id='word_1_613' title='bbox 1597 4680 1768 4752; x_wconf 59' lang='lat' dir='ltr'>¹¹⁰}iiiiiilm&#39;</span> 
     </span>
     <span class='ocr_line' id='line_1_51' title="bbox 127 4767 1752 4861; baseline -0.014 -17"><span class='ocrx_word' id='word_1_614' title='bbox 127 4791 272 4861; x_wconf 78' lang='lat' dir='ltr'>Augustus.</span> <span class='ocrx_word' id='word_1_615' title='bbox 967 4775 1077 4832; x_wconf 89' lang='lat' dir='ltr'>solertia</span> <span class='ocrx_word' id='word_1_616' title='bbox 1093 4774 1156 4844; x_wconf 85' lang='lat' dir='ltr'>qnia</span> <span class='ocrx_word' id='word_1_617' title='bbox 1169 4773 1209 4828; x_wconf 86' lang='lat' dir='ltr'>vir</span> <span class='ocrx_word' id='word_1_618' title='bbox 1223 4770 1381 4828; x_wconf 76' lang='lat' dir='ltr'>venerabilis</span> <span class='ocrx_word' id='word_1_619' title='bbox 1400 4769 1542 4840; x_wconf 86' lang='lat' dir='ltr'>iidalgisus</span> <span class='ocrx_word' id='word_1_620' title='bbox 1555 4767 1625 4821; x_wconf 91' lang='lat' dir='ltr'>abba</span> <span class='ocrx_word' id='word_1_621' title='bbox 1646 4782 1680 4822; x_wconf 82' lang='lat' dir='ltr'>ex</span> <span class='ocrx_word' id='word_1_622' title='bbox 1693 4782 1752 4821; x_wconf 85' lang='lat' dir='ltr'>mu·</span> 
     </span>
    </p>
   </div>
   <div class='ocr_carea' id='block_1_8' title="bbox 127 4854 1811 5489">
    <p class='ocr_par' dir='ltr' id='par_1_14' title="bbox 127 4854 1811 5489">
     <span class='ocr_line' id='line_1_52' title="bbox 164 4854 1751 4948; baseline -0.008 -15"><span class='ocrx_word' id='word_1_623' title='bbox 164 4877 274 4933; x_wconf 84' lang='lat' dir='ltr'>Noverit</span> <span class='ocrx_word' id='word_1_624' title='bbox 295 4876 427 4948; x_wconf 78' lang='lat' dir='ltr'>sagacitas</span> <span class='ocrx_word' id='word_1_625' title='bbox 442 4890 489 4931; x_wconf 89' lang='lat' dir='ltr'>seu</span> <span class='ocrx_word' id='word_1_626' title='bbox 514 4873 645 4931; x_wconf 90' lang='lat' dir='ltr'>industria</span> <span class='ocrx_word' id='word_1_627' title='bbox 659 4871 778 4930; x_wconf 82' lang='lat' dir='ltr'>iirieiium</span> <span class='ocrx_word' id='word_1_628' title='bbox 792 4876 913 4932; x_wconf 90' lang='lat' dir='ltr'>omnium</span> <span class='ocrx_word' id='word_1_629' title='bbox 967 4865 1086 4922; x_wconf 61' lang='lat' dir='ltr'>valterii)</span> <span class='ocrx_word' id='word_1_630' title='bbox 1099 4862 1209 4919; x_wconf 56' lang='lat' dir='ltr'>inistis</span> <span class='ocrx_word' id='word_1_631' title='bbox 1222 4862 1332 4919; x_wconf 63' lang='lat' dir='ltr'>Veniens</span> <span class='ocrx_word' id='word_1_632' title='bbox 1348 4859 1382 4916; x_wconf 56' lang='grc' dir='ltr'>ιι]</span> <span class='ocrx_word' id='word_1_633' title='bbox 1405 4873 1469 4925; x_wconf 68' lang='lat'>¹¹⁰⁵·</span> <span class='ocrx_word' id='word_1_634' title='bbox 1496 4856 1590 4913; x_wconf 71' lang='lat' dir='ltr'>deiulli</span> <span class='ocrx_word' id='word_1_635' title='bbox 1611 4854 1751 4912; x_wconf 62' lang='lat' dir='ltr'>ieronimi</span> 
     </span>
     <span class='ocr_line' id='line_1_53' title="bbox 127 4943 1811 5038; baseline -0.015 -14"><span class='ocrx_word' id='word_1_636' title='bbox 127 4977 291 5029; x_wconf 87' lang='lat' dir='ltr'>nostrorum,</span> <span class='ocrx_word' id='word_1_637' title='bbox 306 4975 360 5021; x_wconf 84' lang='lat' dir='ltr'>tam</span> <span class='ocrx_word' id='word_1_638' title='bbox 383 4965 555 5036; x_wconf 82' lang='lat' dir='ltr'>praesentium</span> <span class='ocrx_word' id='word_1_639' title='bbox 570 4979 651 5038; x_wconf 87' lang='lat' dir='ltr'>quam</span> <span class='ocrx_word' id='word_1_640' title='bbox 666 4970 694 5017; x_wconf 87' lang='lat' dir='ltr'>et</span> <span class='ocrx_word' id='word_1_641' title='bbox 707 4961 870 5029; x_wconf 80' lang='lat' dir='ltr'>futurorum,</span> <span class='ocrx_word' id='word_1_642' title='bbox 883 4978 916 5021; x_wconf 84' lang='lat' dir='ltr'>eo</span> <span class='ocrx_word' id='word_1_643' title='bbox 967 4964 1066 5012; x_wconf 76' lang='lat' dir='ltr'>nostra</span> <span class='ocrx_word' id='word_1_644' title='bbox 1080 4961 1242 5025; x_wconf 73' lang='lat' dir='ltr'>preceptum</span> <span class='ocrx_word' id='word_1_645' title='bbox 1253 4950 1346 5008; x_wconf 91' lang='lat' dir='ltr'>domni</span> <span class='ocrx_word' id='word_1_646' title='bbox 1359 4965 1391 5007; x_wconf 90' lang='lat' dir='ltr'>ac</span> <span class='ocrx_word' id='word_1_647' title='bbox 1413 4948 1543 5022; x_wconf 83' lang='lat' dir='ltr'>genitoris</span> <span class='ocrx_word' id='word_1_648' title='bbox 1556 4947 1641 5004; x_wconf 87' lang='lat' dir='ltr'>nostri</span> <span class='ocrx_word' id='word_1_649' title='bbox 1660 4943 1750 5001; x_wconf 83' lang='lat' dir='ltr'>Caroli</span> <span class='ocrx_word' id='word_1_650' title='bbox 1805 4947 1811 4961; x_wconf 78' lang='lat'><strong>¹</strong></span> 
     </span>
     <span class='ocr_line' id='line_1_54' title="bbox 127 5035 1751 5128; baseline -0.004 -19"><span class='ocrx_word' id='word_1_651' title='bbox 127 5056 200 5128; x_wconf 85' lang='lat' dir='ltr'>qrrod</span> <span class='ocrx_word' id='word_1_652' title='bbox 213 5056 255 5110; x_wconf 82' lang='lat' dir='ltr'>sir</span> <span class='ocrx_word' id='word_1_653' title='bbox 273 5054 436 5111; x_wconf 87' lang='lat' dir='ltr'>venerabilis</span> <span class='ocrx_word' id='word_1_654' title='bbox 448 5053 553 5109; x_wconf 76' lang='lat' dir='ltr'>Franco</span> <span class='ocrx_word' id='word_1_655' title='bbox 567 5052 754 5110; x_wconf 83' lang='lat' dir='ltr'>Cenomanieae</span> <span class='ocrx_word' id='word_1_656' title='bbox 772 5051 847 5108; x_wconf 88' lang='lat' dir='ltr'>urbis</span> <span class='ocrx_word' id='word_1_657' title='bbox 860 5052 917 5124; x_wconf 89' lang='lat' dir='ltr'>epi·</span> <span class='ocrx_word' id='word_1_658' title='bbox 966 5044 1131 5100; x_wconf 62' lang='lat' dir='ltr'>woenissimi</span> <span class='ocrx_word' id='word_1_659' title='bbox 1150 5042 1329 5114; x_wconf 59' lang='lat' dir='ltr'>imperabitis,</span> <span class='ocrx_word' id='word_1_660' title='bbox 1343 5041 1369 5096; x_wconf 66' lang='lat'>1¹¹</span> <span class='ocrx_word' id='word_1_661' title='bbox 1387 5055 1440 5111; x_wconf 78' lang='lat'>(11¹⁰</span> <span class='ocrx_word' id='word_1_662' title='bbox 1460 5039 1650 5096; x_wconf 88' lang='lat' dir='ltr'>continebatur</span> <span class='ocrx_word' id='word_1_663' title='bbox 1664 5035 1751 5108; x_wconf 66' lang='lat' dir='ltr'>timii·</span> 
     </span>
     <span class='ocr_line' id='line_1_55' title="bbox 127 5127 1749 5216; baseline -0.013 -15"><span class='ocrx_word' id='word_1_664' title='bbox 127 5160 226 5216; x_wconf 87' lang='lat' dir='ltr'>scopus</span> <span class='ocrx_word' id='word_1_665' title='bbox 236 5144 332 5201; x_wconf 88' lang='lat' dir='ltr'>obtulit</span> <span class='ocrx_word' id='word_1_666' title='bbox 348 5144 488 5200; x_wconf 88' lang='lat' dir='ltr'>serenitati</span> <span class='ocrx_word' id='word_1_667' title='bbox 510 5153 609 5200; x_wconf 77' lang='lat' dir='ltr'>nostre</span> <span class='ocrx_word' id='word_1_668' title='bbox 623 5143 753 5216; x_wconf 81' lang='lat' dir='ltr'>qrrasdam</span> <span class='ocrx_word' id='word_1_669' title='bbox 771 5142 917 5199; x_wconf 90' lang='lat' dir='ltr'>auctorita·</span> <span class='ocrx_word' id='word_1_670' title='bbox 965 5143 1007 5192; x_wconf 89' lang='lat' dir='ltr'>ter</span> <span class='ocrx_word' id='word_1_671' title='bbox 1018 5136 1113 5207; x_wconf 89' lang='lat' dir='ltr'>ipseet</span> <span class='ocrx_word' id='word_1_672' title='bbox 1126 5151 1192 5191; x_wconf 86' lang='lat' dir='ltr'>arus</span> <span class='ocrx_word' id='word_1_673' title='bbox 1204 5142 1295 5192; x_wconf 90' lang='lat' dir='ltr'>noster</span> <span class='ocrx_word' id='word_1_674' title='bbox 1306 5132 1435 5205; x_wconf 86' lang='lat' dir='ltr'>Pippinus</span> <span class='ocrx_word' id='word_1_675' title='bbox 1447 5131 1524 5186; x_wconf 82' lang='lat' dir='ltr'>bona</span> <span class='ocrx_word' id='word_1_676' title='bbox 1535 5127 1672 5185; x_wconf 80' lang='lat' dir='ltr'>memoriae</span> <span class='ocrx_word' id='word_1_677' title='bbox 1691 5139 1749 5189; x_wconf 85' lang='lat' dir='ltr'>rer,</span> 
     </span>
     <span class='ocr_line' id='line_1_56' title="bbox 127 5214 1751 5306; baseline -0.006 -15"><span class='ocrx_word' id='word_1_678' title='bbox 127 5235 403 5306; x_wconf 87' lang='lat' dir='ltr'>tespraedecessorum</span> <span class='ocrx_word' id='word_1_679' title='bbox 415 5241 583 5301; x_wconf 89' lang='lat' dir='ltr'>nostrorum,</span> <span class='ocrx_word' id='word_1_680' title='bbox 595 5250 688 5306; x_wconf 92' lang='lat' dir='ltr'>regum</span> <span class='ocrx_word' id='word_1_681' title='bbox 695 5233 819 5306; x_wconf 80' lang='lat' dir='ltr'>videlicet</span> <span class='ocrx_word' id='word_1_682' title='bbox 831 5232 915 5289; x_wconf 80' lang='lat' dir='ltr'>Frau-</span> <span class='ocrx_word' id='word_1_683' title='bbox 967 5239 1014 5280; x_wconf 69' lang='lat'>³0¹¹</span> <span class='ocrx_word' id='word_1_684' title='bbox 1029 5232 1214 5281; x_wconf 59' lang='lat' dir='ltr'>animi-lom</span> <span class='ocrx_word' id='word_1_685' title='bbox 1227 5237 1339 5289; x_wconf 90' lang='lat' dir='ltr'>eorum,</span> <span class='ocrx_word' id='word_1_686' title='bbox 1361 5236 1438 5292; x_wconf 71' lang='lat'>1&#39;0808</span> <span class='ocrx_word' id='word_1_687' title='bbox 1448 5219 1572 5275; x_wconf 67' lang='lat' dir='ltr'>Videlicet</span> <span class='ocrx_word' id='word_1_688' title='bbox 1590 5216 1705 5289; x_wconf 61' lang='lat' dir='ltr'>primi·</span> <span class='ocrx_word' id='word_1_689' title='bbox 1716 5214 1751 5270; x_wconf 76' lang='lat'>⁰¹¹</span> 
     </span>
     <span class='ocr_line' id='line_1_57' title="bbox 127 5308 1754 5395; baseline -0.012 -13"><span class='ocrx_word' id='word_1_690' title='bbox 127 5340 233 5388; x_wconf 90' lang='lat' dir='ltr'>eorum,</span> <span class='ocrx_word' id='word_1_691' title='bbox 251 5325 279 5380; x_wconf 89' lang='lat' dir='ltr'>in</span> <span class='ocrx_word' id='word_1_692' title='bbox 297 5325 395 5395; x_wconf 84' lang='lat' dir='ltr'>qrribns</span> <span class='ocrx_word' id='word_1_693' title='bbox 423 5323 631 5379; x_wconf 89' lang='lat' dir='ltr'>continebantur</span> <span class='ocrx_word' id='word_1_694' title='bbox 655 5323 728 5393; x_wconf 85' lang='lat' dir='ltr'>quod</span> <span class='ocrx_word' id='word_1_695' title='bbox 749 5322 847 5393; x_wconf 87' lang='lat' dir='ltr'>partim</span> <span class='ocrx_word' id='word_1_696' title='bbox 869 5337 914 5379; x_wconf 91' lang='lat' dir='ltr'>ne·</span> <span class='ocrx_word' id='word_1_697' title='bbox 968 5332 1088 5373; x_wconf 90' lang='lat' dir='ltr'>amorem</span> <span class='ocrx_word' id='word_1_698' title='bbox 1102 5317 1149 5373; x_wconf 88' lang='lat' dir='ltr'>llei</span> <span class='ocrx_word' id='word_1_699' title='bbox 1162 5316 1439 5386; x_wconf 73' lang='lat' dir='ltr'>tranquillitatemque</span> <span class='ocrx_word' id='word_1_700' title='bbox 1451 5310 1564 5366; x_wconf 87' lang='lat' dir='ltr'>iratrum</span> <span class='ocrx_word' id='word_1_701' title='bbox 1579 5308 1679 5366; x_wconf 90' lang='lat' dir='ltr'>ibidem</span> <span class='ocrx_word' id='word_1_702' title='bbox 1687 5321 1754 5362; x_wconf 89' lang='lat' dir='ltr'>con·</span> 
     </span>
     <span class='ocr_line' id='line_1_58' title="bbox 129 5397 1751 5489; baseline -0.01 -18"><span class='ocrx_word' id='word_1_703' title='bbox 129 5417 256 5489; x_wconf 77' lang='lat' dir='ltr'>gligentia</span> <span class='ocrx_word' id='word_1_704' title='bbox 269 5413 629 5479; x_wconf 89' lang='lat' dir='ltr'>incuriosorumbominum,</span> <span class='ocrx_word' id='word_1_705' title='bbox 642 5413 741 5484; x_wconf 88' lang='lat' dir='ltr'>partim</span> <span class='ocrx_word' id='word_1_706' title='bbox 754 5410 915 5483; x_wconf 88' lang='lat' dir='ltr'>depopulan-</span> <span class='ocrx_word' id='word_1_707' title='bbox 966 5409 1130 5474; x_wconf 84' lang='lat' dir='ltr'>sistentium,</span> <span class='ocrx_word' id='word_1_708' title='bbox 1144 5421 1250 5478; x_wconf 87' lang='lat' dir='ltr'>semper</span> <span class='ocrx_word' id='word_1_709' title='bbox 1272 5405 1360 5477; x_wconf 89' lang='lat' dir='ltr'>ipsum</span> <span class='ocrx_word' id='word_1_710' title='bbox 1376 5402 1569 5459; x_wconf 88' lang='lat' dir='ltr'>monasterium</span> <span class='ocrx_word' id='word_1_711' title='bbox 1592 5397 1751 5472; x_wconf 90' lang='lat' dir='ltr'>subpienis·</span> 
     </span>
    </p>
   </div>
   <div class='ocr_carea' id='block_1_9' title="bbox 128 5553 1752 5714">
    <p class='ocr_par' dir='ltr' id='par_1_15' title="bbox 128 5553 1752 5714">
     <span class='ocr_line' id='line_1_59' title="bbox 166 5553 1752 5637; baseline -0.014 -7"><span class='ocrx_word' id='word_1_712' title='bbox 166 5576 247 5631; x_wconf 87' lang='lat' dir='ltr'>·iloc</span> <span class='ocrx_word' id='word_1_713' title='bbox 273 5572 465 5629; x_wconf 84' lang='lat' dir='ltr'>monasterium</span> <span class='ocrx_word' id='word_1_714' title='bbox 482 5574 585 5637; x_wconf 85' lang='lat' dir='ltr'>postea-</span> <span class='ocrx_word' id='word_1_715' title='bbox 600 5580 661 5622; x_wconf 90' lang='lat' dir='ltr'>cum</span> <span class='ocrx_word' id='word_1_716' title='bbox 673 5563 807 5622; x_wconf 75' lang='lat' dir='ltr'>lileriensi</span> <span class='ocrx_word' id='word_1_717' title='bbox 836 5563 865 5619; x_wconf 84' lang='lat' dir='ltr'>S.</span> <span class='ocrx_word' id='word_1_718' title='bbox 884 5563 997 5620; x_wconf 79' lang='lat' dir='ltr'>Romani</span> <span class='ocrx_word' id='word_1_719' title='bbox 1028 5563 1098 5617; x_wconf 87' lang='lat' dir='ltr'>idem</span> <span class='ocrx_word' id='word_1_720' title='bbox 1110 5562 1256 5630; x_wconf 85' lang='lat' dir='ltr'>imperator</span> <span class='ocrx_word' id='word_1_721' title='bbox 1268 5558 1299 5614; x_wconf 86' lang='lat' dir='ltr'>ad</span> <span class='ocrx_word' id='word_1_722' title='bbox 1310 5572 1403 5628; x_wconf 88' lang='lat' dir='ltr'>preces</span> <span class='ocrx_word' id='word_1_723' title='bbox 1415 5557 1528 5613; x_wconf 82' lang='lat' dir='ltr'>Siebarii</span> <span class='ocrx_word' id='word_1_724' title='bbox 1540 5573 1544 5581; x_wconf 95' lang='lat'>·</span> <span class='ocrx_word' id='word_1_725' title='bbox 1555 5554 1673 5625; x_wconf 73' lang='lat' dir='ltr'>episcopi</span> <span class='ocrx_word' id='word_1_726' title='bbox 1698 5553 1752 5609; x_wconf 80' lang='lat' dir='ltr'>lie·</span> 
     </span>
     <span class='ocr_line' id='line_1_60' title="bbox 128 5639 560 5714; baseline -0.03 -9"><span class='ocrx_word' id='word_1_727' title='bbox 128 5648 219 5705; x_wconf 74' lang='lat' dir='ltr'>clcsiac</span> <span class='ocrx_word' id='word_1_728' title='bbox 234 5642 424 5714; x_wconf 74' lang='lat' dir='ltr'>burris-galensi</span> <span class='ocrx_word' id='word_1_729' title='bbox 439 5639 560 5709; x_wconf 74' lang='lat' dir='ltr'>subiecit.</span> 
     </span>
    </p>
   </div>
   <div class='ocr_carea' id='block_1_10' title="bbox 0 0 1910 6120">
    <p class='ocr_par' dir='ltr' id='par_1_16' title="bbox 0 0 1910 6120">
     <span class='ocr_line' id='line_1_61' title="bbox 0 0 1910 6120; baseline 0 1"><span class='ocrx_word' id='word_1_730' title='bbox 0 0 1910 6120; x_wconf 95' lang='lat' dir='ltr'> </span> 
     </span>
    </p>
   </div>
  </div>
 </body>
</html>
