3832 6120
152 253 207 316 {79
630 257 659 313 S.
679 254 852 314 sobolum
868 252 1021 312 belsebul
1040 251 1282 313 susurramus
1733 254 1786 313 l80

156 403 1782 424 *ww-w*

493 504 781 590 EPISTOLA
811 505 888 588 ΑΙ)
916 506 1437 593 BARTHOLOMAEUM

742 682 920 727 EPISCOPUM
942 677 1178 724 NARBONENSEM

571 816 624 879 DE
645 813 904 891 Quoubuuanl
927 809 1139 874 INLUSIONE
1169 811 1383 876 SIGNORUM.

184 1005 204 1060 l.
225 1003 462 1061 Reverendissimo
476 1017 508 1058 ac
531 1001 707 1060 dilectissimo
721 1002 831 1058 domino
845 1009 874 1057 ct
884 999 941 1055 lra·
954 1005 980 1066 A
993 1016 1067 1056 mum
1081 1010 1124 1056 est
1138 1002 1210 1071 quod
1232 1002 1291 1057 istm
1304 1018 1495 1073 percussiones
1519 1019 1580 1062 esse
1604 1023 1657 1064 non
1670 1023 1786 1081 possunt

149 1099 182 1156 tri
205 1111 218 1140 ι
235 1097 431 1153 Bartholomaeo
445 1096 582 1166 episeopo,
606 1092 938 1166 monomachorum·
989 1090 1042 1146 uisi
1059 1091 1116 1146 lieo
1126 1092 1310 1161 permittente,
1324 1094 1362 1148 ita
1373 1095 1558 1151 certissimum
1574 1098 1647 1155 nulla
1665 1101 1717 1157 alia
1729 1105 1783 1160 vir·

147 1206 195 1246 sus
208 1197 262 1244 etr
281 1188 388 1253 Florus,
405 1187 432 1242 in
449 1186 563 1242 Domino
579 1187 644 1242 lesu
664 1184 775 1242 Christo
792 1186 938 1257 sempiter-
990 1190 1046 1239 tute
1062 1183 1244 1249 ministrante,
1269 1184 1320 1240 nisi
1337 1186 1432 1258 angelo
1455 1189 1633 1258 percutiente.
1653 1192 1784 1261 erisnam
1808 1230 1809 1234 =

146 1278 345 1335 namsalutem.
356 1276 757 1349 Cognovlmussollieitamcssc
768 1275 939 1347 prudentiam
990 1273 1027 1328 ita
1040 1272 1139 1329 stultus
1157 1275 1256 1346 estqui
1279 1277 1393 1342 nesciat,
1412 1286 1440 1333 et
1462 1280 1608 1337 visibiliter
1622 1291 1649 1338 et
1662 1285 1784 1343 invisibi-

145 1375 277 1432 vestram,
291 1381 408 1436 quonam
425 1365 503 1421 modo
527 1365 613 1436 accipi
629 1365 725 1421 debeat
744 1365 809 1421 illud
826 1364 897 1435 quod
910 1364 939 1420 in
989 1362 1053 1418 liter
1065 1363 1279 1434 omnipotentem
1291 1364 1375 1421 Deum
1392 1365 1662 1438 flagellarehomines
1675 1374 1708 1429 ad
1721 1391 1784 1431 eru·

145 1458 264 1530 quodam
276 1459 337 1515 loco
352 1468 493 1528 coeperunt
517 1458 576 1514 lleri
598 1460 720 1530 quaedam
736 1460 938 1530 percussiones,
989 1454 1118 1511 ditionem
1133 1463 1162 1510 ει
1172 1457 1396 1526 conversionem
1417 1475 1470 1516 uon
1487 1461 1573 1517 solum
1584 1479 1635 1534 per
1645 1467 1781 1535 homiues,

145 1549 229 1604 itaut
253 1548 381 1603 caderent
408 1548 531 1618 quidam,
558 1548 637 1602 modo
659 1546 876 1618 epilepticorum,
896 1546 939 1602 val
989 1546 1128 1601 sedetiam
1146 1563 1196 1617 per
1211 1546 1324 1615 bestias,
1343 1560 1370 1606 et
1391 1566 1440 1621 per
1460 1552 1642 1612 minutissima
1665 1564 1694 1612 et
1709 1559 1782 1614 vilis·

145 1656 241 1695 eorum
253 1655 321 1710 quos
332 1638 427 1710 vulgus
443 1640 624 1695 daemoniacos
647 1646 736 1708 putat,
752 1639 794 1694 vel
806 1638 936 1693 nominat.
988 1636 1056 1690 sima
1081 1651 1194 1707 qusque
1219 1638 1366 1695 animantia
1379 1639 1391 1694 i
1404 1655 1455 1696 nec
1479 1649 1585 1699 tautum
1610 1660 1660 1714 per
1681 1647 1782 1718 ignitos

146 1730 223 1798 Quod
251 1728 304 1785 etl
319 1729 429 1799 quidam
460 1725 631 1784 venerandus
662 1726 747 1785 irater
776 1727 939 1799 significavit
988 1735 1138 1798 serpentes,
1152 1728 1200 1783 sed
1215 1735 1242 1783 et
1256 1743 1306 1799 per
1318 1744 1400 1785 ranas
1411 1738 1439 1786 et
1458 1747 1575 1798 muscas,
1592 1741 1620 1789 et
1632 1735 1780 1807 sciniphas,

145 1822 242 1888 nobis;
260 1821 379 1877 maxime
391 1833 403 1862 ⁰
417 1823 444 1876 in
461 1823 578 1892 quadam
601 1822 715 1878 ccclesia
730 1823 774 1879 ubi
798 1822 937 1892 cuiusdam
987 1826 1015 1873 et
1029 1819 1164 1875 locustas:
1180 1827 1350 1875 nectentem
1377 1834 1426 1892 per
1440 1823 1601 1890 animantia,
1626 1827 1674 1882 scd
1687 1843 1736 1898 per
1750 1839 1780 1886 et

143 1912 232 1968 sancti
246 1927 343 1982 corpus
356 1920 509 1978 veneratur,
524 1913 633 1967 nomine
648 1909 658 1950 ¹
674 1911 798 1968 Firmini.
817 1913 851 1968 Et
865 1927 937 1969 nunc
987 1908 1146 1973 inanimata.
1174 1908 1245 1964 sicut
1271 1923 1320 1978 per
1334 1910 1503 1981 grandinem,
1527 1927 1577 1982 per
1592 1913 1711 1982 flumina,
1730 1931 1781 1987 per

141 2020 252 2076 pervos
273 2004 456 2075 comperimus
473 2005 562 2060 adbuc
580 2004 663 2060 etiam
684 2003 738 2060 alio
752 2019 851 2076 gernere
866 2003 935 2071 lieri,
986 1999 1100 2068 pluvias,
1120 2015 1169 2070 per
1182 2000 1327 2056 siccitates.
1355 2000 1435 2056 Novit
1457 2003 1552 2073 utique
1574 2007 1717 2073 pmdentia
1730 2023 1778 2063 re-

142 2103 175 2149 m
188 2095 332 2151 videamur
344 2095 535 2150 assentiantur
563 2095 762 2165 tricorporibus
792 2096 937 2152 boninum
987 2098 1044 2145 sua
1059 2090 1130 2146 uude
1142 2090 1293 2160 loquamur,
1315 2098 1427 2147 auctore
1445 2102 1540 2149 sancto
1554 2093 1706 2165 Scriptura.
1723 2094 1779 2151 Sed

143 2188 271 2259 stigmata
287 2187 449 2252 exustionis,
464 2187 544 2257 qnasi
560 2187 584 2242 si
602 2186 714 2258 sulphor
734 2187 835 2244 arsisse
851 2187 878 2242 in
894 2185 935 2242 lo·
986 2188 1015 2235 et
1032 2181 1054 2237 si
1073 2182 1221 2237 dixerimus
1232 2182 1334 2248 monos,
1349 2183 1506 2250 crabrones,
1517 2185 1643 2250 brucum.
1656 2201 1778 2252 erucam.

143 2277 183 2332 cis
196 2276 248 2332 illis
263 2278 504 2348 contigisset:nec
522 2285 611 2333 tamen
631 2277 701 2333 mori
717 2277 834 2349 aliquem
845 2294 879 2334 ex
888 2279 933 2335 bis
985 2275 1146 2346 aenrginem,
1175 2274 1388 2340 devorationem,
1416 2273 1517 2340 idest,
1549 2277 1777 2344 meredictioucm,

141 2367 300 2423 dictumest
315 2367 402 2432 nobis,
420 2382 470 2423 nec
482 2383 645 2438 quemquam
671 2368 723 2425 alia
736 2377 801 2425 aute
816 2368 932 2424 inlirrni-
948 2357 973 2418 B
988 2365 1053 2436 (quo
1081 2381 1135 2421 uno
1153 2365 1263 2420 nomine
1286 2364 1371 2420 multa
1399 2364 1512 2437 intelligi
1529 2368 1652 2438 possunt)
1683 2370 1777 2424 eadem

142 2463 198 2510 tate
211 2454 382 2528 languentem
398 2457 499 2511 curari.
519 2455 584 2524 Quae
600 2458 723 2515 videntes
741 2459 883 2530 utriumque
895 2474 935 2515 se·
987 2464 1099 2511 auctore
1113 2456 1175 2512 crit.
1194 2455 1223 2510 Si
1244 2463 1332 2511 autem
1348 2463 1375 2511 ct
1390 2456 1574 2512 addiderimus
1584 2473 1673 2524 tunsos,
1687 2458 1777 2530 lupos,

140 2555 230 2602 auset
245 2545 358 2602 diversae
372 2547 462 2602 aetatis
474 2547 607 2614 homines,
622 2548 739 2607 ollemnt
754 2550 781 2607 in
791 2550 862 2617 loco,
875 2559 932 2618 aut,
987 2562 1050 2603 sues
1066 2555 1093 2601 et
1108 2562 1201 2603 cervos
1218 2545 1368 2612 silvestres,
1384 2546 1448 2602 licet
1473 2546 1553 2603 iacile
1568 2549 1601 2604 de
1629 2548 1777 2620 Scripturis

141 2635 213 2690 sicut
227 2634 326 2701 dicitis,
346 2634 423 2691 loeis.
440 2635 501 2691 lam
515 2638 589 2693 enim
603 2645 631 2694 et
646 2638 747 2697 inullis
763 2639 823 2696 lieri
840 2641 935 2698 viden·
986 2641 1135 2698 monstrari
1149 2657 1204 2696 non
1227 2641 1323 2712 possit,
1339 2641 1460 2713 exempla
1477 2649 1634 2696 tamennon
1650 2643 1774 2698 deerunt.

139 2736 187 2782 tur
208 2727 331 2797 quaedam
348 2727 460 2784 donaria
485 2745 546 2800 quae
558 2731 748 2801 unusquisque
766 2739 867 2802 potest,
886 2743 930 2794 aut
1020 2734 1053 2789 ll.
1073 2732 1204 2801 Quamvis
1217 2732 1373 2788 exustiones
1389 2733 1458 2798 istac,
1475 2749 1557 2802 super
1574 2734 1671 2803 quibus
1684 2749 1778 2790 mouc-

139 2819 169 2874 ia
186 2834 253 2875 auro
264 2826 292 2874 et
303 2828 426 2890 argento,
441 2818 483 2874 vel
500 2820 655 2890 pecoribus,
667 2821 754 2877 autin
767 2822 933 2893 quibuscun-
985 2825 1063 2892 mini,
1091 2839 1145 2880 non
1173 2823 1287 2880 multum
1314 2822 1416 2880 distent
1433 2840 1448 2878 a
1465 2825 1563 2880 vesicis
1594 2826 1773 2896 turgentibus,

140 2925 195 2982 quc
217 2910 370 2982 speciebus,
394 2910 494 2967 nullius
518 2911 720 2978 exhortatione,
737 2911 810 2968 nulla
827 2914 932 2969 ratione
982 2918 1035 2984 vel,
1053 2917 1123 2973 sicut
1135 2915 1187 2971 alia
1206 2913 1290 2971 editio
1306 2914 1381 2980 dicit,
1397 2913 1513 2971 leravris
1532 2914 1668 2987 AEgyptiis
1682 2915 1775 2983 illatis,

142 3007 285 3075 admoniti,
304 3008 350 3064 sed
363 3005 541 3062 irrationabili
556 3014 661 3062 termrc
682 3006 821 3077 perterriti
836 3024 844 3062 z
860 3008 932 3078 quod
982 3018 1010 3066 et
1021 3010 1073 3065 illis
1083 3007 1304 3080 percussionibus
1320 3023 1388 3077 quas
1403 3006 1565 3064 Plrilisthacis
1579 3007 1712 3080 irrogatas
1726 3008 1776 3064 Sa·

139 3099 219 3154 nobis
232 3098 346 3154 multum
361 3097 441 3153 stulte
454 3097 514 3153 lieri
530 3096 657 3162 videtur;
679 3111 740 3152 cum
761 3096 834 3153 nulla
855 3099 932 3170 signa
982 3100 1080 3155 muelis
1106 3098 1231 3154 volumen
1257 3099 1418 3155 nominatim
1432 3099 1610 3164 demonstrat,
1625 3107 1653 3154 et
1665 3114 1699 3155 ex
1716 3099 1777 3154 tali-

139 3192 299 3257 sanitatum,
315 3190 389 3246 nulla
404 3205 467 3261 spes
479 3187 682 3260 propitiationis
704 3187 803 3243 ibidem
820 3188 932 3244 demon·
981 3191 1032 3246 bus
1048 3189 1275 3261 prominentibus.
1290 3187 1320 3243 ln
1335 3189 1433 3258 quibus
1444 3189 1569 3245 omuibus
1584 3204 1644 3259 quae
1658 3204 1777 3245 erzurne·

138 3292 262 3340 otrentur
278 3301 285 3337 ε
303 3281 497 3354 propterquod
509 3278 616 3335 lucilius
631 3278 737 3334 adverti
758 3284 930 3350 poteratque
981 3293 1040 3340 rata
1059 3284 1152 3354 utique
1163 3290 1236 3349 sunt,
1253 3282 1314 3351 quis
1329 3289 1371 3336 est
1384 3281 1431 3350 qui
1442 3281 1569 3351 ignorare
1585 3281 1772 3351 permittatur,

137 3383 210 3431 esset
222 3374 327 3431 caumla
338 3372 555 3431 custodiendum.
570 3372 605 3427 Et
627 3377 703 3427 certe
725 3370 797 3427 sicut
819 3372 930 3428 verissi·
982 3375 1117 3446 quomodo
1132 3388 1212 3444 agere
1226 3373 1360 3443 patientes
1386 3379 1433 3427 aut
1447 3373 1589 3428 audientes
1604 3374 1730 3439 debeant,
1746 3385 1777 3432 ct

812 3461 953 3520 BALUle
968 3464 1086 3523 NOTAE.

175 3571 188 3601 ι
208 3556 543 3628 Rartbolomoeo‘episeopo
567 3554 736 3612 Narbonensi
760 3561 822 3624 post
845 3552 933 3609 Nibri·
985 3554 1063 3624 quus
1074 3564 1180 3624 partem
1194 3552 1277 3609 edidit
1288 3550 1416 3617 Catullus,
1434 3552 1480 3607 sed
1496 3553 1567 3623 quod
1579 3568 1629 3609 nos
1642 3553 1775 3612 babemus

137 3629 222 3686 dium.
237 3626 363 3684 interluit
376 3635 467 3683 autem
482 3627 628 3682 concilioa
666 3622 931 3681 dTolosambabito
985 3626 1118 3696 integrum
1136 3641 1169 3681 et
1191 3623 1347 3679 authentico
1365 3623 1538 3692 descriptum.
1560 3622 1693 3679 eororam
1712 3625 1775 3683 libri

138 3714 212 3756 anno
230 3699 300 3763 828,
325 3713 379 3753 uua
400 3712 463 3754 cum
486 3697 609 3752 Notbone
653 3695 778 3752 relatensi
797 3695 932 3765 archiepi·
984 3697 1041 3753 sire
1058 3696 1178 3766 epistole
1191 3695 1268 3750 istius
1279 3694 1312 3748 ad
1325 3692 1549 3749 bartholomeum
1572 3693 1774 3752 Narbonensem

138 3785 231 3841 scopo,
246 3779 274 3826 ct
285 3768 392 3839 hgiullo
405 3768 576 3823 bituricensi.
592 3767 660 3822 Tum
672 3767 745 3822 circa
763 3780 864 3820 arrrmm
878 3765 930 3821 sot
944 3768 966 3832 C
982 3767 1137 3837 episcopum
1152 3766 1275 3820 meminit
1290 3762 1388 3818 broulo
1406 3763 1592 3833 Lugdunensis
1611 3764 1637 3819 iu
1661 3766 1773 3835 epistola

137 3841 299 3911 subscripsit
322 3838 461 3911 privilegio
483 3837 585 3893 hidrici
610 3835 775 3892 senonensis
797 3835 930 3906 archiepi-
982 3837 1228 3893 adTlreodboldum
1247 3835 1453 3904 lingonensem.

136 3913 210 3981 scopi
221 3926 270 3981 pro
279 3911 444 3964 monasterio
454 3909 541 3964 sancti
553 3907 666 3978 Remigii
675 3905 929 3975 senonensis,quod
1016 3909 1031 3949 b
1049 3907 1206 3978 llildiqisua.
1223 3905 1410 3960 llincconstat
1423 3904 1494 3960 hunc
1511 3904 1671 3977 llildigisum
1689 3905 1773 3965 luisse

136 3991 226 4036 exstat
245 3982 275 4035 in
295 3989 367 4034 tomo
387 3979 409 4034 ll
430 3978 566 4048 Spieilegii
584 3978 679 4033 Donud
697 3977 776 4032 Lucae
793 3977 928 4032 hecherii.
980 3996 1014 4035 ex
1028 3979 1101 4034 clero
1117 3975 1296 4050 Lugdunensi.
1313 3974 1346 4029 Et
1360 3975 1432 4029 haud
1447 3975 1525 4031 dubie
1542 3977 1684 4048 presbyter
1701 3987 1771 4043 erat,

136 4052 233 4107 Postea
247 4065 309 4104 cum
322 4048 467 4104 Lotbarius
480 4047 548 4118 Aug.
562 4047 691 4103 adversus
707 4047 874 4102 Ludovicum
886 4063 930 4116 pa·
980 4065 1041 4104 cum
1072 4057 1115 4104 ost
1125 4048 1200 4103 illum
1214 4046 1366 4103 dominetur
1380 4045 1494 4111 Florus,
1508 4048 1553 4117 qui
1566 4046 1696 4102 diaconus
1712 4056 1773 4102 tau·

136 4132 205 4175 trem
218 4119 369 4182 rebellaret,
383 4117 596 4172 uorruoiomaeus
610 4117 729 4172 Lotlrarii
762 4126 834 4169 artes
847 4115 927 4182 iorit;
980 4128 1037 4174 tum
1051 4064 1111 4172 Faus.

136 4192 306 4258 aberunthuc
321 4188 449 4244 Lotbario
469 4188 495 4241 in
510 4187 613 4241 ltaliam
627 4201 698 4241 anno
714 4133 776 4251 855,
792 4184 931 4241 llartbolo-
1017 4187 1155 4242 artorio.
1187 4188 1321 4242 Diaconos
1344 4187 1466 4243 ecclesio
1491 4186 1692 4256 Lugdunensis,
1717 4187 1769 4252 vir,

135 4275 236 4324 numus,
250 4259 344 4314 relicta
361 4264 456 4313 contra
475 4271 568 4311 sacras
583 4257 690 4327 regulas
707 4257 772 4312 sede
789 4270 850 4320 stra,
866 4271 929 4311 curn
980 4267 1109 4329 quantum
1124 4256 1226 4313 terebat
1238 4257 1281 4311 illa
1295 4266 1370 4323 aetas,
1384 4258 1589 4320 emditissimus,
1599 4258 1678 4313 erlitis
1689 4258 1771 4313 etlam

135 4332 280 4386 comitatus
291 4338 349 4395 est,
364 4336 395 4384 ut
409 4327 574 4384 Flodoardus
591 4327 674 4382 tradit
691 4327 737 4381 lib.
757 4342 788 4391 n,
807 4340 866 4397 cap.
882 4326 926 4392 ao,
980 4328 1209 4384 lucubrationibus
1226 4327 1316 4383 clarus
1336 4347 1342 4382 :
1363 4328 1505 4398 dequibus
1520 4328 1636 4382 divimus
1652 4328 1678 4382 iu
1697 4329 1770 4382 notis

135 4401 260 4456 ilistoriae
279 4399 449 4455 lihemensis.
470 4399 569 4454 llanslt
586 4412 651 4470 ergo
669 4397 882 4452 bartholomaeus
900 4397 927 4451 in
979 4400 1013 4454 acl
1027 4398 1064 4452 Lu
1086 4415 1131 4453 um
1146 4397 1358 4453 Ferrariensem.
1372 4399 1469 4453 Exstat
1480 4408 1570 4453 nutem
1587 4397 1690 4453 libellus
1703 4398 1773 4465 ejus·

134 4472 212 4526 ltalia
226 4486 312 4541 usque
327 4471 361 4525 ad
375 4486 476 4525 armum
493 4469 554 4525 8ll.
569 4467 637 4524 'luam
656 4484 721 4524 vero
734 4483 795 4522 cum
812 4465 929 4522 Ludovi·
979 4470 1040 4525 dem
1078 4470 1128 4524 lori
1147 4469 1180 4523 de
1199 4467 1376 4524 electionibus
1390 4470 1592 4540 episcoporum,
1608 4468 1654 4537 qui
1672 4485 1687 4523 a
1704 4468 1773 4524 blas·

81 4609 88 4616 ι
133 4558 183 4598 cus
195 4541 314 4597 Lotlrarii
333 4540 405 4596 salius
419 4541 533 4598 Romam
546 4547 686 4611 pergeret,
701 4539 828 4593 mandata
841 4537 928 4608 patris
978 4539 1251 4595 sonoeditusestad
1266 4539 1367 4594 calcem
1383 4555 1494 4609 operum
1509 4539 1771 4610 Agabardi,qucm-

134 4613 170 4668 ad
192 4612 346 4682 pontificem
365 4625 545 4680 proceresque
564 4610 701 4666 Romanos
717 4608 870 4677 perlaturus
894 4608 928 4662 de
978 4626 1031 4681 que
1042 4625 1092 4666 nos
1104 4624 1164 4665 eam
1176 4610 1261 4679 ipsam
1273 4609 1308 4664 ob
1319 4625 1428 4665 causam
1442 4610 1551 4680 prodire
1562 4608 1695 4664 soluimus
1707 4624 1770 4664 cum

132 4684 349 4737 ordinationibus
371 4681 529 4750 pontificum
551 4680 746 4741 Romarromm,
776 4677 840 4735 illuc
881 4693 928 4732 uo-
977 4679 1110 4736 eisdemo
1130 4679 1230 4736 eribus.
1644 4700 1646 4705 ’

133 4768 187 4822 que
200 4752 364 4807 Ludovicum
379 4753 524 4805 comitatus
536 4759 587 4805 est.
599 4749 633 4804 llt
644 4765 705 4804 curn
718 4748 741 4802 is
752 4755 851 4804 uuetats
861 4694 928 4803 quis·
1011 4750 1026 4792 d
1047 4695 1162 4817 Quidem
1183 4748 1346 4804 reuerendus
1367 4748 1458 4819 irater.
1477 4749 1626 4820 Episcopus
1640 4750 1770 4806 nimirum

132 4832 175 4878 set
188 4823 215 4877 in
227 4837 318 4893 regem
331 4819 579 4890 Langobardorum,
593 4817 805 4874 Bartlmlommus
817 4828 926 4890 arrepta
977 4821 1145 4878 Uceticeusis
1158 4823 1185 4876 in
1198 4820 1285 4890 prima
1300 4818 1486 4882 Narbonensi,
1499 4827 1529 4873 ut
1541 4833 1591 4889 ego
1603 4819 1711 4890 quidem
1726 4837 1770 4874 ar·

132 4893 184 4950 hac
195 4893 339 4950 occasione
352 4888 477 4960 Sergium
495 4889 516 4945 ll
534 4889 688 4958 pontificem
699 4889 787 4943 oravit
799 4903 852 4943 una
863 4905 925 4944 eum
976 4892 1072 4947 bitror.
1088 4890 1205 4946 Sedebat
1217 4897 1307 4944 autem
1328 4896 1385 4944 tum
1400 4890 1470 4960 apud
1486 4888 1604 4946 Uectium
1619 4888 1769 4958 Elclantus,

131 4963 243 5020 Ebbone
256 4960 402 5019 Rhemeusi
421 4979 430 5011 r
450 4969 480 5014 ut
498 4976 545 5015 eos
563 4959 739 5015 reconciliare
760 4973 793 5014 ac
814 4958 925 5030 pallium
977 4970 1006 5017 ut
1017 4971 1090 5032 patet
1103 4978 1135 5016 ex
1151 4961 1267 5014 llanuali
1281 4960 1424 5015 Duodenae.

130 5035 171 5089 eis
182 5035 301 5090 tribuere
317 5034 483 5104 dignaretur.
500 5030 573 5096 Quos
584 5029 665 5084 etiam
681 5031 753 5085 idem
763 5029 861 5098 praesul
875 5044 925 5085 nec
1014 5043 1026 5072 ⁸
1044 5031 1077 5086 ln
1090 5030 1206 5102 qrrcdam
1219 5030 1343 5095 ecelesia,
1359 5030 1386 5084 in
1405 5030 1515 5085 civitate
1535 5028 1688 5085 Uceticeusi
1703 5029 1768 5097 sita,

130 5106 346 5161 communionem
369 5104 441 5158 inter
458 5102 571 5156 clericos
590 5101 685 5172 dignos
706 5115 766 5155 esse
786 5099 925 5170 suscipere
976 5109 1006 5155 ut
1022 5109 1129 5156 constat
1147 5115 1181 5155 ex
1203 5100 1316 5169 epistola
1335 5099 1475 5154 dmulonis
1499 5102 1532 5156 ad
1555 5099 1768 5164 Theodboldum,

130 5174 250 5240 dicebat,
271 5175 318 5231 sed
341 5175 412 5229 inter
432 5186 602 5229 communem
626 5170 752 5240 populum
776 5148 1003 5242 coarmari-Dp.
1018 5171 1079 5226 tot.

130 5245 210 5298 randi
235 5245 370 5301 licentiam
394 5242 580 5298 tantummodo
604 5241 744 5296 baberent.
767 5260 776 5292 a
798 5240 835 5294 lla
851 5241 923 5294 enim
1015 5241 1025 5280 f
1046 5239 1176 5304 Firmini,
1199 5239 1366 5295 licetrccnsrs
1386 5255 1520 5311 episcopt,
1547 5239 1592 5309 qui
1612 5255 1656 5294 an.
1675 5238 1727 5293 olo
1741 5247 1770 5292 et

131 5315 211 5369 docet
230 5325 324 5370 auctor
343 5314 486 5370 Gestorum
503 5310 701 5367 Pontificalium
724 5311 758 5365 ab
777 5309 923 5364 llincmaro
976 5311 1029 5367 555
1043 5312 1070 5365 in
1088 5326 1118 5365 ea
1134 5310 1264 5365 cathedra
1279 5310 1363 5375 sedit,
1380 5310 1510 5380 cariusque
1527 5311 1651 5364 meminit
1670 5309 1770 5363 drator

130 5383 256 5439 laudatus
271 5386 298 5440 in
310 5385 400 5454 capite
409 5385 443 5438 56
455 5383 613 5452 posterioris
627 5382 718 5450 operis
730 5380 860 5435 adversus
873 5378 923 5435 Go
976 5380 1156 5437 subdiaconus
1177 5381 1203 5434 in
1217 5380 1329 5448 epistola
1343 5382 1376 5434 ad
1398 5380 1572 5435 Parthenium
1589 5395 1603 5434 a
1623 5378 1769 5434 Sirruundo

131 5454 309 5518 tltcscalcum,
323 5469 384 5534 pag.
403 5454 464 5508 3⁸26.
481 5455 575 5577 Ιιεᾶιιιε
592 5450 696 5520 dejecto
715 5450 921 5516 bartholomaeo,
976 5451 1048 5507 edita
1063 5458 1125 5521 post
1142 5458 1220 5505 notas
1235 5450 1268 5503 ad
1286 5450 1449 5505 Ennorlium.
1467 5452 1602 5506 llabemus
1618 5464 1699 5518 porro
1719 5464 1769 5503 taos

129 5523 258 5580 Berarius
273 5524 298 5577 in
313 5539 370 5590 equs
382 5523 468 5579 locum
483 5541 514 5579 su
536 5532 611 5578 octus
624 5529 665 5578 cst
681 5536 688 5575 :
704 5535 785 5591 quem
798 5520 924 5576 Narbone
977 5522 1066 5578 Vitam
1079 5521 1147 5590 ejus,
1160 5536 1175 5575 a
1190 5519 1254 5573 viris
1265 5521 1379 5574 enrditis
1391 5521 1536 5583 laudatum,
1549 5520 1666 5575 nondum
1678 5529 1769 5573 tamen

132 5595 236 5650 sedisse
259 5594 364 5663 reperio
382 5609 426 5648 an.
446 5593 513 5659 Sil,
535 5594 568 5648 la
588 5594 646 5648 llal.
665 5591 728 5647 lulil
744 5591 770 5644 in
788 5599 923 5662 prompto
976 5592 1092 5656 editam,
1113 5605 1192 5660 quam
1212 5589 1276 5643 olim
1295 5590 1399 5646 Tolosae
1421 5592 1613 5661 descripsimus
1630 5605 1662 5644 cx
1678 5603 1774 5662 perre-

131 5664 220 5722 Garoli
232 5665 304 5720 Calvi
318 5664 388 5734 regis
399 5679 431 5719 co
442 5664 485 5720 dic
496 5666 557 5720 dato
565 5681 614 5736 pro
626 5660 923 5727 ccelesiaNarboncasi,
977 5669 1049 5720 tusto
1063 5662 1155 5720 coelice
1170 5676 1221 5716 urs.
1236 5660 1341 5731 collegii
1355 5661 1500 5720 Fanensis.
