3832 6120
140 319 196 376 '133
463 307 695 378 QbAEsrtones
712 304 788 360 XXX
807 277 924 360 SUPBB¹
941 302 1064 358 LIBROS
1080 301 1215 358 nenne.
1233 332 1268 342 -
1286 301 1388 357 trouu
1408 302 1451 357 ιιι.
1721 305 1773 362 736
1804 377 1810 396 x

137 431 336 505 proficiendum
350 427 383 481 de
395 425 489 481 uirtute
499 427 527 479 in
538 424 670 479 uirtutem.
684 422 732 479 Vel
745 429 818 478 certe
828 420 931 490 lapides
945 425 971 480 A
982 419 1033 474 bus
1049 421 1169 490 propius,
1185 435 1217 475 ac
1238 418 1393 490 diligentius
1416 420 1584 476 intuentibus
1606 423 1772 491 apparebant
1794 483 1798 491 ,

139 520 312 582 fundamenti
323 517 438 589 glandes
448 516 573 586 pretiosi,
585 513 756 584 etquadratl‚
769 511 849 583 primi
858 519 930 573 sunt,
983 515 1048 563 ante
1060 506 1211 573 oruealmn,
1235 524 1288 564 non
1302 516 1392 563 umen
1406 507 1464 562 lteri
1476 516 1594 578 poterat,
1608 515 1638 562 nt
1650 509 1708 578 ipsa
1728 525 1771 566 eo

138 625 263 683 utsupra
275 605 594 672 diximus,Bcclesiarum
609 604 734 675 magistri
748 596 931 673 (cernuo),
985 616 1044 656 rum
1061 602 1150 671 capita
1164 609 1228 657 ante
1243 601 1383 657 oraculum
1396 601 1556 666 eminerent,
1567 601 1633 672 qnia
1645 603 1775 659 nimirum

139 706 187 778 qui
198 703 233 759 ab
245 701 303 772 ipso
311 699 424 754 ιιιιιιιιιιο
437 697 549 753 verbnm
565 693 820 751 audieruntsalutis.
833 691 933 761 Super·
976 707 1094 747 uerene
1106 699 1175 757 erat,
1186 699 1217 745 nt
1229 691 1322 747 clauso
1332 692 1451 755 oraculo,
1461 698 1489 747 et
1498 707 1618 763 appenso
1627 702 1691 750 ante
1701 694 1772 749 ostia

138 795 222 870 positi
228 799 317 848 aumas
329 789 439 844 ordines
449 787 580 858 lapidum,
592 786 649 841 sire
659 784 805 855 lignorum,
817 776 934 851 sequen·
983 780 1053 848 relo,
1076 781 1127 850 ipat
1142 789 1249 852 quoque
1260 790 1353 837 tentes
1366 782 1415 836 toti
1437 797 1499 837 cura
1512 797 1586 847 arca,
1600 790 1628 837 et
1642 784 1774 838 cherubin

141 898 239 941 tessuo
248 895 356 953 qnoque
368 887 490 947 tempore
504 875 796 942 sacerdotes,quorum
809 866 851 924 rel
861 883 932 938 prae·
984 875 1149 930 abderentur
1162 874 1293 940 interium
1308 874 1380 944 quod
1393 873 1453 928 tleri
1473 889 1528 929 non
1540 880 1659 943 poterat,
1674 874 1696 929 si
1711 888 1775 944 pro

140 976 288 1035 emtione.
301 986 333 1026 ae
347 967 499 1024 ministerio
513 966 615 1021 taurica
626 963 725 1020 crescit
737 961 874 1025 Ecclesia,
891 959 933 1013 vel
984 965 1118 1021 minantes
1128 964 1344 1021 atteriusrectes
1355 966 1537 1035 producendis
1550 966 1583 1020 ae
1595 964 1774 1021 claudendum

140 1064 273 1140 (ornatur)
287 1054 601 1118 ordinaturrirtutibus.
617 1055 717 1124 Quales
737 1062 827 1108 autem
842 1052 933 1108 colore
983 1054 1061 1110 ostiis
1083 1055 1171 1111 locum
1196 1071 1249 1111 non
1274 1056 1381 1112 darem.
1402 1055 1522 1123 Quorum
1539 1057 1703 1126 positionem
1727 1071 1773 1111 rc·

139 1157 244 1214 ineunt
255 1153 369 1224 lapides,
384 1149 482 1219 quibus
495 1148 599 1203 tactum
613 1147 810 1229 est'templum,
824 1145 851 1200 in
864 1145 933 1200 libro
982 1145 1065 1201 etium
1081 1144 1221 1216 Scriptura
1236 1162 1291 1201 non
1316 1147 1376 1202 sine
1388 1163 1481 1211 causa,
1503 1147 1550 1202 sed
1568 1148 1658 1218 magni
1674 1147 1772 1202 intuitu

138 1246 365 1314 Paralipomenon
380 1247 473 1310 aperte
485 1238 715 1302 declaraturuest,
731 1237 837 1291 dicente
849 1234 933 1290 David
983 1238 1146 1293 sacramenti
1169 1246 1223 1292 tam
1244 1237 1390 1308 diligenter
1403 1238 1531 1309 expedire
1553 1238 1659 1293 curavit
1682 1255 1688 1291 :
1712 1252 1776 1292 con-

140 1340 175 1395 ad
190 1335 376 1397 Salomonem,
390 1345 453 1386 eum
464 1329 489 1383 ei
503 1329 640 1397 impensas
654 1326 758 1396 templi,
773 1334 802 1379 et
814 1339 874 1394 quse
885 1340 933 1394 pa·
983 1336 1037 1384 stat
1051 1328 1138 1394 etnim,
1153 1329 1226 1398 qaod
1241 1329 1336 1384 domus
1352 1328 1443 1398 templi
1457 1327 1589 1393 exterior,
1603 1328 1776 1397 peregrinan-

140 1432 262 1488 raverat,
282 1419 437 1477 ostenderet
452 1416 478 1488 (ι
495 1414 695 1486 Per-¹11¹‚2l
715 1432 722 1468 :
745 1412 855 1468 Omnem
872 1430 932 1484 pre·
983 1427 1039 1474 tem
1061 1418 1090 1473 in
1112 1418 1193 1473 terris
1205 1418 1376 1473 Ecclesiam:
1398 1427 1490 1473 sancta
1506 1427 1663 1475 sanctorum
1683 1429 1774 1475 autem

140 1516 239 1570 timum
258 1510 382 1582 lapidem,
406 1517 431 1561 et
444 1522 562 1560 marmor
582 1506 687 1577 pariunt
708 1504 932 1560 abundantissime
983 1513 1120 1567 internam
1135 1512 1367 1581 superuaepntriaa
1381 1510 1538 1567 felicitatem
1552 1513 1684 1582 designat.
1708 1513 1773 1568 ltem

140 1603 296 1678 preparari.
323 1600 440 1654 Marmor
457 1605 547 1651 autem
572 1596 679 1666 parium
704 1594 931 1650 murmurandi·
984 1602 1058 1657 illata
1074 1603 1101 1657 in
1115 1611 1378 1658 sanctasanctorum
1395 1617 1469 1669 arca,
1485 1610 1651 1673 assumptam
1667 1602 1772 1659 Christi

140 1688 513 1760 qumqieituqqualeeadem
527 1686 735 1756 5¹¹⁵¹¹¹³llili¹¹l³le
749 1684 927 1740 ⁰⁰¹¹S¹¹0Vibt
983 1694 1176 1760 bumilitatem,
1191 1702 1220 1750 et
1245 1695 1316 1749 iutra
1341 1694 1430 1749 velum
1449 1694 1529 1765 regiae
1553 1694 1674 1749 coelestis
1697 1694 1774 1748 indu-

142 1798 154 1827 ·
171 1783 250 1841 Unde
260 1787 337 1850 poeta
350 1778 383 1832 de
398 1776 443 1831 illa
456 1774 544 1848 (Virp.
557 1793 587 1830 ιιι
599 1773 693 1846 AEo.):

171 1894 287 1951 Olearon,
302 1894 447 1952 niveamque
456 1887 545 1948 Paron,
556 1901 701 1951 spurcasque
715 1892 759 1950 pe'r
770 1900 854 1949 :qum

172 1956 283 2020 deeda,
295 1955 339 2004 sed
351 1954 433 2002 erchri
444 1951 549 2013 legimus
561 1950 623 2001 irets
640 1953 734 2000 coercita
747 1953 837 2001 tentis.

945 1759 1054 1839 Bctam
1071 1802 1077 1837 ε
1094 1792 1184 1839 vectes
1197 1799 1272 1850 vero,
1292 1783 1391 1854 quibus
1405 1784 1501 1838 cadem
1516 1798 1580 1838 arca
1594 1782 1772 1852 portabatur,

980 1875 1171 1947 predicatores
1184 1876 1271 1942 verbi,
1286 1890 1335 1946 per
1354 1889 1423 1945 quos
1438 1874 1496 1943 ipse
1517 1876 1617 1930 mundo
1639 1873 1773 1936 innotuit,

981 1967 1069 2040 typice
1092 1968 1262 2022 denuntiant.
1280 1966 1290 2006 ι
1309 1968 1482 2037 Apparebant
1504 1967 1576 2020 enim
1601 1965 1773 2020 summitates

142 2060 226 2116 Nirea
244 2065 311 2129 e‘rgo
322 2057 410 2112 Paron
426 2055 535 2120 dicitur,
557 2069 589 2109 eo
603 2054 674 2124 quod
688 2053 874 2109 eartdidissimi
888 2069 932 2124 ge·
979 2044 1097 2114 uectium
1121 2057 1187 2112 toris
1200 2065 1262 2112 ante
1285 2056 1425 2112 oraculum
1440 2071 1494 2110 non
1508 2070 1625 2125 nerrrpen
1642 2055 1689 2110 sed
1709 2071 1771 2111 cum

142 2151 217 2208 neris
230 2158 350 2205 marmor
360 2148 460 2201 mittat.
475 2164 483 2196 ι
499 2145 547 2200 Est
557 2155 648 2199 autem
659 2160 714 2198 uua
725 2145 759 2199 de
769 2143 931 2216 Cycladibus
980 2146 1049 2203 ostia
1059 2145 1179 2214 ejusdem
1193 2147 1297 2201 oraculi
1308 2147 1409 2217 aperiri
1424 2145 1605 2215 contingeret,
1620 2160 1709 2215 neque
1721 2145 1771 2200 boc

141 2243 250 2308 irtsulis,
264 2257 318 2312 quo
335 2238 460 2294 videlicet
473 2236 560 2306 lapide
576 2236 705 2306 temptum
721 2235 805 2291 luisse
828 2236 930 2291 tactum
980 2237 1118 2302 omnibus,
1136 2237 1184 2291 sed
1199 2238 1233 2291 iis
1243 2236 1422 2302 solummodo,
1436 2237 1483 2307 qui
1494 2237 1605 2306 propius
1615 2236 1775 2291 accedentes

140 2334 275 2404 Iosephus
298 2331 418 2386 insinuat
436 2328 529 2383 diceus
547 2342 554 2380 :
572 2326 690 2380 Eleuoeit
709 2327 795 2396 itaque
808 2326 930 2397 templum
981 2327 1110 2382 attentius
1131 2342 1175 2392 ea,
1195 2343 1256 2397 qnae
1276 2329 1348 2382 intus
1371 2336 1462 2394 erant,
1485 2329 1646 2399 satagebant
1663 2329 1773 2390 intueri,

141 2438 225 2494 aeque
238 2421 273 2474 ad
286 2429 416 2472 cameram
431 2433 463 2470 ee
478 2415 564 2487 lapide
578 2415 637 2469 albo
650 2425 828 2469 constructum
841 2431 850 2469 .·
865 2417 879 2455 b
892 2414 931 2469 ol·
980 2417 1040 2487 lpsa
1057 2424 1147 2471 autem
1171 2432 1246 2482 area,
1267 2418 1355 2486 qualis
1378 2426 1406 2472 et
1431 2421 1567 2488 quomodo
1591 2428 1664 2474 essct
1686 2420 1773 2489 posita

142 2509 227 2565 titudo
240 2508 291 2577 [uit
303 2507 392 2576 cipinti
403 2507 516 2577 quinque
531 2505 688 2568 cubitorum,
702 2514 726 2558 et
741 2513 856 2557 centum.
876 2501 932 2557 Nec
982 2508 1056 2580 (eolis
1070 2508 1114 2577 iia)
1129 2507 1217 2562 solum
1232 2508 1282 2573 eis,
1299 2510 1343 2577 qui
1356 2510 1498 2565 oraculum
1509 2510 1667 2575 intrassent,
1683 2511 1774 2565 ridere

143 2599 266 2672 triysterii
284 2613 381 2653 sertam
394 2597 421 2651 iu
441 2596 533 2652 abdito
549 2602 608 2661 est;
624 2596 710 2651 cuivis
725 2594 825 2649 etenim
840 2600 930 2662 patet,
981 2598 1091 2663 licebat,
1106 2599 1170 2668 quia
1195 2598 1285 2654 nullus
1297 2608 1452 2654 sanctorum
1469 2600 1558 2655 adbuc
1583 2601 1637 2654 rita
1658 2601 1773 2671 positus,

141 2690 206 2759 quia
223 2704 343 2742 trtarmor
355 2689 509 2754 carrdidum,
526 2704 560 2743 ex
576 2703 629 2758 quo
643 2688 738 2740 domus
751 2685 858 2740 ιιοιιιιιιι
869 2701 932 2739 cort·
982 2689 1091 2745 tametsi
1116 2690 1228 2744 multum
1246 2691 1273 2744 iu
1295 2691 1438 2745 altitudine
1463 2707 1491 2746 se
1515 2692 1614 2747 mentis
1636 2692 1772 2755 attollens,

141 2785 246 2832 structa
262 2784 315 2842 est,
330 2778 461 2832 mundam
483 2778 630 2833 electorum
650 2778 796 2843 actionem,
812 2778 931 2833 simulet
981 2780 1028 2836 sed
1046 2780 1096 2836 soli
1116 2779 1188 2835 illius
1201 2782 1296 2851 patriae
1308 2781 1383 2837 circs
1397 2782 1511 2852 gloriam
1524 2781 1590 2836 inibi
1604 2783 1645 2837 sui
1661 2782 1774 2838 Redem-

140 2869 336 2924 conscicutiam
352 2868 386 2922 ab
399 2868 473 2922 omni
486 2884 563 2923 navo
576 2867 757 2938 corruptionis
770 2868 930 2937 castigatam
980 2871 1066 2942 pteris
1080 2870 1175 2942 (plene)
1193 2872 1273 2942 plane
1294 2880 1466 2929 conarentur.
1484 2872 1553 2928 Sunt
1564 2881 1592 2927 et
1605 2883 1697 2929 vectes
1710 2890 1772 2929 eum

140 2959 273 3030 designat,
295 2960 387 3028 quales
400 2975 462 3014 csse
478 2959 562 3015 soluit
577 2961 685 3029 sapiens
700 2960 744 3014 ille
764 2960 929 3015 architectus
981 2976 1044 3016 arca
1056 2962 1082 3016 in
1097 2961 1208 3017 oraculo
1220 2964 1363 3029 reconditi,
1378 2965 1440 3033 quia
1453 2965 1603 3020 absconditi
1615 2974 1678 3021 sunt
1689 2968 1770 3022 etiam

139 3064 197 3115 eos,
213 3065 281 3121 quos
295 3067 376 3121 snper
398 3052 600 3107 tundamentum
615 3054 716 3108 Christi
730 3053 847 3116 locabat,
864 3053 929 3123 lapi·
944 3102 968 3166 C
983 3066 1056 3136 none
1067 3053 1179 3122 perlecti
1192 3054 1292 3123 quique
1305 3053 1395 3117 electi,
1411 3055 1457 3123 qui
1471 3070 1521 3110 nos
1534 3066 1732 3126 praecesserunt
1741 3060 1774 3113 dc

140 3136 189 3199 des
202 3143 345 3214 pretiosos,
368 3159 436 3198 atrro
454 3153 620 3215 argentoque
648 3143 788 3200 redimitos
805 3144 846 3215 (ιι
868 3144 929 3198 Cor.

141 3248 191 3299 ιιι,
208 3235 233 3304 ι)
250 3232 435 3300 εΰιιαιιιιιιιιι,
449 3234 548 3304 inquit,
571 3235 725 3289 mundemus
749 3251 796 3289 nos
813 3235 845 3288 alr
860 3236 930 3289 anteri

140 3323 336 3395 inquinamento
350 3326 447 3391 cortus,
462 3334 485 3378 et
499 3326 622 3395 spiritus,
636 3327 799 3395 perficientes
814 3327 930 3396 sonctifi-

140 3413 269 3467 catiouem
282 3415 310 3468 in
324 3416 416 3469 timore
441 3414 499 3469 Dei.
515 3437 525 3468 r
544 3415 725 3471 ο[Ειιιιιοιιιιιι
741 3419 769 3472 in
790 3421 930 3489 superiore

141 3501 221 3573 buius
233 3504 378 3558 uolaninis
393 3513 469 3573 parte
492 3506 576 3561 habes
595 3520 610 3560 a
633 3506 713 3562 malo
730 3507 799 3562 Beda
822 3508 930 3578 exposi-

142 3603 200 3648 tutu
212 3590 237 3646 ὖ.

177 3682 254 3756 (Cap.
270 3702 330 3751 rtn,
347 3688 372 3751 l,
388 3698 412 3741 et
423 3686 454 3741 ιι
466 3683 530 3740 Par.
546 3705 572 3753 u,
585 3686 625 3757 B.)
642 3685 772 3741 Venerunt
787 3691 873 3742 rrrrrctt
887 3706 928 3743 re-

140 3792 187 3832 rtet
200 3793 233 3830 ea
245 3775 331 3831 iarael
344 3779 378 3831 ad
392 3794 476 3847 repent
490 3776 659 3832 Salomonem
681 3780 707 3831 ιἰι
722 3778 883 3840 Jerrtralcnt,
900 3790 928 3832 ut

139 3868 271 3938 deferrent
281 3885 370 3924 orcam
385 3871 488 3937 sedeur
502 3870 609 3924 Domini
623 3871 772 3924 decivitate
788 3872 886 3931 nursia.
901 3873 928 3925 id

139 3965 180 4014 eet
196 3959 228 4013 de
243 3957 317 4023 Sion,
333 3969 356 4014 et
371 3960 486 4014 tulerant
499 3960 647 4014 sacerdotes
661 3977 750 4014 arcam
764 3962 868 4031 federis
880 3963 930 4016 Dc·

139 4048 217 4116 utini,
240 4049 434 4121 intuleruntque
448 4067 505 4104 eam
528 4051 555 4105 in
568 4049 654 4105 locum
675 4067 752 4104 ruam
773 4053 798 4106 iu
822 4053 929 4107 oraculo

138 4139 229 4210 templi
241 4141 270 4195 in
279 4149 369 4195 sancta
382 4150 533 4195 sanctorum
547 4142 638 4196 subtus
654 4143 711 4197 aloa
726 4145 872 4199 cherubin:
893 4147 929 4200 si·

138 4228 244 4301 quidem
259 4231 383 4284 cherubin
396 4232 575 4302 expandebant
589 4231 647 4287 olas
665 4251 727 4288 artas
747 4252 826 4306 cuper
843 4237 928 4290 locunt

138 4332 222 4384 oreoe,
235 4320 452 4391 protegebantque
467 4338 566 4387 orcum,
582 4333 606 4378 ct
629 4335 711 4379 uerter
726 4327 784 4395 ejus
806 4327 926 4398 desuper.

983 3141 1084 3197 mundo
1099 3143 1126 3195 in
1141 3142 1233 3197 abilito
1253 3142 1344 3197 vultus
1364 3143 1421 3206 Dei,
1440 3158 1455 3197 a
1471 3146 1676 3200 conturbatione
1687 3145 1773 3201 homi-

982 3248 1059 3299 num,
1085 3249 1199 3303 quorum
1216 3241 1307 3288 tanten
1323 3235 1495 3289 summitates
1509 3235 1626 3290 vectium
1650 3251 1773 3292 nomrun-

981 3338 1062 3394 quam
1075 3332 1169 3394 aperto
1181 3323 1292 3379 oraculo
1305 3323 1358 3388 his,
1373 3324 1419 3394 qni
1441 3325 1612 3393 appropiant,
1628 3325 1771 3381 visuntur:

981 3431 1043 3471 cum
1054 3413 1264 3485 perfectioribus
1277 3416 1440 3485 quibusque,
1452 3424 1534 3485 atquc
1545 3417 1652 3472 oculum
1664 3418 1705 3472 sui
1717 3433 1769 3473 cor-

980 3506 1023 3561 dis
1033 3512 1090 3560 tota
1115 3505 1266 3561 intentione
1279 3505 1496 3575 purillcantiBus,
1511 3507 1602 3561 diviua
1623 3509 1710 3577 gratia
1724 3509 1769 3561 ali-

980 3598 1045 3668 quid
1059 3608 1209 3653 extremum
1225 3599 1258 3655 de
1273 3612 1452 3668 supernorum
1472 3601 1570 3655 civium
1593 3600 1691 3669 gaudio
1706 3614 1767 3654 con·

981 3689 1164 3758 temptantium
1181 3689 1332 3743 donaverit,
1348 3690 1414 3755 Quae
1430 3691 1558 3743 nimirum
1579 3689 1771 3759 contemplatio

981 3783 1033 3848 his,
1049 3783 1093 3850 qui
1108 3781 1188 3849 paulo
1202 3781 1308 3851 longius
1321 3791 1501 3845 recesserunt,
1523 3781 1633 3835 minime
1646 3782 1769 3837 concedi-

980 3881 1033 3937 tur,
1058 3871 1121 3940 quia
1144 3877 1245 3940 quanta
1268 3870 1388 3924 extenua
1410 3879 1500 3925 ruente
1522 3885 1589 3939 ruga
1617 3882 1766 3936 ruretenent,

981 3969 1055 4016 tanto
1072 3961 1172 4026 minus,
1186 3976 1246 4030 quae
1260 3961 1316 4015 sint
1328 3960 1434 4014 interna
1448 3961 1555 4029 gaudia,
1569 3961 1672 4016 vident.
1684 3981 1694 4014 ι

1016 4051 1106 4123 (Vera.
1131 4051 1187 4114 ιθ.)
1204 4052 1304 4107 Deinde
1326 4051 1468 4122 sequitur:
1485 4050 1518 4105 In
1538 4068 1600 4106 arca
1615 4064 1701 4107 autent
1717 4070 1769 4108 nort

979 4153 1035 4198 erat
1049 4143 1135 4207 aliud,
1149 4144 1198 4197 nisi
1210 4143 1270 4197 dure
1283 4141 1381 4197 tabulae
1392 4142 1515 4213 lapidem,
1529 4160 1594 4214 quar
1608 4154 1731 4214 posuerat
1742 4147 1769 4198 in

978 4251 1010 4289 eo
1024 4234 1126 4304 liopeer
1148 4234 1175 4289 in
1190 4233 1270 4299 Oreb,
1293 4233 1399 4305 quaudo
1416 4234 1512 4305 pepipit
1534 4234 1618 4303 ladas
1643 4234 1769 4290 Dominus

979 4341 1038 4378 cum
1050 4325 1113 4394 filiis
1128 4324 1222 4390 lsrael,
1237 4340 1297 4378 curn
1310 4325 1493 4395 egrederentur
1515 4325 1548 4380 de
1559 4335 1630 4380 terra
1647 4326 1767 4398 AEppptr'.

138 4409 257 4482 Cumque
270 4413 410 4466 eminerent
426 4424 516 4477 nectes,
540 4427 744 4488 apparerentque
765 4421 926 4475 aeternitates
941 4450 967 4509 D
980 4415 1070 4482 Quaeri
1091 4423 1181 4484 potest
1199 4416 1333 4484 quomodo
1353 4416 1398 4470 hic
1412 4416 1485 4471 dicat
1497 4416 1568 4486 quod
1590 4419 1617 4471 lu
1632 4433 1695 4471 arca
1715 4435 1768 4472 non

137 4514 229 4555 eorum
243 4500 307 4569 foris
319 4502 498 4555 sanctuarium
513 4513 573 4557 onte
587 4505 734 4571 oraculum,
751 4524 802 4561 non
820 4526 928 4578 appare-

137 4593 203 4647 ltttnt
222 4591 292 4646 altra
306 4595 465 4648 extrinsecus
479 4608 488 4646 .·
504 4597 549 4666 qui
571 4604 595 4648 et
609 4596 715 4666 suerunt
736 4600 771 4652 ili
796 4616 877 4670 usque
900 4602 927 4655 in

135 4691 292 4751 protentum
303 4682 380 4736 diurn.
392 4701 401 4732 ι
413 4684 468 4738 lloc
482 4685 651 4740 nrartitestins
665 4687 691 4740 iu
702 4688 925 4759 Paralipomenon

135 4768 275 4826 volumine
289 4773 418 4828 scribitur
444 4773 535 4845 (loiris,
549 4791 616 4829 uera.
633 4777 660 4846 9)
678 4794 684 4831 :
703 4791 715 4816 ⁰
737 4777 864 4844 Vectium,
886 4781 927 4835 ln-

135 4861 207 4931 quit,
222 4863 316 4934 quibus
330 4865 470 4932 portabant
481 4881 580 4930 orcum,
598 4867 661 4935 quia
675 4866 814 4937 paululum
829 4869 926 4939 lonpie·

136 4966 180 5006 rea
190 4963 276 5018 eroru,
291 4955 377 5025 capita
391 4957 516 5023 parebant
528 4955 741 5010 nrrtcoroeulum.
754 4953 783 5010 St'
797 4973 856 5012 nero
869 4961 928 5029 quis

134 5041 275 5112 paululum
289 5043 380 5113 [aieret
394 5045 565 5110 extrinsecus,
577 5062 621 5100 cor
636 5046 721 5101 uidere
734 5057 926 5117 conpererant.

136 5133 190 5191 Ubi
206 5137 365 5203 nomadum,
380 5138 444 5207 quia
458 5146 486 5194 et
498 5139 519 5193 si
538 5140 628 5208 capita
642 5141 761 5196 vectium
774 5143 928 5198 accedenti-

171 5305 184 5330 ·
205 5292 270 5359 Quae
288 5292 393 5348 lineolis
409 5303 512 5356 carent,
533 5293 660 5347 Ralranus
676 5293 785 5348 minime
798 5296 888 5350 bultet.

172 5361 924 5432 ¹’Editusllnbanus:altitudosuitserapintncubitoram.

174 5441 185 5470 ι
208 5431 345 5488 llacteuus
357 5435 439 5489 etiam
455 5433 592 5487 habacus.

172 5500 187 5542 ἃ
207 5501 327 5557 Plurima
341 5505 443 5559 ontittit
454 5505 538 5558 codex
553 5511 652 5565 troster,
669 5517 728 5571 qum
740 5502 822 5558 babet
832 5503 923 5574 uulga-

134 5582 181 5628 tus
194 5571 345 5629 Eucherius
357 5589 390 5630 ex
403 5575 472 5630 Beda
491 5574 631 5641 desumpta
644 5590 650 5635 ;
669 5574 701 5626 ad
719 5588 798 5643 quem
814 5574 922 5642 quidem

134 5641 209 5699 idem
224 5644 309 5699 codex
333 5644 472 5700 hectorem
493 5643 599 5713 allegat.
615 5643 665 5697 llic
686 5643 775 5713 aliqua
793 5652 866 5700 certe
877 5645 923 5698 dc-

133 5721 210 5780 sunt,
224 5729 284 5786 quae
299 5724 426 5772 notantur
438 5717 465 5771 iu
480 5714 550 5771 serie
566 5715 691 5786 capitum.

980 4515 1053 4563 esset
1064 4506 1148 4571 aliud,
1163 4505 1215 4560 nisi
1229 4506 1289 4559 dum
1302 4504 1400 4558 tabulae
1416 4506 1574 4569 testimonii,
1589 4522 1649 4561 cum
1663 4518 1767 4576 aposto

981 4598 1023 4655 lus
1035 4597 1145 4661 Paulus,
1156 4596 1286 4666 magister
1299 4596 1418 4665 gentium
1433 4595 1460 4649 in
1474 4594 1527 4651 tide
1540 4605 1567 4650 ct
1580 4598 1702 4663 veritate,
1715 4599 1766 4654 llc-

980 4689 1106 4752 bttaeis,id
1116 4695 1158 4742 est
1168 4687 1230 4742 tiliis
1241 4686 1334 4752 lsrael,
1346 4687 1446 4742 scribat
1455 4687 1548 4742 dicens
1559 4687 1652 4757 (lledr.
1666 4704 1705 4754 rx,
1719 4691 1747 4761 Bp
1760 4712 1764 4743 :

981 4776 1187 4832 Toleruoculnm
1200 4776 1269 4829 enirn
1283 4774 1383 4845 sactum
1396 4786 1434 4830 eat
1448 4778 1571 4846 paruum,
1586 4778 1614 4831 t'u
1627 4794 1678 4849 qtto
1691 4792 1765 4833 erant

979 4866 1147 4931 candelabra,
1162 4876 1187 4919 et
1201 4883 1299 4927 menso,
1316 4875 1340 4921 et
1353 4868 1494 4937 propositio
1504 4885 1612 4938 panum,
1628 4886 1687 4939 quur
1698 4872 1765 4926 dici·

981 4968 1025 5011 tttr
1035 4964 1138 5011 taneta.
1152 4955 1216 5009 Post
1228 4955 1400 5010 tetamentum
1415 4968 1501 5012 autem
1512 4961 1668 5026 seeundum,
1680 4962 1766 5016 toter-

981 5045 1116 5110 noculnm‚
1138 5043 1207 5114 quod
1221 5044 1320 5097 dicitur
1344 5055 1435 5099 taneta
1458 5058 1633 5104 cunctorum:
1655 5067 1763 5106 aureum

979 5139 1076 5194 babent
1089 5137 1263 5204 thuribulum,
1275 5149 1300 5193 et
1310 5157 1398 5195 errant
1412 5146 1556 5199 tertarrtenti
1570 5147 1763 5202 circumtectam

1017 5307 1028 5335 0
1049 5294 1120 5350 Beda
1135 5311 1195 5364 cap.
1211 5310 1259 5349 sen
1276 5296 1423 5364 questione
1448 5296 1479 5350 ιι
1494 5313 1554 5366 qun
1568 5307 1718 5368 sequnntur
1732 5302 1764 5356 li-

977 5364 1063 5421 ncolis
1075 5373 1165 5420 {rotata
1181 5366 1272 5419 tradit.
1289 5365 1415 5418 Babanus
1426 5366 1483 5420 lnce
1498 5368 1598 5436 pariter
1614 5369 1704 5424 hahet.

1016 5434 1024 5474 ι
1047 5434 1189 5496 Nonnulla,
1213 5449 1272 5502 quae
1286 5434 1400 5503 vulgatis
1419 5434 1508 5500 Bcdm,
1523 5444 1549 5491 ct
1564 5438 1668 5492 habant
1687 5439 1762 5495 libris

977 5506 1113 5576 leguntur,
1127 5505 1307 5574 pretermittit
1321 5495 1364 5559 irie
1381 5504 1516 5560 Clatnlius.
1532 5508 1574 5562 dn
1590 5510 1652 5578 qnia
1667 5525 1761 5579 parum

975 5577 1070 5631 idonea
1093 5575 1137 5637 iis,
1160 5590 1219 5642 quae
1235 5574 1286 5630 sibi
1306 5574 1462 5644 explicanda
1477 5581 1668 5648 proposuerat?
1688 5578 1758 5649 judi-

975 5645 1079 5702 caverit
1092 5643 1197 5699 Lector.
