3832 6120
145 289 212 348 tort

145 502 302 557 ‹etoritatnm
317 515 331 552 a
349 496 650 567 iudiciarimpotestatis
664 494 847 564 inquietudine
862 510 937 551 sem·

142 610 192 663 per
201 592 341 648 defensum
355 597 383 645 et
398 590 530 644 munitum
543 587 648 645 fuisset.
665 587 705 644 Ob
724 588 764 644 rei
777 595 868 643 tamen
882 586 930 641 ilr-

140 685 262 738 mitatem
274 680 421 752 postularit
433 681 511 737 nobis
526 680 654 753 praefatus
669 679 752 737 abhas
764 691 795 736 ut
811 681 847 737 ob
857 695 931 736 amo

140 788 197 829 rem
216 771 265 828 Dei
278 780 306 828 et
319 773 501 829 reverentiam
514 771 601 828 saneti
611 771 684 827 Petri
706 779 734 827 et
746 771 833 827 sancti
846 770 932 827 Bene-

138 862 204 918 dicti
216 869 360 934 paternum
366 863 650 934 seupradsoessomm
659 869 816 917 nostrorum
826 875 931 917 morem

137 960 294 1024 sequentes,
308 953 486 1009 immunitatis
501 960 600 1009 nostra.
619 962 787 1024 praeceptum
799 952 872 1008 circa
890 952 930 1023 ip

138 1059 198 1100 sum
211 1053 335 1099 sanctum
349 1057 362 1086 ι
379 1044 468 1100 locum
495 1043 553 1100 lieri
567 1057 751 1100 censeremus.
765 1042 847 1113 Cuius
859 1045 929 1113 peti-

118 1139 205 1199 ,tioni
220 1152 360 1193 assensum
373 1138 547 1208 prebuimus,
562 1145 590 1192 et
600 1136 652 1192 boc
668 1144 768 1191 nostrae
779 1136 929 1192 auctorita-

136 1231 173 1284 tis
190 1235 354 1299 praeceptum
371 1229 444 1284 eirca
457 1228 545 1298 ipsum
558 1234 682 1282 sanctum
706 1226 794 1282 locum
812 1225 871 1282 fleri
884 1226 931 1282 dc-

137 1321 292 1375 crevimus:
308 1334 357 1390 per
371 1318 443 1389 quod
462 1318 634 1391 praecipimus
647 1326 728 1387 atque
750 1317 877 1386 jubemus
900 1327 931 1374 ut

135 1412 226 1468 nullus
239 1413 322 1483 juder
339 1411 472 1482 publicus,
486 1418 514 1466 et
533 1410 659 1481 qriisldret
674 1424 709 1465 cx
726 1408 870 1479 judiciaria
881 1425 929 1480 po·

136 1511 245 1568 testate,
260 1504 288 1557 in
302 1503 431 1558 ccclesias
444 1510 490 1557 aut
502 1501 571 1568 loca,
583 1509 609 1557 et
630 1516 719 1572 agros,
738 1515 786 1555 seu
811 1501 929 1571 reliquas

134 1593 329 1664 possessiones,
343 1607 411 1662 qrras
426 1591 556 1647 moderno
571 1597 694 1658 ternpore
718 1591 745 1644 in
765 1590 929 1659 quibuslibet

134 1685 212 1756 pagis
225 1690 271 1738 ant
291 1682 437 1738 territoriis
461 1681 532 1737 infra
556 1681 684 1737 ditionem
710 1680 815 1751 imperii
840 1682 928 1736 nostri

132 1772 206 1842 juste
219 1781 247 1829 et
261 1771 384 1843 legaliter
396 1773 531 1842 possidet,
557 1779 584 1826 et
597 1772 669 1841 quod
679 1770 807 1842 deinceps
817 1771 845 1826 in
866 1770 928 1841 jure

137 1863 222 1934 ipsfns
235 1862 321 1918 nancti
338 1861 390 1916 loci
408 1861 525 1916 sonuerit
547 1861 638 1916 diuina
651 1861 737 1931 pietas
750 1861 863 1931 augeri,
894 1862 928 1917 ad

136 1971 233 2010 causas
245 1955 402 2019 audiendas,
417 1961 445 2008 et
461 1952 536 2009 freda
551 1953 692 2024 exigenda,
709 1962 756 2009 aut
773 1956 928 2012 mansiones

135 2053 163 2101 et
176 2054 286 2118 paratas
309 2044 458 2110 faciendas,
473 2053 520 2099 arrt
536 2043 707 2116 fidejussores
723 2044 865 2112 tollendos,
881 2054 929 2101 aut

133 2140 259 2195 homiues
272 2138 356 2210 ipsius
370 2138 526 2193 monasterii
541 2153 622 2206 super
642 2145 742 2192 terram
758 2137 842 2206 ipsius
854 2150 928 2193 com·

133 2237 276 2286 manentes
290 2228 500 2301 distringendos,
523 2243 574 2284 neo
592 2228 659 2284 tellas
673 2227 869 2283 redhibitiones
881 2235 928 2282 aut

132 2320 241 2376 illicitas
252 2320 408 2375 occasiones
428 2317 622 2388 requirendas,
650 2318 751 2373 nostris
777 2326 805 2373 et
829 2316 928 2374 futuris
983 2328 987 2335 '

132 2410 299 2481 temporibus
313 2409 416 2481 ingredi
429 2409 537 2473 audeat,
552 2416 580 2464 et
591 2423 622 2463 ea
643 2423 704 2478 ‹111ae
724 2408 847 2477 superius
867 2424 927 2464 me-

131 2508 237 2557 morata
261 2508 333 2563 surrt,
352 2495 461 2570 penitus
479 2498 588 2570 exigere
602 2506 762 2569 praesumat;
786 2498 833 2552 scd
846 2497 927 2553 licoat

132 2600 283 2648 memorato
298 2592 390 2647 abbati
402 2592 513 2661 suisque
528 2590 730 2646 suecessoribus
742 2605 786 2646 res
804 2591 925 2660 praedicti

131 2682 289 2738 inonasteril
303 2683 354 2737 snb
366 2681 544 2736 immunitatis
553 2687 653 2734 nostrae
666 2679 822 2734 defensione
834 2678 926 2749 quieto

131 2775 227 2831 ordine
241 2773 432 2845 possiderent
444 2773 552 2844 quando
565 2773 674 2842 qrridcm
686 2773 776 2827 diuina
784 2772 925 2827 vocatione

131 2864 301 2934 supradictus
315 2864 398 2919 abbas
422 2871 450 2918 et
463 2877 635 2919 successores
654 2861 713 2931 ejus
734 2862 768 2917 de
788 2863 840 2917 hac
865 2860 924 2916 luce

131 2958 318 3031 migraverint,
333 2957 451 3029 quandiu
463 2957 513 3027 ipsi
528 2956 655 3012 monachi
680 2956 789 3010 intorse
804 2954 872 3010 tales
883 2954 925 3008 in-

131 3051 224 3105 uenire
234 3051 385 3122 potuerint,
405 3047 451 3119 qui
468 3049 554 3118 ipsam
569 3048 807 3118 congregationem
824 3059 922 3101 seeun-

132 3137 331 3208 dum'regulam
357 3139 443 3194 sancti
457 3136 595 3193 Benedicti
616 3149 710 3205 regere
724 3133 848 3199 valeant,
875 3117 959 3206 perC

131 3231 202 3285 banc
214 3237 334 3285 nostram
358 3229 548 3284 auctoritatem
564 3235 591 3283 et
605 3241 768 3282 consensum
789 3225 926 3281 licentiam

131 3321 250 3377 habeant
260 3320 377 3390 eligendi
392 3321 520 3387 abbates;
539 3327 674 3390 qrratenus
690 3318 763 3387 ipsos
774 3318 926 3373 monachos

131 3415 178 3484 qui
193 3412 356 3470 ibidemBeo
371 3411 495 3467 famulari
509 3412 645 3476 ridentur,
659 3425 709 3481 pro
723 3410 803 3465 nobis
816 3417 844 3465 et
857 3424 926 3464 oon·

128 3504 192 3574 juge
206 3502 336 3572 proleque
353 3511 457 3570 nostra,
475 3511 557 3572 atque
576 3501 726 3557 stabilitate
739 3500 824 3554 totius
837 3500 924 3571 impe-

130 3594 165 3649 rii
176 3594 263 3655 nostri
277 3609 293 3649 a
309 3595 364 3651 Beo
381 3595 459 3650 nobis
482 3594 605 3651 concessi
629 3602 711 3663 atque
725 3588 923 3656 conservandi,

127 3686 231 3758 fugiter
241 3686 348 3747 bonini
360 3687 574 3747 misericordiam
594 3701 709 3743 exorare
720 3686 836 3742 delectet
848 3686 872 3739 b.
892 3686 925 3740 Et

14 3818 31 3839 ,
130 3775 262 3852 quidquid
283 3778 364 3834 rebus
391 3776 496 3848 praefati
524 3776 684 3833 monasterii
706 3776 788 3833 frscus
817 3776 926 3848 exigere

130 3873 248 3934 poterat,
262 3865 374 3936 praefato
390 3865 555 3922 monasterio
581 3864 696 3935 ejusque
720 3865 924 3937 congregationi

131 3957 230 4012 ibidem
240 3958 296 4017 Deo
308 3958 450 4013 famulanti
471 3956 672 4022 concessimus,
697 3965 727 4011 ut
740 3957 780 4011 eis
793 3955 826 4011 nd
841 3955 925 4011 serri-

131 4047 197 4101 tium
211 4048 393 4122 peragendum
405 4045 626 4118 augmentumrel
640 4045 854 4116 supplementum
866 4047 923 4100 ssat.

130 4137 164 4191 Et
177 4139 236 4194 baec
245 4139 392 4194 auctoritas
404 4146 434 4193 ut
446 4137 550 4193 nostris
567 4135 720 4206 futurisque
743 4137 923 4206 temporibus,

130 4225 245 4282 Domino
264 4235 431 4300 protegente,
448 4226 538 4283 ualeat
553 4225 712 4283 inconvulsa
727 4242 848 4294 manere,
863 4243 924 4282 earn

130 4332 212 4371 manu
234 4317 343 4387 propria
364 4319 458 4374 subter
473 4317 662 4385 firmavimus,
678 4328 705 4375 et
728 4320 820 4375 annuli
838 4323 922 4376 nostri

130 4407 309 4483 impressione
321 4409 415 4470 subter
433 4409 544 4482 sigillari
553 4409 694 4480 jussimus.

165 4497 280 4572 Signum
293 4500 423 4558 Ludoriei
437 4502 603 4558 serenissimi
618 4503 798 4573 imperatoris.

165 4588 308 4645 beraudus
336 4591 465 4649 diaconus
492 4593 527 4649 ad
549 4593 636 4648 ricem
664 4591 823 4648 lielisaelrar
845 4610 920 4651 roco

130 4679 220 4749 gnoti.

166 4771 232 4826 Bata
250 4787 275 4826 rr
294 4771 429 4827 Kalendas
447 4771 594 4843 Augustus,
610 4788 689 4836 anno,
709 4774 817 4830 Christo
832 4776 921 4847 propi·

130 4861 178 4926 tio,
200 4870 296 4931 quinto
307 4863 412 4933 imperii
425 4863 516 4919 domni
528 4863 657 4919 Ludorici
678 4865 843 4920 serenissimi
867 4865 921 4921 An-

129 4952 211 5023 gusti,
232 4951 377 5008 indictione
397 4953 548 5008 undecima.
568 4955 665 5011 lictum
684 4954 837 5012 Aurelianis
856 4958 921 5012 ciri-

130 5050 185 5097 tate
199 5043 226 5097 in
240 5042 288 5098 Dei
301 5043 411 5098 nomine
424 5042 547 5100 feliciter.
562 5044 659 5100 Amen.

167 5164 180 5194 ⁸
199 5153 331 5225 Ooirupte
344 5156 498 5221 secondom,
512 5156 582 5226 apud
595 5156 753 5212 Perardum.

165 5222 180 5260 ι
200 5223 268 5280 llale
280 5227 350 5295 apud
364 5226 498 5286 eumdem,
509 5224 640 5280 deberent.

166 5301 177 5330 θ
196 5293 317 5349 lierninit
329 5295 407 5363 lrrrjus
429 5295 563 5364 privilegii
578 5294 745 5352 adrevaldus
761 5296 786 5350 in
803 5296 873 5352 libro
887 5299 919 5353 de

130 5361 268 5444 lliracnlis
280 5366 366 5421 sancti
381 5366 528 5433 Benedicti,
544 5382 603 5448 cap.
620 5367 663 5433 ts,
678 5368 720 5422 iris
732 5368 837 5421 rerlris:
850 5387 858 5418 ι
871 5367 921 5421 lle-

130 5429 182 5510 galr
196 5433 379 5490 muntficentia
402 5434 466 5490 huic
489 5437 674 5492 sacratissimo
697 5437 820 5493 coenobio
832 5454 847 5492 a
861 5437 918 5506 pri-

131 5515 186 5554 sers
205 5501 372 5558 Francorum
389 5504 497 5575 regibus
518 5522 566 5576 per
584 5508 712 5578 praecepti
735 5508 837 5577 proprii
858 5522 921 5576 syn-

131 5568 262 5637 graphum
278 5586 435 5628 concessum
449 5573 536 5628 fuerat
547 5577 585 5630 uti
597 5586 713 5644 quatuor
725 5593 807 5631 naves
824 5578 921 5631 immn-

130 5651 180 5715 lres
190 5636 224 5690 ab
234 5642 306 5693 omni
319 5642 408 5697 debito
418 5641 477 5697 frsci
488 5644 625 5700 liberrime
639 5663 687 5716 per
701 5646 804 5700 alrenur
818 5647 920 5716 Ligeris

126 5706 344 5765 discurrerent.»
360 5709 458 5767 Postea
471 5722 564 5768 narrat
582 5714 747 5770 Aalrcraldus
759 5716 920 5771 ruirncolum

960 3718 1066 3773 -domni
1096 3718 1225 3774 Ludorici
1251 3719 1366 3790 piissimi

714 280 873 339 tubovtct
889 283 900 336 l
919 276 1154 336 COGNOMENTO
1171 273 1216 332 Pll

142 414 219 466 sione
236 424 283 465 sna
297 407 454 462 habuissent
469 445 476 470 ,
504 411 637 460 eteorum
659 402 873 458 immunitatibus
888 401 973 459 ιιι-ιι

1315 391 1444 449 exsilit
1499 404 1505 419 ⁸

1157 501 1207 540 ruo
1229 499 1398 541 nontsrsnro
1412 499 1593 542 rnorttcnnsr.
1628 546 1632 561 ,

1291 572 1378 646 (Anno
1391 573 1472 646 813⁴.)-

982 665 1071 739 [dpud
1092 665 1124 720 b.
1148 663 1294 734 Menoec,
1318 663 1397 728 iiidz,
1422 678 1456 719 ex
1480 665 1588 722 schedis
1612 665 1645 720 B.
1674 666 1784 725 Claudii

1301 733 1464 806 manunt]

1016 822 1168 879 innomine
1189 822 1239 877 bei
1262 831 1292 878 ct
1308 821 1460 880 salvatoris
1481 826 1570 880 nostri
1586 824 1654 882 lesu
1666 827 1782 895 Christi,

981 911 1143 977 Lndoricus,
1158 912 1248 967 diuina
1266 912 1410 970 ordinante
1422 914 1607 984 prouidentia,
1627 917 1782 989 imperator

980 1001 1128 1073 Augustus

1015 1088 1147 1145 Omnibus
1155 1090 1305 1161 episcopis,
1314 1092 1468 1159 abbatibus,
1479 1093 1609 1162 ducibus,
1619 1097 1778 1161 comitibus,

981 1177 1104 1243 vicariis,
1131 1181 1309 1245 centenariis,
1340 1181 1508 1251 teloneariis,
1536 1186 1714 1252 censuariis,
1741 1189 1780 1243 rel

980 1269 1107 1324 omnibus
1118 1269 1312 1338 rempublicam
1325 1270 1592 1341 administrantibus,
1604 1291 1658 1331 seu
1667 1279 1779 1334 caeteris

980 1358 1104 1414 fidelibus
1116 1367 1218 1415 sanctae
1241 1358 1290 1415 Bsi
1311 1359 1441 1417 Ecclesiae
1453 1371 1481 1418 et
1502 1366 1615 1432 uostris,
1639 1376 1700 1423 tam
1714 1385 1779 1439 pree·

980 1448 1104 1504 sentibus
1120 1463 1200 1518 quana
1222 1447 1332 1515 futuris,
1354 1457 1449 1506 uotum
1469 1453 1509 1508 sit
1530 1455 1597 1525 quia
1611 1459 1777 1515 uenerabilis

980 1536 1022 1591 ιιι
1045 1537 1222 1609 buamundus
1243 1540 1312 1595 abba
1336 1554 1371 1597 en
1394 1545 1564 1600 monasterio
1590 1544 1776 1614 Bloriaoeus',

979 1629 1052 1698 quod
1072 1637 1115 1685 est
1137 1638 1323 1687 constmetum
1341 1631 1370 1686 iu
1393 1646 1464 1703 pago
1480 1632 1677 1693 aurelianensi
1698 1655 1778 1710 super

941 1717 1090 1799 Bssurium
1106 1720 1220 1792 Ligeris,
1246 1721 1392 1777 inhonore
1414 1723 1541 1781 videlicet
1562 1724 1592 1780 S.
1607 1725 1685 1782 Petri
1703 1730 1775 1800 prio·

980 1810 1048 1880 cipis
1060 1810 1244 1881 apostolomm
1258 1819 1288 1865 et
1306 1810 1340 1866 S.
1363 1811 1502 1869 Benedicti
1527 1814 1708 1882 confessoris,
1732 1819 1777 1873 ubi

979 1903 1037 1972 ipse
1051 1901 1080 1959 S.
1093 1902 1255 1959 Benedictus
1268 1918 1382 1973 corpore
1402 1906 1559 1974 requiescit,
1577 1907 1680 1963 detulit
1700 1911 1775 1966 nolis

979 1991 1170 2048 auctoritatem
1183 1993 1374 2064 preceptionis
1394 1995 1485 2050 domni
1500 2004 1528 2051 et
1539 1997 1678 2066 genitoris
1690 2002 1773 2056 nostri

978 2081 1057 2137 bonas
1069 2083 1208 2139 memoriae
1225 2081 1316 2140 Caroli
1328 2085 1444 2154 piissimi
1455 2085 1582 2154 Augusti,
1604 2088 1634 2143 in
1647 2105 1701 2160 qua
1712 2106 1772 2146 oon·

979 2170 1117 2227 sinebatur
1139 2173 1210 2242 quod
1229 2188 1297 2229 arus
1312 2183 1405 2230 noster
1423 2175 1553 2246 Pippinns
1569 2180 1712 2247 quondam
1726 2196 1771 2238 reu

977 2269 1006 2316 et
1017 2262 1089 2317 idem
1099 2263 1204 2333 genitor
1216 2273 1308 2319 noster
1317 2265 1496 2322 contulissent
1505 2270 1676 2326 monasterio
1686 2271 1770 2326 eidem

979 2350 1114 2407 teloneum
1127 2353 1161 2407 de
1175 2359 1292 2423 quatuor
1304 2355 1429 2421 naribus,
1451 2371 1512 2426 qum
1530 2371 1580 2427 per
1599 2357 1708 2429 Ligeris
1724 2358 1771 2415 fln-

977 2457 1040 2498 meu
1053 2458 1100 2498 scu
1119 2453 1219 2500 caetera
1239 2444 1350 2500 flumina
1364 2455 1475 2517 propter
1488 2448 1528 2502 sal
1542 2457 1571 2503 et
1583 2459 1686 2506 caetera
1696 2466 1770 2507 mm·

977 2534 1079 2588 mercia
1093 2533 1291 2600 discurrebant,
1315 2549 1418 2589 necnon
1429 2545 1456 2590 et
1470 2537 1503 2590 de
1517 2538 1608 2593 carris
1619 2548 1649 2593 et
1662 2554 1768 2610 sagma·

978 2623 1026 2677 riis
1044 2625 1200 2680 necessaria
1213 2624 1297 2695 ipsius
1311 2626 1469 2680 morsasterii
1491 2625 1534 2681 rel
1552 2629 1770 2698 congregationis

976 2712 1078 2767 ibidem
1091 2714 1146 2768 Beo
1158 2713 1313 2768 famulantis
1327 2712 1522 2780 deferentibus,
1537 2717 1616 2773 etde
1634 2718 1717 2784 villis,
1732 2719 1771 2775 rel

976 2802 1009 2858 de
1031 2803 1167 2870 omnibus,
1194 2806 1373 2875 undecunque
1397 2805 1479 2861 fiscus
1501 2806 1641 2863 teloneum
1663 2811 1770 2880 exigere

974 2903 1091 2964 poterat.
1120 2894 1173 2950 Pro
1199 2894 1334 2949 firmitatis
1360 2911 1476 2966 numque
1503 2898 1594 2952 studio
1623 2900 1770 2968 postularit

975 2986 1053 3040 nobis
1077 2984 1205 3054 praefatus
1223 2985 1307 3041 abbas
1331 2994 1361 3040 ut
1384 2997 1528 3057 paternum
1551 3003 1601 3043 seu
1624 2991 1770 3058 praedeces·

974 3090 1066 3130 sorum
1089 3083 1244 3132 nostrorum
1275 3091 1378 3131 morem
1400 3084 1562 3147 sequentes,
1585 3079 1776 3151 hujuscemodi

977 3167 1148 3222 auctoritatis
1170 3175 1294 3222 nostraee
1314 3167 1475 3224 beneficium
1497 3170 1588 3225 eidem
1606 3174 1771 3228 concedere-

974 3273 1036 3312 mus
1051 3259 1093 3316 rel
1107 3259 1341 3315 confirmaremus.
1358 3260 1435 3327 Quod
1449 3271 1477 3317 et
1493 3261 1622 3329 fecimus,
1637 3275 1692 3322 etc.

1011 3349 1123 3421 Signum
1138 3350 1267 3407 Ludorici
1282 3353 1449 3408 serenissimi
1464 3353 1650 3424 imperatoris.

1010 3441 1155 3498 Duraudus
1180 3441 1311 3499 diaconus
1336 3443 1369 3498 ad
1395 3444 1483 3499 ricem
1508 3444 1673 3503 llelisacbar
1699 3464 1774 3505 reeo-

974 3535 1076 3605 gnovit.

1010 3627 1078 3680 Bata
1086 3642 1112 3680 rr
1121 3626 1180 3681 lial.
1194 3627 1364 3698 augauno,
1374 3626 1483 3683 Christo
1495 3629 1655 3699 propitio‚5
1667 3632 1769 3703 imperii

1393 3720 1518 3791 Augusti,
1547 3721 1702 3777 indictione
1728 3722 1768 3776 fl.

974 3807 1073 3862 Actum
1094 3808 1248 3865 Aurelianis
1264 3809 1376 3866 ciuitate
1395 3809 1422 3864 in
1437 3810 1485 3865 Bei
1507 3811 1623 3868 nomine
1647 3811 1769 3868 feliciter.

974 3896 1071 3953 Amen.

1308 3969 1426 4027 LXXIX.

1141 4055 1192 4096 rno
1206 4054 1375 4098 nontsrunro
1393 4057 1601 4097 raonruocsnsr.

1278 4129 1366 4202 (Anao
1385 4130 1461 4201 818.)

1101 4221 1189 4295 [Apud
1202 4224 1234 4278 b.
1247 4223 1391 4294 Bouquet.‚
1400 4224 1475 4289 ibid,
1490 4240 1553 4296 pag.
1570 4226 1649 4300 itia]

1010 4314 1163 4370 innomine
1185 4314 1293 4370 Domini
1316 4315 1363 4370 Bei
1386 4324 1413 4370 et
1434 4314 1588 4372 salvatoris
1602 4320 1690 4374 nostri
1712 4318 1770 4377 iesu

975 4404 1086 4471 Cirristi,
1098 4404 1260 4472 Ludoricus,
1275 4407 1365 4464 divina
1377 4407 1519 4465 ordinante
1530 4410 1717 4478 providentia,
1728 4411 1760 4466 int

933 4471 962 4531 D
974 4505 1084 4567 perator
1097 4497 1242 4568 Augustus.

1009 4589 1078 4645 Cum
1100 4588 1167 4645 locis
1196 4590 1288 4645 ditino
1314 4591 1397 4646 cultui
1422 4593 1588 4662 mancipatis
1616 4595 1653 4650 ob
1679 4596 1769 4652 dirinc

974 4681 1113 4737 servitutis
1133 4682 1264 4737 bonorem
1278 4696 1356 4752 opem
1371 4697 1520 4752 congmam
1544 4683 1677 4753 ferimus,
1692 4695 1721 4741 et
1733 4700 1768 4739 re·

975 4773 1047 4844 gium
1060 4787 1163 4827 morem
1175 4772 1304 4828 decenter
1326 4771 1477 4841 implemus,
1492 4781 1520 4828 et
1541 4773 1571 4828 id
1592 4776 1675 4830 nobis
1686 4773 1769 4847 prolu-

960 4940 962 4945 .
975 4872 1065 4921 turum
1080 4865 1113 4920 ad
1125 4871 1232 4920 aeternae
1243 4864 1469 4921 remunerationis
1480 4867 1594 4935 praemia
1608 4866 1768 4938 capessenda

975 4956 1109 5011 ueraciter
1125 4955 1269 5013 credimus.
1284 4954 1381 5010 Notum
1392 4955 1474 5025 igitur
1485 4969 1548 5010 csse
1569 4956 1699 5011 uolumus
1713 4956 1768 5010 ide

974 5043 1045 5100 libus
1069 5054 1169 5101 sanetae
1190 5044 1238 5099 Bei
1257 5043 1384 5099 Ecclesiae
1401 5052 1429 5098 et
1451 5043 1565 5106 nostris,
1591 5044 1767 5120 presentibus

974 5168 1096 5228 tempore
1112 5156 1233 5211 [faltonis
1255 5154 1362 5209 comitis
1383 5154 1494 5208 facturn.
1518 5152 1707 5214 liabillonius.
1724 5154 1765 5208 lib.

974 5243 1059 5282 xnrrrr
1074 5226 1170 5283 dnnnl.
1186 5225 1297 5290 Bened,
1314 5240 1388 5279 ιιιιιιι.
1413 5224 1458 5289 iti,
1481 5222 1565 5279 uellet
1587 5225 1766 5279 adrevaldum

974 5298 1076 5352 habere
1100 5296 1195 5350 vadem
1217 5293 1365 5349 consimilis
1386 5292 1518 5347 miraculi.
1544 5293 1685 5349 Obserrat
1707 5307 1766 5363 prae

973 5378 1047 5423 terea
1069 5367 1139 5421 illem
1160 5365 1329 5419 blabillonius
1351 5364 1447 5433 perid
1470 5371 1579 5430 tempus
1602 5363 1722 5418 floriaci
1734 5361 1766 5414 ri

972 5439 1064 5508 guisse
1088 5437 1176 5490 studia
1198 5435 1361 5498 litterarum,
1376 5440 1493 5487 testante
1516 5432 1673 5488 l'heodulfo
1688 5435 1765 5488 inca·

971 5507 1090 5577 pitnlari,
1112 5503 1188 5573 errius
1203 5504 1290 5573 eapite
1313 5502 1347 5556 ι9
1360 5503 1532 5573 presbyteros
1547 5513 1644 5558 monet
1666 5513 1697 5557 ut
1709 5516 1765 5556 rou·

972 5577 1135 5644 sanguineos
1160 5588 1225 5628 suos
1250 5573 1284 5626 ad
1317 5572 1435 5626 scholam
1462 5572 1574 5627 mittant
1600 5574 1627 5627 in
1654 5571 1764 5629 ecclesia

973 5646 1079 5700 Sanctae
1094 5645 1198 5708 Crucis,
1222 5659 1282 5713 ilum
1299 5641 1461 5696 catiredralis
1484 5651 1548 5706 est„
1563 5651 1612 5697 aut
1627 5643 1656 5697 in
1678 5655 1764 5699 morta·

971 5715 1054 5773 sterio
1069 5714 1098 5772 S.
1114 5714 1211 5770 Auiani
1230 5721 1275 5768 ant
1290 5710 1319 5766 S.
1334 5711 1481 5766 Benedicti.
