<?xml version="1.0" encoding="UTF-8"?>
<!DOCTYPE html PUBLIC "-//W3C//DTD XHTML 1.0 Transitional//EN"
    "http://www.w3.org/TR/xhtml1/DTD/xhtml1-transitional.dtd">
<html xmlns="http://www.w3.org/1999/xhtml" xml:lang="en" lang="en">
 <head>
  <title>
</title>
<meta http-equiv="Content-Type" content="text/html;charset=utf-8" />
  <meta name='ocr-system' content='tesseract 3.04.00' />
  <meta name='ocr-capabilities' content='ocr_page ocr_carea ocr_par ocr_line ocrx_word'/>
</head>
<body>
  <div class='ocr_page' id='page_1' title='image "./patrologiaecurs103migngoog_0352.png"; bbox 0 0 3832 6120; ppageno 0'>
   <div class='ocr_carea' id='block_1_1' title="bbox 134 293 1766 365">
    <p class='ocr_par' dir='ltr' id='par_1_1' title="bbox 134 293 1766 365">
     <span class='ocr_line' id='line_1_1' title="bbox 134 293 1766 365; baseline -0.003 -9"><span class='ocrx_word' id='word_1_1' title='bbox 134 297 188 356; x_wconf 67' lang='lat'>⁸89</span> <span class='ocrx_word' id='word_1_2' title='bbox 488 293 720 365; x_wconf 77' lang='lat' dir='ltr'>QbAEstlorlbs</span> <span class='ocrx_word' id='word_1_3' title='bbox 739 293 814 350; x_wconf 78' lang='lat' dir='ltr'>xxx</span> <span class='ocrx_word' id='word_1_4' title='bbox 832 293 944 351; x_wconf 81' lang='lat' dir='ltr'>SUPER</span> <span class='ocrx_word' id='word_1_5' title='bbox 963 293 1087 352; x_wconf 79' lang='lat' dir='ltr'>LIBROS</span> <span class='ocrx_word' id='word_1_6' title='bbox 1106 294 1237 352; x_wconf 79' lang='lat' dir='ltr'>bEtht</span> <span class='ocrx_word' id='word_1_7' title='bbox 1254 325 1288 335; x_wconf 92' lang='lat'>-</span> <span class='ocrx_word' id='word_1_8' title='bbox 1304 293 1405 350; x_wconf 83' lang='lat' dir='ltr'>LIBER</span> <span class='ocrx_word' id='word_1_9' title='bbox 1423 295 1454 351; x_wconf 92' lang='lat' dir='ltr'>ll.</span> <span class='ocrx_word' id='word_1_10' title='bbox 1712 293 1766 351; x_wconf 74' lang='grc' dir='ltr'>6ῗο</span> 
     </span>
    </p>
   </div>
   <div class='ocr_carea' id='block_1_2' title="bbox 100 406 1803 2730">
    <p class='ocr_par' dir='ltr' id='par_1_2' title="bbox 100 406 1773 1021">
     <span class='ocr_line' id='line_1_2' title="bbox 133 406 1769 485; baseline -0.003 -18"><span class='ocrx_word' id='word_1_11' title='bbox 133 412 272 485; x_wconf 85' lang='lat' dir='ltr'>pulenrnt,</span> <span class='ocrx_word' id='word_1_12' title='bbox 287 406 411 477; x_wconf 85' lang='lat' dir='ltr'>indignos</span> <span class='ocrx_word' id='word_1_13' title='bbox 424 406 450 462; x_wconf 92' lang='lat' dir='ltr'>in</span> <span class='ocrx_word' id='word_1_14' title='bbox 462 422 512 462; x_wconf 89' lang='lat' dir='ltr'>sua</span> <span class='ocrx_word' id='word_1_15' title='bbox 532 409 675 465; x_wconf 77' lang='lat' dir='ltr'>sterilitate</span> <span class='ocrx_word' id='word_1_16' title='bbox 696 423 805 473; x_wconf 79' lang='lat' dir='ltr'>uacuos,</span> <span class='ocrx_word' id='word_1_17' title='bbox 820 421 853 462; x_wconf 88' lang='lat' dir='ltr'>ae</span> <span class='ocrx_word' id='word_1_18' title='bbox 864 421 925 475; x_wconf 89' lang='lat' dir='ltr'>per-</span> <span class='ocrx_word' id='word_1_19' title='bbox 938 409 965 469; x_wconf 82' lang='grc' dir='ltr'><strong>Α</strong></span> <span class='ocrx_word' id='word_1_20' title='bbox 976 407 1108 463; x_wconf 87' lang='lat' dir='ltr'>honorum</span> <span class='ocrx_word' id='word_1_21' title='bbox 1121 408 1192 462; x_wconf 86' lang='lat' dir='ltr'>mala</span> <span class='ocrx_word' id='word_1_22' title='bbox 1212 407 1351 463; x_wconf 90' lang='lat' dir='ltr'>bominum</span> <span class='ocrx_word' id='word_1_23' title='bbox 1362 415 1439 478; x_wconf 88' lang='lat' dir='ltr'>gesta</span> <span class='ocrx_word' id='word_1_24' title='bbox 1452 406 1627 475; x_wconf 79' lang='lat' dir='ltr'>accipiantur.</span> <span class='ocrx_word' id='word_1_25' title='bbox 1647 406 1769 475; x_wconf 81' lang='lat' dir='ltr'>benique</span> 
     </span>
     <span class='ocr_line' id='line_1_3' title="bbox 134 476 1769 574; baseline -0.001 -19"><span class='ocrx_word' id='word_1_26' title='bbox 134 511 217 574; x_wconf 85' lang='lat' dir='ltr'>petuo</span> <span class='ocrx_word' id='word_1_27' title='bbox 231 498 287 570; x_wconf 90' lang='lat' dir='ltr'>igni</span> <span class='ocrx_word' id='word_1_28' title='bbox 308 497 505 553; x_wconf 89' lang='lat' dir='ltr'>comburendos</span> <span class='ocrx_word' id='word_1_29' title='bbox 525 492 717 570; x_wconf 55' lang='lat' dir='ltr'>relinquant]</span> <span class='ocrx_word' id='word_1_30' title='bbox 733 518 741 550; x_wconf 90' lang='grc' dir='ltr'>ι</span> <span class='ocrx_word' id='word_1_31' title='bbox 765 501 803 554; x_wconf 80' lang='lat' dir='ltr'>lie</span> <span class='ocrx_word' id='word_1_32' title='bbox 816 499 923 568; x_wconf 89' lang='lat' dir='ltr'>quibus,</span> <span class='ocrx_word' id='word_1_33' title='bbox 977 496 1069 553; x_wconf 90' lang='lat' dir='ltr'>Uriam</span> <span class='ocrx_word' id='word_1_34' title='bbox 1084 476 1268 555; x_wconf 63' lang='lat' dir='ltr'>fidelissimum</span> <span class='ocrx_word' id='word_1_35' title='bbox 1283 499 1368 554; x_wconf 79' lang='lat' dir='ltr'>David</span> <span class='ocrx_word' id='word_1_36' title='bbox 1391 499 1464 570; x_wconf 89' lang='lat' dir='ltr'>regis</span> <span class='ocrx_word' id='word_1_37' title='bbox 1477 497 1589 552; x_wconf 90' lang='lat' dir='ltr'>militem</span> <span class='ocrx_word' id='word_1_38' title='bbox 1602 496 1635 552; x_wconf 90' lang='lat' dir='ltr'>ad</span> <span class='ocrx_word' id='word_1_39' title='bbox 1647 497 1769 567; x_wconf 84' lang='lat' dir='ltr'>piissima</span> 
     </span>
     <span class='ocr_line' id='line_1_4' title="bbox 134 588 1769 661; baseline -0.004 -10"><span class='ocrx_word' id='word_1_40' title='bbox 134 589 367 651; x_wconf 85' lang='lat' dir='ltr'>etbeuedieitnr:</span> <span class='ocrx_word' id='word_1_41' title='bbox 381 590 731 660; x_wconf 78' lang='lat' dir='ltr'>utuqriprimiticrumesse</span> <span class='ocrx_word' id='word_1_42' title='bbox 743 590 923 660; x_wconf 89' lang='lat' dir='ltr'>nonpossint:</span> <span class='ocrx_word' id='word_1_43' title='bbox 977 596 1058 660; x_wconf 86' lang='lat' dir='ltr'>atque</span> <span class='ocrx_word' id='word_1_44' title='bbox 1073 591 1296 647; x_wconf 86' lang='lat' dir='ltr'>innocentissima</span> <span class='ocrx_word' id='word_1_45' title='bbox 1312 589 1370 659; x_wconf 86' lang='lat' dir='ltr'>ejus</span> <span class='ocrx_word' id='word_1_46' title='bbox 1385 605 1478 661; x_wconf 91' lang='lat' dir='ltr'>opera,</span> <span class='ocrx_word' id='word_1_47' title='bbox 1496 588 1538 645; x_wconf 86' lang='lat' dir='ltr'>vel</span> <span class='ocrx_word' id='word_1_48' title='bbox 1559 589 1630 644; x_wconf 90' lang='lat' dir='ltr'>dicta</span> <span class='ocrx_word' id='word_1_49' title='bbox 1647 591 1674 643; x_wconf 88' lang='lat' dir='ltr'>in</span> <span class='ocrx_word' id='word_1_50' title='bbox 1697 589 1769 645; x_wconf 86' lang='lat' dir='ltr'>mala</span> 
     </span>
     <span class='ocr_line' id='line_1_5' title="bbox 134 678 1770 754; baseline -0.004 -15"><span class='ocrx_word' id='word_1_51' title='bbox 134 680 252 754; x_wconf 81' lang='lat' dir='ltr'>superbe</span> <span class='ocrx_word' id='word_1_52' title='bbox 274 679 559 753; x_wconf 86' lang='lat' dir='ltr'>quippellebraeorum</span> <span class='ocrx_word' id='word_1_53' title='bbox 583 690 687 737; x_wconf 91' lang='lat' dir='ltr'>mentes</span> <span class='ocrx_word' id='word_1_54' title='bbox 703 682 854 752; x_wconf 88' lang='lat' dir='ltr'>primitivos</span> <span class='ocrx_word' id='word_1_55' title='bbox 871 680 927 734; x_wconf 91' lang='lat' dir='ltr'>lru-</span> <span class='ocrx_word' id='word_1_56' title='bbox 976 678 1185 750; x_wconf 82' lang='lat' dir='ltr'>signtsscarlune,</span> <span class='ocrx_word' id='word_1_57' title='bbox 1199 687 1333 734; x_wconf 86' lang='lat' dir='ltr'>etcontra</span> <span class='ocrx_word' id='word_1_58' title='bbox 1348 680 1438 749; x_wconf 92' lang='lat' dir='ltr'>ipsum</span> <span class='ocrx_word' id='word_1_59' title='bbox 1451 679 1535 734; x_wconf 80' lang='lat' dir='ltr'>David</span> <span class='ocrx_word' id='word_1_60' title='bbox 1550 678 1770 733; x_wconf 82' lang='lat' dir='ltr'>inmsximosuo</span> 
     </span>
     <span class='ocr_line' id='line_1_6' title="bbox 134 766 1770 841; baseline -0.004 -12"><span class='ocrx_word' id='word_1_61' title='bbox 134 781 195 829; x_wconf 89' lang='lat' dir='ltr'>etus</span> <span class='ocrx_word' id='word_1_62' title='bbox 209 786 263 827; x_wconf 92' lang='lat' dir='ltr'>non</span> <span class='ocrx_word' id='word_1_63' title='bbox 283 769 393 834; x_wconf 86' lang='lat' dir='ltr'>lemnt;</span> <span class='ocrx_word' id='word_1_64' title='bbox 414 771 477 839; x_wconf 87' lang='lat' dir='ltr'>quia</span> <span class='ocrx_word' id='word_1_65' title='bbox 501 772 529 824; x_wconf 92' lang='lat' dir='ltr'>in</span> <span class='ocrx_word' id='word_1_66' title='bbox 549 771 736 841; x_wconf 86' lang='lat' dir='ltr'>Redemptoris</span> <span class='ocrx_word' id='word_1_67' title='bbox 752 770 868 826; x_wconf 87' lang='lat' dir='ltr'>adventu</span> <span class='ocrx_word' id='word_1_68' title='bbox 893 785 927 825; x_wconf 84' lang='lat' dir='ltr'>ea</span> <span class='ocrx_word' id='word_1_69' title='bbox 977 768 1080 824; x_wconf 89' lang='lat' dir='ltr'>scelere</span> <span class='ocrx_word' id='word_1_70' title='bbox 1091 769 1119 822; x_wconf 91' lang='lat' dir='ltr'>in</span> <span class='ocrx_word' id='word_1_71' title='bbox 1130 769 1634 839; x_wconf 86' lang='lat' dir='ltr'>bonaaccipienduminterpretautur:</span> <span class='ocrx_word' id='word_1_72' title='bbox 1649 766 1770 837; x_wconf 89' lang='lat' dir='ltr'>alioquin</span> 
     </span>
     <span class='ocr_line' id='line_1_7' title="bbox 100 856 1773 931; baseline -0.003 -16"><span class='ocrx_word' id='word_1_73' title='bbox 100 890 103 897; x_wconf 90' lang='lat'><em>·</em></span> <span class='ocrx_word' id='word_1_74' title='bbox 134 868 213 931; x_wconf 87' lang='lat' dir='ltr'>parte</span> <span class='ocrx_word' id='word_1_75' title='bbox 237 859 355 922; x_wconf 77' lang='lat' dir='ltr'>maxima</span> <span class='ocrx_word' id='word_1_76' title='bbox 380 860 407 912; x_wconf 90' lang='lat' dir='ltr'>iu</span> <span class='ocrx_word' id='word_1_77' title='bbox 434 859 546 928; x_wconf 82' lang='lat' dir='ltr'>perfidia</span> <span class='ocrx_word' id='word_1_78' title='bbox 571 869 752 927; x_wconf 81' lang='lat' dir='ltr'>remanentes,</span> <span class='ocrx_word' id='word_1_79' title='bbox 777 859 926 930; x_wconf 91' lang='lat' dir='ltr'>primordia</span> <span class='ocrx_word' id='word_1_80' title='bbox 976 857 1001 911; x_wconf 84' lang='lat' dir='ltr'>si</span> <span class='ocrx_word' id='word_1_81' title='bbox 1014 872 1068 912; x_wconf 90' lang='lat' dir='ltr'>non</span> <span class='ocrx_word' id='word_1_82' title='bbox 1086 865 1115 912; x_wconf 89' lang='lat' dir='ltr'>et</span> <span class='ocrx_word' id='word_1_83' title='bbox 1126 872 1176 927; x_wconf 90' lang='lat' dir='ltr'>per</span> <span class='ocrx_word' id='word_1_84' title='bbox 1191 859 1262 912; x_wconf 92' lang='lat' dir='ltr'>mala</span> <span class='ocrx_word' id='word_1_85' title='bbox 1277 859 1387 923; x_wconf 91' lang='lat' dir='ltr'>bonum,</span> <span class='ocrx_word' id='word_1_86' title='bbox 1403 867 1431 912; x_wconf 89' lang='lat' dir='ltr'>et</span> <span class='ocrx_word' id='word_1_87' title='bbox 1444 858 1544 912; x_wconf 91' lang='lat' dir='ltr'>malum</span> <span class='ocrx_word' id='word_1_88' title='bbox 1559 856 1706 927; x_wconf 90' lang='lat' dir='ltr'>signilleari</span> <span class='ocrx_word' id='word_1_89' title='bbox 1722 871 1773 926; x_wconf 89' lang='lat' dir='ltr'>per</span> 
     </span>
     <span class='ocr_line' id='line_1_8' title="bbox 136 948 1759 1021; baseline -0.005 -16"><span class='ocrx_word' id='word_1_90' title='bbox 136 951 200 1007; x_wconf 89' lang='lat' dir='ltr'>lidei</span> <span class='ocrx_word' id='word_1_91' title='bbox 223 950 299 1019; x_wconf 91' lang='lat' dir='ltr'>sequi</span> <span class='ocrx_word' id='word_1_92' title='bbox 320 950 483 1004; x_wconf 88' lang='lat' dir='ltr'>uoluerunt:</span> <span class='ocrx_word' id='word_1_93' title='bbox 507 958 600 1006; x_wconf 87' lang='lat' dir='ltr'>saneta</span> <span class='ocrx_word' id='word_1_94' title='bbox 618 966 735 1021; x_wconf 92' lang='lat' dir='ltr'>namque</span> <span class='ocrx_word' id='word_1_95' title='bbox 757 951 878 1006; x_wconf 75' lang='lat' dir='ltr'>Ecclesia</span> <span class='ocrx_word' id='word_1_96' title='bbox 900 951 928 1005; x_wconf 90' lang='lat' dir='ltr'>iu</span> <span class='ocrx_word' id='word_1_97' title='bbox 977 948 1048 1003; x_wconf 85' lang='lat' dir='ltr'>bona</span> <span class='ocrx_word' id='word_1_98' title='bbox 1071 954 1174 1017; x_wconf 88' lang='lat' dir='ltr'>posset,</span> <span class='ocrx_word' id='word_1_99' title='bbox 1196 963 1334 1016; x_wconf 90' lang='lat' dir='ltr'>nunquam</span> <span class='ocrx_word' id='word_1_100' title='bbox 1350 948 1444 1003; x_wconf 90' lang='lat' dir='ltr'>liceret</span> <span class='ocrx_word' id='word_1_101' title='bbox 1465 948 1543 1017; x_wconf 92' lang='lat' dir='ltr'>nigro</span> <span class='ocrx_word' id='word_1_102' title='bbox 1557 953 1709 1000; x_wconf 86' lang='lat' dir='ltr'>atramento</span> <span class='ocrx_word' id='word_1_103' title='bbox 1723 958 1759 998; x_wconf 92' lang='lat' dir='ltr'>no</span> 
     </span>
    </p>

    <p class='ocr_par' dir='ltr' id='par_1_3' title="bbox 108 1034 1803 2652">
     <span class='ocr_line' id='line_1_9' title="bbox 134 1034 1771 1112; baseline -0.005 -18"><span class='ocrx_word' id='word_1_104' title='bbox 134 1039 264 1112; x_wconf 88' lang='lat' dir='ltr'>primitiis</span> <span class='ocrx_word' id='word_1_105' title='bbox 287 1039 344 1093; x_wconf 90' lang='lat' dir='ltr'>suis</span> <span class='ocrx_word' id='word_1_106' title='bbox 362 1039 533 1093; x_wconf 91' lang='lat' dir='ltr'>multitudine</span> <span class='ocrx_word' id='word_1_107' title='bbox 550 1040 670 1111; x_wconf 90' lang='lat' dir='ltr'>gentium</span> <span class='ocrx_word' id='word_1_108' title='bbox 695 1039 860 1104; x_wconf 80' lang='lat' dir='ltr'>fecundata,</span> <span class='ocrx_word' id='word_1_109' title='bbox 884 1039 927 1093; x_wconf 83' lang='lat' dir='ltr'>rix</span> <span class='ocrx_word' id='word_1_110' title='bbox 978 1054 1039 1094; x_wconf 85' lang='lat' dir='ltr'>rnen</span> <span class='ocrx_word' id='word_1_111' title='bbox 1055 1040 1113 1105; x_wconf 79' lang='lat' dir='ltr'>liei,</span> <span class='ocrx_word' id='word_1_112' title='bbox 1129 1039 1176 1095; x_wconf 85' lang='lat' dir='ltr'>sed</span> <span class='ocrx_word' id='word_1_113' title='bbox 1188 1054 1295 1110; x_wconf 82' lang='lat' dir='ltr'>semper</span> <span class='ocrx_word' id='word_1_114' title='bbox 1307 1039 1397 1094; x_wconf 90' lang='lat' dir='ltr'>lucido</span> <span class='ocrx_word' id='word_1_115' title='bbox 1409 1052 1476 1092; x_wconf 91' lang='lat' dir='ltr'>auro</span> <span class='ocrx_word' id='word_1_116' title='bbox 1490 1037 1589 1092; x_wconf 88' lang='lat' dir='ltr'>debere</span> <span class='ocrx_word' id='word_1_117' title='bbox 1603 1035 1696 1099; x_wconf 87' lang='lat' dir='ltr'>scribi,</span> <span class='ocrx_word' id='word_1_118' title='bbox 1707 1034 1771 1102; x_wconf 88' lang='lat' dir='ltr'>quia</span> 
     </span>
     <span class='ocr_line' id='line_1_10' title="bbox 135 1126 1780 1199; baseline -0.004 -13"><span class='ocrx_word' id='word_1_119' title='bbox 135 1131 165 1186; x_wconf 91' lang='lat' dir='ltr'>iu</span> <span class='ocrx_word' id='word_1_120' title='bbox 182 1129 237 1184; x_wconf 91' lang='lat' dir='ltr'>line</span> <span class='ocrx_word' id='word_1_121' title='bbox 250 1128 355 1193; x_wconf 88' lang='lat' dir='ltr'>mundi,</span> <span class='ocrx_word' id='word_1_122' title='bbox 368 1127 486 1195; x_wconf 66' lang='lat' dir='ltr'>ludaeos,</span> <span class='ocrx_word' id='word_1_123' title='bbox 504 1145 572 1199; x_wconf 91' lang='lat' dir='ltr'>quos</span> <span class='ocrx_word' id='word_1_124' title='bbox 585 1131 729 1194; x_wconf 85' lang='lat' dir='ltr'>invenerit,</span> <span class='ocrx_word' id='word_1_125' title='bbox 749 1130 888 1199; x_wconf 81' lang='lat' dir='ltr'>suscipiet,</span> <span class='ocrx_word' id='word_1_126' title='bbox 901 1138 929 1184; x_wconf 89' lang='lat' dir='ltr'>et</span> <span class='ocrx_word' id='word_1_127' title='bbox 978 1130 1050 1185; x_wconf 83' lang='lat' dir='ltr'>Deus</span> <span class='ocrx_word' id='word_1_128' title='bbox 1063 1131 1109 1184; x_wconf 83' lang='lat' dir='ltr'>lua</span> <span class='ocrx_word' id='word_1_129' title='bbox 1133 1139 1187 1196; x_wconf 88' lang='lat' dir='ltr'>est,</span> <span class='ocrx_word' id='word_1_130' title='bbox 1202 1139 1231 1187; x_wconf 91' lang='lat' dir='ltr'>et</span> <span class='ocrx_word' id='word_1_131' title='bbox 1245 1132 1362 1185; x_wconf 74' lang='lat' dir='ltr'>tenebre</span> <span class='ocrx_word' id='word_1_132' title='bbox 1379 1131 1405 1184; x_wconf 93' lang='lat' dir='ltr'>in</span> <span class='ocrx_word' id='word_1_133' title='bbox 1425 1144 1458 1185; x_wconf 94' lang='lat' dir='ltr'>eo</span> <span class='ocrx_word' id='word_1_134' title='bbox 1479 1143 1531 1183; x_wconf 91' lang='lat' dir='ltr'>non</span> <span class='ocrx_word' id='word_1_135' title='bbox 1547 1134 1612 1183; x_wconf 87' lang='lat' dir='ltr'>sunt</span> <span class='ocrx_word' id='word_1_136' title='bbox 1631 1126 1703 1190; x_wconf 68' lang='lat' dir='ltr'>ullae,</span> <span class='ocrx_word' id='word_1_137' title='bbox 1717 1135 1780 1179; x_wconf 80' lang='grc' dir='ltr'>ιιι</span> 
     </span>
     <span class='ocr_line' id='line_1_11' title="bbox 134 1216 1773 1292; baseline -0.004 -16"><span class='ocrx_word' id='word_1_138' title='bbox 134 1229 257 1277; x_wconf 82' lang='lat' dir='ltr'>extrema</span> <span class='ocrx_word' id='word_1_139' title='bbox 268 1219 405 1291; x_wconf 83' lang='lat' dir='ltr'>colligens,</span> <span class='ocrx_word' id='word_1_140' title='bbox 422 1234 470 1275; x_wconf 92' lang='lat' dir='ltr'>eos</span> <span class='ocrx_word' id='word_1_141' title='bbox 483 1222 560 1290; x_wconf 86' lang='lat' dir='ltr'>quasi</span> <span class='ocrx_word' id='word_1_142' title='bbox 574 1221 704 1292; x_wconf 81' lang='lat' dir='ltr'>reliquias</span> <span class='ocrx_word' id='word_1_143' title='bbox 717 1221 825 1292; x_wconf 78' lang='lat' dir='ltr'>frugum</span> <span class='ocrx_word' id='word_1_144' title='bbox 835 1228 926 1291; x_wconf 89' lang='lat' dir='ltr'>ponet.</span> <span class='ocrx_word' id='word_1_145' title='bbox 979 1237 1086 1277; x_wconf 90' lang='lat' dir='ltr'>rursum</span> <span class='ocrx_word' id='word_1_146' title='bbox 1114 1223 1140 1276; x_wconf 92' lang='lat' dir='ltr'>in</span> <span class='ocrx_word' id='word_1_147' title='bbox 1169 1223 1255 1278; x_wconf 91' lang='lat' dir='ltr'>titulis</span> <span class='ocrx_word' id='word_1_148' title='bbox 1277 1222 1445 1277; x_wconf 88' lang='lat' dir='ltr'>Psalmorum</span> <span class='ocrx_word' id='word_1_149' title='bbox 1469 1233 1567 1276; x_wconf 92' lang='lat' dir='ltr'>nomeu</span> <span class='ocrx_word' id='word_1_150' title='bbox 1591 1216 1720 1280; x_wconf 65' lang='lat' dir='ltr'>absalon,</span> <span class='ocrx_word' id='word_1_151' title='bbox 1744 1223 1773 1270; x_wconf 88' lang='lat' dir='ltr'>et</span> 
     </span>
     <span class='ocr_line' id='line_1_12' title="bbox 136 1309 1772 1386; baseline -0.002 -19"><span class='ocrx_word' id='word_1_152' title='bbox 136 1312 176 1368; x_wconf 87' lang='lat' dir='ltr'>De</span> <span class='ocrx_word' id='word_1_153' title='bbox 188 1311 287 1380; x_wconf 88' lang='lat' dir='ltr'>quibus</span> <span class='ocrx_word' id='word_1_154' title='bbox 296 1310 424 1365; x_wconf 84' lang='lat' dir='ltr'>nimirum</span> <span class='ocrx_word' id='word_1_155' title='bbox 435 1312 558 1382; x_wconf 91' lang='lat' dir='ltr'>reliquiis</span> <span class='ocrx_word' id='word_1_156' title='bbox 567 1313 652 1369; x_wconf 87' lang='lat' dir='ltr'>lsaias</span> <span class='ocrx_word' id='word_1_157' title='bbox 661 1313 727 1370; x_wconf 90' lang='lat' dir='ltr'>dicit</span> <span class='ocrx_word' id='word_1_158' title='bbox 741 1331 747 1366; x_wconf 93' lang='lat'>:</span> <span class='ocrx_word' id='word_1_159' title='bbox 763 1312 830 1383; x_wconf 79' lang='lat' dir='ltr'>(lau.</span> <span class='ocrx_word' id='word_1_160' title='bbox 844 1331 871 1379; x_wconf 84' lang='lat' dir='ltr'>a,</span> <span class='ocrx_word' id='word_1_161' title='bbox 882 1312 927 1379; x_wconf 77' lang='lat' dir='ltr'>tt,</span> <span class='ocrx_word' id='word_1_162' title='bbox 979 1317 1070 1372; x_wconf 82' lang='lat' dir='ltr'>lloeelr</span> <span class='ocrx_word' id='word_1_163' title='bbox 1096 1317 1235 1372; x_wconf 91' lang='lat' dir='ltr'>hominum</span> <span class='ocrx_word' id='word_1_164' title='bbox 1261 1317 1437 1386; x_wconf 90' lang='lat' dir='ltr'>reproborum</span> <span class='ocrx_word' id='word_1_165' title='bbox 1463 1313 1547 1368; x_wconf 85' lang='lat' dir='ltr'>urinio</span> <span class='ocrx_word' id='word_1_166' title='bbox 1571 1311 1699 1380; x_wconf 76' lang='lat' dir='ltr'>fulgente,</span> <span class='ocrx_word' id='word_1_167' title='bbox 1725 1309 1772 1364; x_wconf 92' lang='lat' dir='ltr'>sed</span> 
     </span>
     <span class='ocr_line' id='line_1_13' title="bbox 137 1397 1773 1471; baseline -0.009 -6"><span class='ocrx_word' id='word_1_168' title='bbox 137 1399 218 1455; x_wconf 71' lang='lat' dir='ltr'>Rom·</span> <span class='ocrx_word' id='word_1_169' title='bbox 234 1397 329 1470; x_wconf 60' lang='lat'><strong>¹¹⁹²7)</strong></span> <span class='ocrx_word' id='word_1_170' title='bbox 354 1397 384 1454; x_wconf 57' lang='grc' dir='ltr'>δ”</span> <span class='ocrx_word' id='word_1_171' title='bbox 397 1400 476 1470; x_wconf 68' lang='lat' dir='ltr'>[aaut</span> <span class='ocrx_word' id='word_1_172' title='bbox 487 1417 611 1456; x_wconf 62' lang='lat' dir='ltr'>&#39;lumem</span> <span class='ocrx_word' id='word_1_173' title='bbox 619 1401 734 1471; x_wconf 53' lang='lat' dir='ltr'>fidelium</span> <span class='ocrx_word' id='word_1_174' title='bbox 747 1401 841 1467; x_wconf 60' lang='lat' dir='ltr'>distel,</span> <span class='ocrx_word' id='word_1_175' title='bbox 853 1401 930 1471; x_wconf 55' lang='lat' dir='ltr'>‘illmi</span> <span class='ocrx_word' id='word_1_176' title='bbox 979 1407 1038 1465; x_wconf 91' lang='lat' dir='ltr'>solo</span> <span class='ocrx_word' id='word_1_177' title='bbox 1056 1407 1201 1461; x_wconf 84' lang='lat' dir='ltr'>atramenti</span> <span class='ocrx_word' id='word_1_178' title='bbox 1221 1406 1311 1462; x_wconf 90' lang='lat' dir='ltr'>colore</span> <span class='ocrx_word' id='word_1_179' title='bbox 1336 1405 1445 1461; x_wconf 87' lang='lat' dir='ltr'>deceret</span> <span class='ocrx_word' id='word_1_180' title='bbox 1466 1401 1601 1458; x_wconf 58' lang='lat' dir='ltr'>adscribi,</span> <span class='ocrx_word' id='word_1_181' title='bbox 1616 1400 1693 1455; x_wconf 86' lang='lat' dir='ltr'>Sicut</span> <span class='ocrx_word' id='word_1_182' title='bbox 1706 1412 1773 1469; x_wconf 87' lang='lat' dir='ltr'>ergo</span> 
     </span>
     <span class='ocr_line' id='line_1_14' title="bbox 137 1490 1772 1567; baseline -0.003 -21"><span class='ocrx_word' id='word_1_183' title='bbox 137 1506 220 1546; x_wconf 82' lang='lat' dir='ltr'>arena</span> <span class='ocrx_word' id='word_1_184' title='bbox 241 1490 335 1556; x_wconf 82' lang='lat' dir='ltr'>maris,</span> <span class='ocrx_word' id='word_1_185' title='bbox 351 1490 468 1550; x_wconf 78' lang='lat' dir='ltr'>reticete</span> <span class='ocrx_word' id='word_1_186' title='bbox 482 1491 561 1547; x_wconf 82' lang='lat' dir='ltr'>astrue</span> <span class='ocrx_word' id='word_1_187' title='bbox 575 1491 648 1561; x_wconf 74' lang='lat' dir='ltr'>fient.</span> <span class='ocrx_word' id='word_1_188' title='bbox 672 1493 789 1548; x_wconf 87' lang='lat' dir='ltr'>Possunt</span> <span class='ocrx_word' id='word_1_189' title='bbox 802 1492 876 1548; x_wconf 88' lang='lat' dir='ltr'>enlm</span> <span class='ocrx_word' id='word_1_190' title='bbox 890 1492 931 1548; x_wconf 84' lang='lat' dir='ltr'>id-</span> <span class='ocrx_word' id='word_1_191' title='bbox 980 1496 1008 1551; x_wconf 90' lang='lat' dir='ltr'>in</span> <span class='ocrx_word' id='word_1_192' title='bbox 1018 1497 1123 1567; x_wconf 86' lang='lat' dir='ltr'>paginis</span> <span class='ocrx_word' id='word_1_193' title='bbox 1134 1496 1263 1551; x_wconf 90' lang='lat' dir='ltr'>libmmm</span> <span class='ocrx_word' id='word_1_194' title='bbox 1274 1496 1371 1565; x_wconf 85' lang='lat' dir='ltr'>quouis</span> <span class='ocrx_word' id='word_1_195' title='bbox 1383 1493 1484 1559; x_wconf 86' lang='lat' dir='ltr'>colore,</span> <span class='ocrx_word' id='word_1_196' title='bbox 1494 1500 1523 1547; x_wconf 89' lang='lat' dir='ltr'>et</span> <span class='ocrx_word' id='word_1_197' title='bbox 1536 1490 1606 1546; x_wconf 89' lang='lat' dir='ltr'>mala</span> <span class='ocrx_word' id='word_1_198' title='bbox 1617 1503 1772 1558; x_wconf 89' lang='lat' dir='ltr'>possumus,</span> 
     </span>
     <span class='ocr_line' id='line_1_15' title="bbox 138 1577 1774 1657; baseline -0.001 -23"><span class='ocrx_word' id='word_1_199' title='bbox 138 1579 214 1634; x_wconf 88' lang='lat' dir='ltr'>circu</span> <span class='ocrx_word' id='word_1_200' title='bbox 228 1577 329 1634; x_wconf 86' lang='lat' dir='ltr'>Gelboe</span> <span class='ocrx_word' id='word_1_201' title='bbox 342 1587 507 1636; x_wconf 84' lang='lat' dir='ltr'>montesorc</span> <span class='ocrx_word' id='word_1_202' title='bbox 524 1580 664 1652; x_wconf 82' lang='lat' dir='ltr'>Propbctae</span> <span class='ocrx_word' id='word_1_203' title='bbox 677 1583 812 1648; x_wconf 88' lang='lat' dir='ltr'>maledici,</span> <span class='ocrx_word' id='word_1_204' title='bbox 826 1583 930 1638; x_wconf 88' lang='lat' dir='ltr'>utdum</span> <span class='ocrx_word' id='word_1_205' title='bbox 981 1595 1010 1644; x_wconf 87' lang='lat' dir='ltr'>et</span> <span class='ocrx_word' id='word_1_206' title='bbox 1033 1588 1103 1644; x_wconf 89' lang='lat' dir='ltr'>bona</span> <span class='ocrx_word' id='word_1_207' title='bbox 1134 1588 1236 1657; x_wconf 81' lang='lat' dir='ltr'>absque</span> <span class='ocrx_word' id='word_1_208' title='bbox 1261 1586 1315 1641; x_wconf 91' lang='lat' dir='ltr'>ulla</span> <span class='ocrx_word' id='word_1_209' title='bbox 1341 1583 1549 1655; x_wconf 84' lang='lat' dir='ltr'>reprehensione</span> <span class='ocrx_word' id='word_1_210' title='bbox 1573 1582 1707 1651; x_wconf 90' lang='lat' dir='ltr'>llgurarc,</span> <span class='ocrx_word' id='word_1_211' title='bbox 1736 1577 1774 1632; x_wconf 87' lang='lat' dir='ltr'>ita</span> 
     </span>
     <span class='ocr_line' id='line_1_16' title="bbox 138 1651 1803 1748; baseline -0.002 -25"><span class='ocrx_word' id='word_1_212' title='bbox 138 1669 243 1726; x_wconf 85' lang='lat' dir='ltr'>lrnetus</span> <span class='ocrx_word' id='word_1_213' title='bbox 266 1685 300 1726; x_wconf 85' lang='lat' dir='ltr'>ex</span> <span class='ocrx_word' id='word_1_214' title='bbox 319 1679 460 1728; x_wconf 87' lang='lat' dir='ltr'>arescente</span> <span class='ocrx_word' id='word_1_215' title='bbox 484 1682 557 1728; x_wconf 85' lang='lat' dir='ltr'>terra</span> <span class='ocrx_word' id='word_1_216' title='bbox 573 1674 736 1737; x_wconf 71' lang='lat' dir='ltr'>nouorum,</span> <span class='ocrx_word' id='word_1_217' title='bbox 760 1687 932 1744; x_wconf 79' lang='lat' dir='ltr'>possessores</span> <span class='ocrx_word' id='word_1_218' title='bbox 982 1679 1066 1734; x_wconf 89' lang='lat' dir='ltr'>etiam</span> <span class='ocrx_word' id='word_1_219' title='bbox 1084 1678 1112 1734; x_wconf 91' lang='lat' dir='ltr'>iu</span> <span class='ocrx_word' id='word_1_220' title='bbox 1134 1686 1212 1748; x_wconf 89' lang='lat' dir='ltr'>parte</span> <span class='ocrx_word' id='word_1_221' title='bbox 1226 1675 1465 1747; x_wconf 73' lang='lat' dir='ltr'>significationum,</span> <span class='ocrx_word' id='word_1_222' title='bbox 1479 1685 1529 1743; x_wconf 91' lang='lat' dir='ltr'>per</span> <span class='ocrx_word' id='word_1_223' title='bbox 1541 1669 1669 1740; x_wconf 76' lang='lat' dir='ltr'>quelibet</span> <span class='ocrx_word' id='word_1_224' title='bbox 1680 1668 1772 1722; x_wconf 87' lang='lat' dir='ltr'>homi·</span> <span class='ocrx_word' id='word_1_225' title='bbox 1794 1651 1803 1668; x_wconf 83' lang='grc'><strong>”</strong></span> 
     </span>
     <span class='ocr_line' id='line_1_17' title="bbox 139 1747 1774 1840; baseline -0.001 -27"><span class='ocrx_word' id='word_1_226' title='bbox 139 1766 220 1813; x_wconf 85' lang='lat' dir='ltr'>terrae</span> <span class='ocrx_word' id='word_1_227' title='bbox 233 1759 385 1816; x_wconf 85' lang='lat' dir='ltr'>sterilitatis</span> <span class='ocrx_word' id='word_1_228' title='bbox 395 1761 494 1816; x_wconf 90' lang='lat' dir='ltr'>damno</span> <span class='ocrx_word' id='word_1_229' title='bbox 507 1761 650 1828; x_wconf 82' lang='lat' dir='ltr'>feriantur,</span> <span class='ocrx_word' id='word_1_230' title='bbox 665 1771 799 1832; x_wconf 88' lang='lat' dir='ltr'>quatenus</span> <span class='ocrx_word' id='word_1_231' title='bbox 814 1764 864 1835; x_wconf 90' lang='lat' dir='ltr'>ipsl</span> <span class='ocrx_word' id='word_1_232' title='bbox 874 1778 931 1819; x_wconf 86' lang='lat' dir='ltr'>ma·</span> <span class='ocrx_word' id='word_1_233' title='bbox 945 1747 969 1806; x_wconf 77' lang='lat' dir='ltr'>B</span> <span class='ocrx_word' id='word_1_234' title='bbox 982 1785 1047 1825; x_wconf 90' lang='lat' dir='ltr'>uum</span> <span class='ocrx_word' id='word_1_235' title='bbox 1062 1777 1147 1840; x_wconf 89' lang='lat' dir='ltr'>gesta,</span> <span class='ocrx_word' id='word_1_236' title='bbox 1161 1775 1188 1823; x_wconf 88' lang='lat' dir='ltr'>ct</span> <span class='ocrx_word' id='word_1_237' title='bbox 1206 1769 1275 1823; x_wconf 90' lang='lat' dir='ltr'>bona</span> <span class='ocrx_word' id='word_1_238' title='bbox 1292 1765 1453 1828; x_wconf 86' lang='lat' dir='ltr'>rectissime,</span> <span class='ocrx_word' id='word_1_239' title='bbox 1468 1769 1495 1817; x_wconf 89' lang='lat' dir='ltr'>et</span> <span class='ocrx_word' id='word_1_240' title='bbox 1507 1760 1579 1815; x_wconf 88' lang='lat' dir='ltr'>mala</span> <span class='ocrx_word' id='word_1_241' title='bbox 1598 1766 1712 1830; x_wconf 86' lang='lat' dir='ltr'>possunt</span> <span class='ocrx_word' id='word_1_242' title='bbox 1727 1773 1774 1812; x_wconf 83' lang='lat' dir='ltr'>ea·</span> 
     </span>
     <span class='ocr_line' id='line_1_18' title="bbox 138 1846 1776 1930; baseline -0.001 -26"><span class='ocrx_word' id='word_1_243' title='bbox 138 1849 290 1904; x_wconf 87' lang='lat' dir='ltr'>lelietionis</span> <span class='ocrx_word' id='word_1_244' title='bbox 304 1851 465 1911; x_wconf 88' lang='lat' dir='ltr'>seutentiam</span> <span class='ocrx_word' id='word_1_245' title='bbox 484 1853 629 1921; x_wconf 87' lang='lat' dir='ltr'>accipiant,</span> <span class='ocrx_word' id='word_1_246' title='bbox 649 1854 695 1923; x_wconf 92' lang='lat' dir='ltr'>qui</span> <span class='ocrx_word' id='word_1_247' title='bbox 713 1854 783 1924; x_wconf 90' lang='lat' dir='ltr'>apud</span> <span class='ocrx_word' id='word_1_248' title='bbox 797 1869 836 1918; x_wconf 91' lang='lat' dir='ltr'>se,</span> <span class='ocrx_word' id='word_1_249' title='bbox 853 1868 927 1909; x_wconf 86' lang='lat' dir='ltr'>mor·</span> <span class='ocrx_word' id='word_1_250' title='bbox 981 1859 1080 1930; x_wconf 91' lang='lat' dir='ltr'>primi:</span> <span class='ocrx_word' id='word_1_251' title='bbox 1096 1857 1231 1928; x_wconf 88' lang='lat' dir='ltr'>quamvis,</span> <span class='ocrx_word' id='word_1_252' title='bbox 1246 1865 1273 1911; x_wconf 89' lang='lat' dir='ltr'>et</span> <span class='ocrx_word' id='word_1_253' title='bbox 1286 1855 1371 1910; x_wconf 92' lang='lat' dir='ltr'>multo</span> <span class='ocrx_word' id='word_1_254' title='bbox 1385 1853 1483 1923; x_wconf 80' lang='lat' dir='ltr'>saepius</span> <span class='ocrx_word' id='word_1_255' title='bbox 1493 1851 1643 1921; x_wconf 88' lang='lat' dir='ltr'>contingat,</span> <span class='ocrx_word' id='word_1_256' title='bbox 1654 1854 1682 1901; x_wconf 92' lang='lat' dir='ltr'>et</span> <span class='ocrx_word' id='word_1_257' title='bbox 1691 1846 1776 1902; x_wconf 92' lang='lat' dir='ltr'>multo</span> 
     </span>
     <span class='ocr_line' id='line_1_19' title="bbox 139 1937 1775 2015; baseline -0.001 -23"><span class='ocrx_word' id='word_1_258' title='bbox 139 1947 193 1994; x_wconf 91' lang='lat' dir='ltr'>tem</span> <span class='ocrx_word' id='word_1_259' title='bbox 216 1940 287 2009; x_wconf 89' lang='lat' dir='ltr'>regis</span> <span class='ocrx_word' id='word_1_260' title='bbox 310 1940 459 2010; x_wconf 87' lang='lat' dir='ltr'>suscipere,</span> <span class='ocrx_word' id='word_1_261' title='bbox 486 1941 631 2011; x_wconf 87' lang='lat' dir='ltr'>iniquitate</span> <span class='ocrx_word' id='word_1_262' title='bbox 652 1957 701 1997; x_wconf 91' lang='lat' dir='ltr'>sua</span> <span class='ocrx_word' id='word_1_263' title='bbox 724 1942 859 2013; x_wconf 85' lang='lat' dir='ltr'>exigente,</span> <span class='ocrx_word' id='word_1_264' title='bbox 875 1958 932 1999; x_wconf 91' lang='lat' dir='ltr'>me·</span> <span class='ocrx_word' id='word_1_265' title='bbox 982 1949 1087 2006; x_wconf 84' lang='lat' dir='ltr'>dulcius</span> <span class='ocrx_word' id='word_1_266' title='bbox 1108 1948 1242 2012; x_wconf 85' lang='lat' dir='ltr'>audiatur,</span> <span class='ocrx_word' id='word_1_267' title='bbox 1257 1946 1329 2002; x_wconf 91' lang='lat' dir='ltr'>buna</span> <span class='ocrx_word' id='word_1_268' title='bbox 1350 1960 1400 2015; x_wconf 87' lang='lat' dir='ltr'>per</span> <span class='ocrx_word' id='word_1_269' title='bbox 1421 1944 1503 2007; x_wconf 88' lang='lat' dir='ltr'>bona,</span> <span class='ocrx_word' id='word_1_270' title='bbox 1526 1950 1555 1996; x_wconf 94' lang='lat' dir='ltr'>ct</span> <span class='ocrx_word' id='word_1_271' title='bbox 1575 1939 1645 1994; x_wconf 91' lang='lat' dir='ltr'>mala</span> <span class='ocrx_word' id='word_1_272' title='bbox 1664 1937 1775 2009; x_wconf 79' lang='lat' dir='ltr'>(igurari</span> 
     </span>
     <span class='ocr_line' id='line_1_20' title="bbox 139 2027 1776 2113; baseline 0 -32"><span class='ocrx_word' id='word_1_273' title='bbox 139 2027 268 2082; x_wconf 87' lang='lat' dir='ltr'>ruissent.</span> <span class='ocrx_word' id='word_1_274' title='bbox 281 2047 291 2080; x_wconf 78' lang='grc' dir='ltr'>ι</span> <span class='ocrx_word' id='word_1_275' title='bbox 304 2028 318 2068; x_wconf 77' lang='lat' dir='ltr'>b</span> <span class='ocrx_word' id='word_1_276' title='bbox 333 2028 389 2085; x_wconf 88' lang='lat' dir='ltr'>Nec</span> <span class='ocrx_word' id='word_1_277' title='bbox 402 2029 450 2085; x_wconf 88' lang='lat' dir='ltr'>tibi</span> <span class='ocrx_word' id='word_1_278' title='bbox 463 2032 609 2087; x_wconf 89' lang='lat' dir='ltr'>absurdum</span> <span class='ocrx_word' id='word_1_279' title='bbox 621 2032 708 2088; x_wconf 86' lang='lat' dir='ltr'>videri</span> <span class='ocrx_word' id='word_1_280' title='bbox 720 2032 811 2098; x_wconf 89' lang='lat' dir='ltr'>debet,</span> <span class='ocrx_word' id='word_1_281' title='bbox 823 2040 852 2088; x_wconf 88' lang='lat' dir='ltr'>ut</span> <span class='ocrx_word' id='word_1_282' title='bbox 861 2033 932 2089; x_wconf 75' lang='lat' dir='ltr'>mab</span> <span class='ocrx_word' id='word_1_283' title='bbox 982 2057 1031 2113; x_wconf 84' lang='lat' dir='ltr'>per</span> <span class='ocrx_word' id='word_1_284' title='bbox 1045 2039 1125 2095; x_wconf 90' lang='lat' dir='ltr'>mala.</span> <span class='ocrx_word' id='word_1_285' title='bbox 1149 2038 1226 2093; x_wconf 85' lang='lat' dir='ltr'>Sient</span> <span class='ocrx_word' id='word_1_286' title='bbox 1246 2045 1335 2091; x_wconf 85' lang='lat' dir='ltr'>autem</span> <span class='ocrx_word' id='word_1_287' title='bbox 1357 2036 1384 2090; x_wconf 91' lang='lat' dir='ltr'>iu</span> <span class='ocrx_word' id='word_1_288' title='bbox 1397 2034 1503 2104; x_wconf 89' lang='lat' dir='ltr'>pictura</span> <span class='ocrx_word' id='word_1_289' title='bbox 1528 2032 1673 2101; x_wconf 88' lang='lat' dir='ltr'>parietum,</span> <span class='ocrx_word' id='word_1_290' title='bbox 1689 2043 1776 2097; x_wconf 89' lang='lat' dir='ltr'>neque</span> 
     </span>
     <span class='ocr_line' id='line_1_21' title="bbox 108 2107 1778 2199; baseline 0.001 -25"><span class='ocrx_word' id='word_1_291' title='bbox 108 2107 115 2130; x_wconf 86' lang='lat'><strong><em>‘</em></strong></span> <span class='ocrx_word' id='word_1_292' title='bbox 141 2121 319 2190; x_wconf 90' lang='lat' dir='ltr'>reproborum</span> <span class='ocrx_word' id='word_1_293' title='bbox 335 2130 409 2187; x_wconf 88' lang='lat' dir='ltr'>acta,</span> <span class='ocrx_word' id='word_1_294' title='bbox 422 2123 484 2178; x_wconf 93' lang='lat' dir='ltr'>boni</span> <span class='ocrx_word' id='word_1_295' title='bbox 498 2114 600 2194; x_wconf 88' lang='lat' dir='ltr'>aliquid</span> <span class='ocrx_word' id='word_1_296' title='bbox 623 2123 796 2194; x_wconf 79' lang='lat' dir='ltr'>significent:</span> <span class='ocrx_word' id='word_1_297' title='bbox 816 2134 862 2181; x_wconf 92' lang='lat' dir='ltr'>aut</span> <span class='ocrx_word' id='word_1_298' title='bbox 873 2142 934 2181; x_wconf 90' lang='lat' dir='ltr'>rur·</span> <span class='ocrx_word' id='word_1_299' title='bbox 981 2134 1127 2189; x_wconf 81' lang='lat' dir='ltr'>obscurum</span> <span class='ocrx_word' id='word_1_300' title='bbox 1142 2130 1299 2199; x_wconf 83' lang='lat' dir='ltr'>AEtlriupem</span> <span class='ocrx_word' id='word_1_301' title='bbox 1314 2128 1440 2191; x_wconf 89' lang='lat' dir='ltr'>candido,</span> <span class='ocrx_word' id='word_1_302' title='bbox 1455 2139 1542 2194; x_wconf 91' lang='lat' dir='ltr'>neque</span> <span class='ocrx_word' id='word_1_303' title='bbox 1552 2122 1661 2179; x_wconf 91' lang='lat' dir='ltr'>candidi</span> <span class='ocrx_word' id='word_1_304' title='bbox 1674 2135 1778 2190; x_wconf 78' lang='lat' dir='ltr'>corpo·¹</span> 
     </span>
     <span class='ocr_line' id='line_1_22' title="bbox 140 2211 1774 2291; baseline -0.001 -26"><span class='ocrx_word' id='word_1_305' title='bbox 140 2226 200 2266; x_wconf 86' lang='lat' dir='ltr'>sum</span> <span class='ocrx_word' id='word_1_306' title='bbox 213 2211 284 2268; x_wconf 90' lang='lat' dir='ltr'>bona</span> <span class='ocrx_word' id='word_1_307' title='bbox 293 2212 428 2283; x_wconf 85' lang='lat' dir='ltr'>justorum</span> <span class='ocrx_word' id='word_1_308' title='bbox 442 2227 525 2283; x_wconf 91' lang='lat' dir='ltr'>opera</span> <span class='ocrx_word' id='word_1_309' title='bbox 546 2214 573 2269; x_wconf 91' lang='lat' dir='ltr'>iu</span> <span class='ocrx_word' id='word_1_310' title='bbox 586 2213 723 2268; x_wconf 90' lang='lat' dir='ltr'>contraria</span> <span class='ocrx_word' id='word_1_311' title='bbox 735 2213 934 2284; x_wconf 81' lang='lat' dir='ltr'>significatione</span> <span class='ocrx_word' id='word_1_312' title='bbox 984 2221 1033 2286; x_wconf 90' lang='lat' dir='ltr'>ris,</span> <span class='ocrx_word' id='word_1_313' title='bbox 1049 2220 1108 2277; x_wconf 85' lang='lat' dir='ltr'>sive</span> <span class='ocrx_word' id='word_1_314' title='bbox 1118 2221 1218 2291; x_wconf 91' lang='lat' dir='ltr'>capilli,</span> <span class='ocrx_word' id='word_1_315' title='bbox 1233 2218 1369 2274; x_wconf 86' lang='lat' dir='ltr'>Saxonem</span> <span class='ocrx_word' id='word_1_316' title='bbox 1383 2226 1443 2272; x_wconf 91' lang='lat' dir='ltr'>atro</span> <span class='ocrx_word' id='word_1_317' title='bbox 1458 2216 1535 2272; x_wconf 88' lang='lat' dir='ltr'>decet</span> <span class='ocrx_word' id='word_1_318' title='bbox 1548 2213 1639 2269; x_wconf 90' lang='lat' dir='ltr'>colore</span> <span class='ocrx_word' id='word_1_319' title='bbox 1654 2211 1774 2282; x_wconf 78' lang='lat' dir='ltr'>depingi,</span> 
     </span>
     <span class='ocr_line' id='line_1_23' title="bbox 139 2302 1777 2374; baseline -0.001 -16"><span class='ocrx_word' id='word_1_320' title='bbox 139 2313 278 2373; x_wconf 91' lang='lat' dir='ltr'>ponantur</span> <span class='ocrx_word' id='word_1_321' title='bbox 289 2320 296 2370; x_wconf 88' lang='grc'>;</span> <span class='ocrx_word' id='word_1_322' title='bbox 318 2303 377 2373; x_wconf 86' lang='lat' dir='ltr'>lege</span> <span class='ocrx_word' id='word_1_323' title='bbox 391 2304 464 2359; x_wconf 91' lang='lat' dir='ltr'>euim</span> <span class='ocrx_word' id='word_1_324' title='bbox 479 2303 589 2358; x_wconf 87' lang='lat' dir='ltr'>lloralia</span> <span class='ocrx_word' id='word_1_325' title='bbox 609 2304 696 2358; x_wconf 87' lang='lat' dir='ltr'>sancti</span> <span class='ocrx_word' id='word_1_326' title='bbox 708 2302 787 2373; x_wconf 84' lang='lat' dir='ltr'>Papae</span> <span class='ocrx_word' id='word_1_327' title='bbox 798 2303 933 2374; x_wconf 78' lang='lat' dir='ltr'>Gregorii,</span> <span class='ocrx_word' id='word_1_328' title='bbox 984 2309 1023 2364; x_wconf 90' lang='lat' dir='ltr'>ita</span> <span class='ocrx_word' id='word_1_329' title='bbox 1044 2310 1072 2364; x_wconf 91' lang='lat' dir='ltr'>iu</span> <span class='ocrx_word' id='word_1_330' title='bbox 1092 2310 1271 2366; x_wconf 87' lang='lat' dir='ltr'>retributione</span> <span class='ocrx_word' id='word_1_331' title='bbox 1292 2308 1451 2364; x_wconf 86' lang='lat' dir='ltr'>meriturum</span> <span class='ocrx_word' id='word_1_332' title='bbox 1469 2305 1547 2374; x_wconf 78' lang='lat' dir='ltr'>iuxta</span> <span class='ocrx_word' id='word_1_333' title='bbox 1566 2319 1645 2359; x_wconf 93' lang='lat' dir='ltr'>suum</span> <span class='ocrx_word' id='word_1_334' title='bbox 1661 2304 1777 2372; x_wconf 87' lang='lat' dir='ltr'>quisque</span> 
     </span>
     <span class='ocr_line' id='line_1_24' title="bbox 139 2391 1778 2471; baseline 0.001 -25"><span class='ocrx_word' id='word_1_335' title='bbox 139 2392 185 2446; x_wconf 88' lang='lat' dir='ltr'>ubi</span> <span class='ocrx_word' id='word_1_336' title='bbox 200 2395 336 2463; x_wconf 84' lang='lat' dir='ltr'>exposuit,</span> <span class='ocrx_word' id='word_1_337' title='bbox 354 2392 489 2462; x_wconf 93' lang='lat' dir='ltr'>quomodo</span> <span class='ocrx_word' id='word_1_338' title='bbox 499 2393 596 2448; x_wconf 83' lang='lat' dir='ltr'>beatus</span> <span class='ocrx_word' id='word_1_339' title='bbox 606 2391 656 2448; x_wconf 74' lang='lat' dir='ltr'>lob</span> <span class='ocrx_word' id='word_1_340' title='bbox 669 2393 809 2448; x_wconf 76' lang='lat' dir='ltr'>maledixit</span> <span class='ocrx_word' id='word_1_341' title='bbox 824 2394 875 2449; x_wconf 71' lang='lat' dir='ltr'>diti</span> <span class='ocrx_word' id='word_1_342' title='bbox 885 2410 934 2450; x_wconf 81' lang='lat' dir='ltr'>suo</span> <span class='ocrx_word' id='word_1_343' title='bbox 985 2415 1052 2471; x_wconf 81' lang='lat' dir='ltr'>epus</span> <span class='ocrx_word' id='word_1_344' title='bbox 1065 2401 1189 2470; x_wconf 88' lang='lat' dir='ltr'>recipiet,</span> <span class='ocrx_word' id='word_1_345' title='bbox 1203 2415 1237 2454; x_wconf 91' lang='lat' dir='ltr'>ac</span> <span class='ocrx_word' id='word_1_346' title='bbox 1249 2398 1337 2468; x_wconf 90' lang='lat' dir='ltr'>qualis</span> <span class='ocrx_word' id='word_1_347' title='bbox 1347 2397 1400 2452; x_wconf 87' lang='lat' dir='ltr'>orit</span> <span class='ocrx_word' id='word_1_348' title='bbox 1414 2404 1487 2460; x_wconf 88' lang='lat' dir='ltr'>actu,</span> <span class='ocrx_word' id='word_1_349' title='bbox 1503 2395 1565 2449; x_wconf 84' lang='lat' dir='ltr'>talis</span> <span class='ocrx_word' id='word_1_350' title='bbox 1578 2395 1659 2449; x_wconf 87' lang='lat' dir='ltr'>etiam</span> <span class='ocrx_word' id='word_1_351' title='bbox 1673 2392 1778 2462; x_wconf 88' lang='lat' dir='ltr'>parebit</span> 
     </span>
     <span class='ocr_line' id='line_1_25' title="bbox 139 2480 1777 2558; baseline 0.002 -26"><span class='ocrx_word' id='word_1_352' title='bbox 139 2480 250 2534; x_wconf 90' lang='lat' dir='ltr'>diceus:</span> <span class='ocrx_word' id='word_1_353' title='bbox 267 2481 360 2536; x_wconf 85' lang='lat' dir='ltr'>Pereat</span> <span class='ocrx_word' id='word_1_354' title='bbox 374 2482 440 2549; x_wconf 82' lang='lat' dir='ltr'>dier,</span> <span class='ocrx_word' id='word_1_355' title='bbox 456 2483 482 2537; x_wconf 76' lang='grc' dir='ltr'>ιι</span> <span class='ocrx_word' id='word_1_356' title='bbox 496 2499 549 2553; x_wconf 80' lang='grc' dir='ltr'>ιιι</span> <span class='ocrx_word' id='word_1_357' title='bbox 562 2493 639 2538; x_wconf 85' lang='lat' dir='ltr'>nutus</span> <span class='ocrx_word' id='word_1_358' title='bbox 653 2499 724 2548; x_wconf 83' lang='lat' dir='ltr'>ram,</span> <span class='ocrx_word' id='word_1_359' title='bbox 738 2492 792 2538; x_wconf 89' lang='lat' dir='ltr'>etc.</span> <span class='ocrx_word' id='word_1_360' title='bbox 810 2495 834 2549; x_wconf 75' lang='lat'>⁰,</span> <span class='ocrx_word' id='word_1_361' title='bbox 849 2492 877 2540; x_wconf 89' lang='lat' dir='ltr'>ct</span> <span class='ocrx_word' id='word_1_362' title='bbox 894 2485 935 2539; x_wconf 86' lang='lat' dir='ltr'>ri·</span> <span class='ocrx_word' id='word_1_363' title='bbox 984 2489 1013 2543; x_wconf 90' lang='lat' dir='ltr'>in</span> <span class='ocrx_word' id='word_1_364' title='bbox 1027 2487 1150 2558; x_wconf 83' lang='lat' dir='ltr'>judieio;</span> <span class='ocrx_word' id='word_1_365' title='bbox 1166 2503 1255 2557; x_wconf 89' lang='lat' dir='ltr'>neque</span> <span class='ocrx_word' id='word_1_366' title='bbox 1271 2486 1382 2541; x_wconf 87' lang='lat' dir='ltr'>ournino</span> <span class='ocrx_word' id='word_1_367' title='bbox 1404 2485 1438 2539; x_wconf 91' lang='lat' dir='ltr'>ad</span> <span class='ocrx_word' id='word_1_368' title='bbox 1459 2499 1517 2539; x_wconf 91' lang='lat' dir='ltr'>rem</span> <span class='ocrx_word' id='word_1_369' title='bbox 1538 2483 1603 2553; x_wconf 91' lang='lat' dir='ltr'>quid</span> <span class='ocrx_word' id='word_1_370' title='bbox 1618 2482 1732 2551; x_wconf 89' lang='lat' dir='ltr'>quisque</span> <span class='ocrx_word' id='word_1_371' title='bbox 1746 2481 1777 2535; x_wconf 91' lang='lat' dir='ltr'>li-</span> 
     </span>
     <span class='ocr_line' id='line_1_26' title="bbox 141 2568 1509 2652; baseline 0.007 -31"><span class='ocrx_word' id='word_1_372' title='bbox 141 2568 219 2623; x_wconf 89' lang='lat' dir='ltr'>debis</span> <span class='ocrx_word' id='word_1_373' title='bbox 235 2571 297 2640; x_wconf 90' lang='lat' dir='ltr'>quia</span> <span class='ocrx_word' id='word_1_374' title='bbox 312 2573 517 2628; x_wconf 87' lang='lat' dir='ltr'>usitatissimum</span> <span class='ocrx_word' id='word_1_375' title='bbox 530 2583 573 2631; x_wconf 83' lang='grc' dir='ltr'>ιιι</span> <span class='ocrx_word' id='word_1_376' title='bbox 584 2574 611 2629; x_wconf 92' lang='lat' dir='ltr'>in</span> <span class='ocrx_word' id='word_1_377' title='bbox 626 2573 785 2644; x_wconf 87' lang='lat' dir='ltr'>Scripturis,</span> <span class='ocrx_word' id='word_1_378' title='bbox 801 2582 830 2629; x_wconf 87' lang='grc' dir='ltr'>ιι</span> <span class='ocrx_word' id='word_1_379' title='bbox 845 2583 873 2630; x_wconf 93' lang='lat' dir='ltr'>et</span> <span class='ocrx_word' id='word_1_380' title='bbox 884 2575 933 2631; x_wconf 93' lang='lat' dir='ltr'>bo·</span> <span class='ocrx_word' id='word_1_381' title='bbox 985 2580 1099 2652; x_wconf 90' lang='lat' dir='ltr'>gurarit,</span> <span class='ocrx_word' id='word_1_382' title='bbox 1116 2581 1163 2636; x_wconf 88' lang='lat' dir='ltr'>sed</span> <span class='ocrx_word' id='word_1_383' title='bbox 1176 2579 1242 2649; x_wconf 90' lang='lat' dir='ltr'>quid</span> <span class='ocrx_word' id='word_1_384' title='bbox 1253 2579 1340 2649; x_wconf 88' lang='lat' dir='ltr'>egerit</span> <span class='ocrx_word' id='word_1_385' title='bbox 1354 2577 1509 2648; x_wconf 87' lang='lat' dir='ltr'>pertinebit.</span> 
     </span>
    </p>

    <p class='ocr_par' dir='ltr' id='par_1_4' title="bbox 142 2656 933 2730">
     <span class='ocr_line' id='line_1_27' title="bbox 142 2656 933 2730; baseline 0.016 -23"><span class='ocrx_word' id='word_1_386' title='bbox 142 2669 177 2707; x_wconf 86' lang='lat' dir='ltr'>na</span> <span class='ocrx_word' id='word_1_387' title='bbox 190 2656 217 2710; x_wconf 92' lang='lat' dir='ltr'>iu</span> <span class='ocrx_word' id='word_1_388' title='bbox 240 2659 372 2715; x_wconf 89' lang='lat' dir='ltr'>malorum</span> <span class='ocrx_word' id='word_1_389' title='bbox 394 2661 601 2730; x_wconf 83' lang='lat' dir='ltr'>significatione,</span> <span class='ocrx_word' id='word_1_390' title='bbox 624 2671 653 2718; x_wconf 91' lang='lat' dir='ltr'>ct</span> <span class='ocrx_word' id='word_1_391' title='bbox 670 2663 697 2718; x_wconf 93' lang='lat' dir='ltr'>in</span> <span class='ocrx_word' id='word_1_392' title='bbox 717 2663 933 2721; x_wconf 81' lang='lat' dir='ltr'>sanctificatione</span> 
     </span>
    </p>
   </div>
   <div class='ocr_carea' id='block_1_3' title="bbox 139 2743 1778 2982">
    <p class='ocr_par' dir='ltr' id='par_1_5' title="bbox 139 2743 1778 2982">
     <span class='ocr_line' id='line_1_28' title="bbox 179 2743 1778 2871; baseline 0.004 -28"><span class='ocrx_word' id='word_1_393' title='bbox 179 2787 405 2871; x_wconf 69' lang='lat' dir='ltr'>usubsequentia</span> <span class='ocrx_word' id='word_1_394' title='bbox 419 2794 516 2863; x_wconf 89' lang='lat' dir='ltr'>allegat</span> <span class='ocrx_word' id='word_1_395' title='bbox 529 2795 664 2859; x_wconf 86' lang='lat' dir='ltr'>Paterius,</span> <span class='ocrx_word' id='word_1_396' title='bbox 677 2797 723 2866; x_wconf 93' lang='lat' dir='ltr'>qui</span> <span class='ocrx_word' id='word_1_397' title='bbox 736 2812 769 2852; x_wconf 90' lang='lat' dir='ltr'>ea</span> <span class='ocrx_word' id='word_1_398' title='bbox 782 2796 933 2868; x_wconf 87' lang='lat' dir='ltr'>desumpsit</span> <span class='ocrx_word' id='word_1_399' title='bbox 986 2801 1161 2871; x_wconf 76' lang='lat' dir='ltr'>prepositum</span> <span class='ocrx_word' id='word_1_400' title='bbox 1185 2743 1349 2868; x_wconf 69' lang='lat' dir='ltr'>expositioni</span> <span class='ocrx_word' id='word_1_401' title='bbox 1373 2796 1434 2852; x_wconf 90' lang='lat' dir='ltr'>libri</span> <span class='ocrx_word' id='word_1_402' title='bbox 1455 2794 1504 2850; x_wconf 85' lang='lat' dir='ltr'>lob</span> <span class='ocrx_word' id='word_1_403' title='bbox 1529 2794 1605 2867; x_wconf 84' lang='lat' dir='ltr'>[cap.</span> <span class='ocrx_word' id='word_1_404' title='bbox 1626 2796 1651 2858; x_wconf 74' lang='lat'>5,</span> <span class='ocrx_word' id='word_1_405' title='bbox 1675 2795 1726 2866; x_wconf 73' lang='lat' dir='ltr'>ll]</span> <span class='ocrx_word' id='word_1_406' title='bbox 1749 2804 1778 2850; x_wconf 87' lang='lat' dir='ltr'>et</span> 
     </span>
     <span class='ocr_line' id='line_1_29' title="bbox 139 2861 1777 2982; baseline 0.005 -70"><span class='ocrx_word' id='word_1_407' title='bbox 139 2861 299 2982; x_wconf 46' lang='lat' dir='ltr'>eacafprtel</span> <span class='ocrx_word' id='word_1_408' title='bbox 318 2864 483 2931; x_wconf 77' lang='lat' dir='ltr'>praelationis</span> <span class='ocrx_word' id='word_1_409' title='bbox 497 2866 523 2921; x_wconf 91' lang='lat' dir='ltr'>in</span> <span class='ocrx_word' id='word_1_410' title='bbox 535 2866 581 2921; x_wconf 91' lang='lat' dir='ltr'>lib.</span> <span class='ocrx_word' id='word_1_411' title='bbox 598 2881 624 2919; x_wconf 83' lang='lat' dir='ltr'>au</span> <span class='ocrx_word' id='word_1_412' title='bbox 637 2867 741 2922; x_wconf 86' lang='lat' dir='ltr'>llornli.</span> <span class='ocrx_word' id='word_1_413' title='bbox 986 2880 1068 2941; x_wconf 91' lang='lat' dir='ltr'>eaput</span> <span class='ocrx_word' id='word_1_414' title='bbox 1083 2872 1096 2924; x_wconf 94' lang='lat' dir='ltr'>l</span> <span class='ocrx_word' id='word_1_415' title='bbox 1123 2871 1185 2925; x_wconf 87' lang='lat' dir='ltr'>libri</span> <span class='ocrx_word' id='word_1_416' title='bbox 1197 2884 1225 2923; x_wconf 83' lang='lat' dir='ltr'>rr</span> <span class='ocrx_word' id='word_1_417' title='bbox 1239 2865 1360 2934; x_wconf 76' lang='lat' dir='ltr'>eiusdem</span> <span class='ocrx_word' id='word_1_418' title='bbox 1384 2866 1560 2936; x_wconf 81' lang='lat' dir='ltr'>expositionis</span> <span class='ocrx_word' id='word_1_419' title='bbox 1573 2867 1599 2919; x_wconf 92' lang='lat' dir='ltr'>in</span> <span class='ocrx_word' id='word_1_420' title='bbox 1618 2863 1678 2920; x_wconf 78' lang='lat' dir='ltr'>lob.</span> <span class='ocrx_word' id='word_1_421' title='bbox 1700 2866 1777 2920; x_wconf 77' lang='lat' dir='ltr'>udde</span> 
     </span>
    </p>
   </div>
   <div class='ocr_carea' id='block_1_4' title="bbox 140 2929 1779 3067">
    <p class='ocr_par' dir='ltr' id='par_1_6' title="bbox 140 2929 1779 3067">
     <span class='ocr_line' id='line_1_30' title="bbox 140 2929 1779 3066; baseline -0.017 -50"><span class='ocrx_word' id='word_1_422' title='bbox 140 2929 340 3054; x_wconf 45' lang='lat' dir='ltr'>loeznffffius</span> <span class='ocrx_word' id='word_1_423' title='bbox 354 2932 511 3005; x_wconf 86' lang='lat' dir='ltr'>Gregorius,</span> <span class='ocrx_word' id='word_1_424' title='bbox 525 2944 553 2991; x_wconf 76' lang='grc' dir='ltr'>θῑ</span> <span class='ocrx_word' id='word_1_425' title='bbox 573 2951 607 2992; x_wconf 72' lang='lat'>0¹</span> <span class='ocrx_word' id='word_1_426' title='bbox 622 2951 654 2992; x_wconf 63' lang='lat'>80</span> <span class='ocrx_word' id='word_1_427' title='bbox 665 2937 747 2992; x_wconf 67' lang='lat' dir='ltr'>eliam</span> <span class='ocrx_word' id='word_1_428' title='bbox 762 2937 890 2992; x_wconf 62' lang='lat' dir='ltr'>debenus</span> <span class='ocrx_word' id='word_1_429' title='bbox 904 2935 932 2990; x_wconf 79' lang='lat' dir='ltr'>ib</span> <span class='ocrx_word' id='word_1_430' title='bbox 985 2956 1046 3066; x_wconf 56' lang='grc' dir='ltr'>Ἧι</span> <span class='ocrx_word' id='word_1_431' title='bbox 1052 2941 1188 3066; x_wconf 50' lang='lat' dir='ltr'>(geraucus</span> <span class='ocrx_word' id='word_1_432' title='bbox 1206 2940 1240 2993; x_wconf 91' lang='lat' dir='ltr'>de</span> <span class='ocrx_word' id='word_1_433' title='bbox 1255 2937 1387 2994; x_wconf 87' lang='lat' dir='ltr'>Betsnhee</span> <span class='ocrx_word' id='word_1_434' title='bbox 1400 2953 1433 2992; x_wconf 86' lang='lat' dir='ltr'>ert</span> <span class='ocrx_word' id='word_1_435' title='bbox 1446 2936 1577 3006; x_wconf 75' lang='lat' dir='ltr'>bresorio</span> <span class='ocrx_word' id='word_1_436' title='bbox 1589 2936 1684 3007; x_wconf 73' lang='lat' dir='ltr'>bruno</span> <span class='ocrx_word' id='word_1_437' title='bbox 1698 2935 1779 2992; x_wconf 88' lang='lat' dir='ltr'>tradit</span> 
     </span>
     <span class='ocr_line' id='line_1_31' title="bbox 314 3027 1122 3067; baseline -0.038 28"><span class='ocrx_word' id='word_1_438' title='bbox 314 3044 320 3055; x_wconf 88' lang='lat'>&#39;</span> <span class='ocrx_word' id='word_1_439' title='bbox 1018 3027 1051 3066; x_wconf 88' lang='lat' dir='ltr'>au</span> <span class='ocrx_word' id='word_1_440' title='bbox 1082 3027 1122 3067; x_wconf 92' lang='lat' dir='ltr'>us.</span> 
     </span>
    </p>
   </div>
   <div class='ocr_carea' id='block_1_5' title="bbox 175 3067 970 3146">
    <p class='ocr_par' dir='ltr' id='par_1_7' title="bbox 175 3067 970 3146">
     <span class='ocr_line' id='line_1_32' title="bbox 175 3067 970 3146; baseline 0.009 -25"><span class='ocrx_word' id='word_1_441' title='bbox 175 3068 191 3107; x_wconf 58' lang='grc' dir='ltr'>ι</span> <span class='ocrx_word' id='word_1_442' title='bbox 214 3069 280 3124; x_wconf 80' lang='lat' dir='ltr'>Vide</span> <span class='ocrx_word' id='word_1_443' title='bbox 299 3070 328 3124; x_wconf 87' lang='lat' dir='ltr'>S.</span> <span class='ocrx_word' id='word_1_444' title='bbox 346 3070 477 3145; x_wconf 49' lang='lat' dir='ltr'>¹Gregorii</span> <span class='ocrx_word' id='word_1_445' title='bbox 498 3075 645 3146; x_wconf 82' lang='lat' dir='ltr'>Epistulam</span> <span class='ocrx_word' id='word_1_446' title='bbox 667 3077 702 3131; x_wconf 89' lang='lat' dir='ltr'>ad</span> <span class='ocrx_word' id='word_1_447' title='bbox 725 3075 753 3132; x_wconf 86' lang='lat' dir='ltr'>S.</span> <span class='ocrx_word' id='word_1_448' title='bbox 780 3067 970 3134; x_wconf 80' lang='lat' dir='ltr'>LeandrumC</span> 
     </span>
    </p>
   </div>
   <div class='ocr_carea' id='block_1_6' title="bbox 147 3207 1762 3236">
    <p class='ocr_par' dir='ltr' id='par_1_8' title="bbox 147 3207 1762 3236">
     <span class='ocr_line' id='line_1_33' title="bbox 147 3207 1762 3236; baseline -0.006 1"><span class='ocrx_word' id='word_1_449' title='bbox 147 3207 1762 3236; x_wconf 45' lang='lat' dir='ltr'>mm*</span> 
     </span>
    </p>
   </div>
   <div class='ocr_carea' id='block_1_7' title="bbox 654 3302 1263 3368">
    <p class='ocr_par' dir='ltr' id='par_1_9' title="bbox 654 3302 1263 3368">
     <span class='ocr_line' id='line_1_34' title="bbox 654 3302 1263 3368; baseline -0.01 -1"><span class='ocrx_word' id='word_1_450' title='bbox 654 3305 853 3368; x_wconf 84' lang='lat' dir='ltr'>lNClPlUNT</span> <span class='ocrx_word' id='word_1_451' title='bbox 875 3302 1070 3366; x_wconf 69' lang='lat' dir='ltr'>cantaban</span> <span class='ocrx_word' id='word_1_452' title='bbox 1095 3303 1202 3364; x_wconf 73' lang='lat' dir='ltr'>albat</span> <span class='ocrx_word' id='word_1_453' title='bbox 1225 3302 1263 3362; x_wconf 92' lang='lat' dir='ltr'>ll.</span> 
     </span>
    </p>
   </div>
   <div class='ocr_carea' id='block_1_8' title="bbox 851 3449 1068 3465">
    <p class='ocr_par' dir='ltr' id='par_1_10' title="bbox 851 3449 1068 3465">
     <span class='ocr_line' id='line_1_35' title="bbox 851 3449 1068 3465; baseline 0.005 -3"><span class='ocrx_word' id='word_1_454' title='bbox 851 3449 1068 3465; x_wconf 60' lang='lat' dir='ltr'>m</span> 
     </span>
    </p>
   </div>
   <div class='ocr_carea' id='block_1_9' title="bbox 143 3519 1779 4199">
    <p class='ocr_par' dir='ltr' id='par_1_11' title="bbox 143 3519 1779 4199">
     <span class='ocr_line' id='line_1_36' title="bbox 175 3519 1658 3589; baseline 0.001 -18"><span class='ocrx_word' id='word_1_455' title='bbox 175 3519 211 3571; x_wconf 82' lang='lat' dir='ltr'>De</span> <span class='ocrx_word' id='word_1_456' title='bbox 223 3533 264 3582; x_wconf 88' lang='lat' dir='ltr'>eo,</span> <span class='ocrx_word' id='word_1_457' title='bbox 277 3523 342 3583; x_wconf 88' lang='lat' dir='ltr'>quod</span> <span class='ocrx_word' id='word_1_458' title='bbox 353 3523 471 3584; x_wconf 85' lang='lat' dir='ltr'>scripturn</span> <span class='ocrx_word' id='word_1_459' title='bbox 484 3531 531 3584; x_wconf 85' lang='lat' dir='ltr'>est,</span> <span class='ocrx_word' id='word_1_460' title='bbox 546 3525 611 3585; x_wconf 89' lang='lat' dir='ltr'>quod</span> <span class='ocrx_word' id='word_1_461' title='bbox 625 3531 680 3586; x_wconf 88' lang='lat' dir='ltr'>post</span> <span class='ocrx_word' id='word_1_462' title='bbox 699 3535 805 3576; x_wconf 89' lang='lat' dir='ltr'>mortem</span> <span class='ocrx_word' id='word_1_463' title='bbox 818 3526 876 3576; x_wconf 80' lang='lat' dir='ltr'>Saul</span> <span class='ocrx_word' id='word_1_464' title='bbox 887 3538 932 3577; x_wconf 88' lang='lat' dir='ltr'>re·</span> <span class='ocrx_word' id='word_1_465' title='bbox 995 3520 1000 3528; x_wconf 90' lang='lat'>&#39;</span> <span class='ocrx_word' id='word_1_466' title='bbox 1018 3524 1055 3576; x_wconf 85' lang='lat' dir='ltr'>lio</span> <span class='ocrx_word' id='word_1_467' title='bbox 1065 3530 1165 3589; x_wconf 90' lang='lat' dir='ltr'>peccato</span> <span class='ocrx_word' id='word_1_468' title='bbox 1176 3525 1252 3575; x_wconf 83' lang='lat' dir='ltr'>Dauid</span> <span class='ocrx_word' id='word_1_469' title='bbox 1263 3527 1288 3574; x_wconf 90' lang='lat' dir='ltr'>iu</span> <span class='ocrx_word' id='word_1_470' title='bbox 1299 3524 1434 3584; x_wconf 78' lang='lat' dir='ltr'>Bersabee,</span> <span class='ocrx_word' id='word_1_471' title='bbox 1446 3529 1474 3574; x_wconf 92' lang='lat' dir='ltr'>et</span> <span class='ocrx_word' id='word_1_472' title='bbox 1485 3531 1564 3574; x_wconf 88' lang='lat' dir='ltr'>morte</span> <span class='ocrx_word' id='word_1_473' title='bbox 1578 3525 1658 3574; x_wconf 76' lang='lat' dir='ltr'>l&#39;rirn:</span> 
     </span>
     <span class='ocr_line' id='line_1_37' title="bbox 143 3582 1775 3648; baseline 0.004 -18"><span class='ocrx_word' id='word_1_474' title='bbox 143 3592 234 3632; x_wconf 86' lang='lat' dir='ltr'>aerum</span> <span class='ocrx_word' id='word_1_475' title='bbox 248 3585 292 3633; x_wconf 86' lang='lat' dir='ltr'>ulrl</span> <span class='ocrx_word' id='word_1_476' title='bbox 302 3582 374 3642; x_wconf 86' lang='lat' dir='ltr'>luda,</span> <span class='ocrx_word' id='word_1_477' title='bbox 393 3591 419 3632; x_wconf 85' lang='lat' dir='ltr'>et</span> <span class='ocrx_word' id='word_1_478' title='bbox 438 3592 563 3634; x_wconf 86' lang='lat' dir='ltr'>unxerunt</span> <span class='ocrx_word' id='word_1_479' title='bbox 584 3586 660 3635; x_wconf 77' lang='lat' dir='ltr'>Dauid</span> <span class='ocrx_word' id='word_1_480' title='bbox 672 3601 759 3648; x_wconf 77' lang='lat' dir='ltr'>regem</span> <span class='ocrx_word' id='word_1_481' title='bbox 773 3591 798 3638; x_wconf 87' lang='lat' dir='ltr'>iu</span> <span class='ocrx_word' id='word_1_482' title='bbox 808 3589 910 3638; x_wconf 82' lang='lat' dir='ltr'>Hebron</span> <span class='ocrx_word' id='word_1_483' title='bbox 1017 3586 1064 3637; x_wconf 90' lang='lat' dir='ltr'>Ubi</span> <span class='ocrx_word' id='word_1_484' title='bbox 1075 3588 1170 3637; x_wconf 79' lang='lat' dir='ltr'>Nathan</span> <span class='ocrx_word' id='word_1_485' title='bbox 1181 3588 1248 3637; x_wconf 81' lang='lat' dir='ltr'>uenit</span> <span class='ocrx_word' id='word_1_486' title='bbox 1258 3586 1380 3648; x_wconf 83' lang='lat' dir='ltr'>adDauid,</span> <span class='ocrx_word' id='word_1_487' title='bbox 1390 3593 1415 3636; x_wconf 89' lang='lat' dir='ltr'>et</span> <span class='ocrx_word' id='word_1_488' title='bbox 1423 3588 1547 3647; x_wconf 81' lang='lat' dir='ltr'>proposuit</span> <span class='ocrx_word' id='word_1_489' title='bbox 1558 3589 1581 3635; x_wconf 87' lang='lat' dir='ltr'>ei</span> <span class='ocrx_word' id='word_1_490' title='bbox 1591 3585 1775 3637; x_wconf 84' lang='lat' dir='ltr'>sinrilitudiuem</span> 
     </span>
     <span class='ocr_line' id='line_1_38' title="bbox 143 3623 1728 3719; baseline 0.004 -29"><span class='ocrx_word' id='word_1_491' title='bbox 143 3643 214 3693; x_wconf 87' lang='lat' dir='ltr'>etde</span> <span class='ocrx_word' id='word_1_492' title='bbox 227 3644 310 3693; x_wconf 88' lang='lat' dir='ltr'>llbuer</span> <span class='ocrx_word' id='word_1_493' title='bbox 322 3643 370 3694; x_wconf 87' lang='lat' dir='ltr'>lilio</span> <span class='ocrx_word' id='word_1_494' title='bbox 379 3643 431 3695; x_wconf 84' lang='lat' dir='ltr'>h&#39;er</span> <span class='ocrx_word' id='word_1_495' title='bbox 441 3646 482 3708; x_wconf 91' lang='lat' dir='ltr'>qui</span> <span class='ocrx_word' id='word_1_496' title='bbox 495 3647 764 3700; x_wconf 86' lang='lat' dir='ltr'>eotrstitultllisbosetb</span> <span class='ocrx_word' id='word_1_497' title='bbox 785 3648 862 3700; x_wconf 90' lang='lat' dir='ltr'>lilium</span> <span class='ocrx_word' id='word_1_498' title='bbox 876 3623 932 3699; x_wconf 77' lang='lat' dir='ltr'>saud</span> <span class='ocrx_word' id='word_1_499' title='bbox 984 3648 1016 3699; x_wconf 89' lang='lat' dir='ltr'>de</span> <span class='ocrx_word' id='word_1_500' title='bbox 1027 3648 1103 3700; x_wconf 83' lang='lat' dir='ltr'>divite</span> <span class='ocrx_word' id='word_1_501' title='bbox 1112 3657 1138 3699; x_wconf 91' lang='lat' dir='ltr'>et</span> <span class='ocrx_word' id='word_1_502' title='bbox 1148 3661 1267 3719; x_wconf 86' lang='lat' dir='ltr'>paupere.</span> <span class='ocrx_word' id='word_1_503' title='bbox 1725 3710 1728 3718; x_wconf 34' lang='grc' dir='ltr'>Ι</span> 
     </span>
     <span class='ocr_line' id='line_1_39' title="bbox 144 3705 1779 3831; baseline 0.001 -17"><span class='ocrx_word' id='word_1_504' title='bbox 144 3705 555 3829; x_wconf 52' lang='lat' dir='ltr'>redieemldd&#39;deldeldrrdue&#39;lierotbitus,</span> <span class='ocrx_word' id='word_1_505' title='bbox 576 3771 618 3831; x_wconf 89' lang='lat' dir='ltr'>qui</span> <span class='ocrx_word' id='word_1_506' title='bbox 640 3767 822 3822; x_wconf 85' lang='lat' dir='ltr'>interieceruut</span> <span class='ocrx_word' id='word_1_507' title='bbox 843 3771 934 3821; x_wconf 85' lang='lat' dir='ltr'>lllsbo-</span> <span class='ocrx_word' id='word_1_508' title='bbox 986 3706 1575 3830; x_wconf 41' lang='lat' dir='ltr'>lnctdddddnrddiaddddddddfdaddlsle&#39;ddrdldddndo</span> <span class='ocrx_word' id='word_1_509' title='bbox 1594 3705 1663 3754; x_wconf 48' lang='lat' dir='ltr'>mdis</span> <span class='ocrx_word' id='word_1_510' title='bbox 1675 3708 1779 3770; x_wconf 51' lang='lat' dir='ltr'>pedm.</span> 
     </span>
     <span class='ocr_line' id='line_1_40' title="bbox 144 3827 1754 3901; baseline 0.004 -27"><span class='ocrx_word' id='word_1_511' title='bbox 144 3827 208 3876; x_wconf 84' lang='lat' dir='ltr'>seth.</span> <span class='ocrx_word' id='word_1_512' title='bbox 1017 3830 1055 3880; x_wconf 87' lang='lat' dir='ltr'>lis</span> <span class='ocrx_word' id='word_1_513' title='bbox 1084 3829 1150 3878; x_wconf 75' lang='lat' dir='ltr'>rello</span> <span class='ocrx_word' id='word_1_514' title='bbox 1159 3827 1282 3891; x_wconf 82' lang='lat' dir='ltr'>absalon,</span> <span class='ocrx_word' id='word_1_515' title='bbox 1297 3834 1323 3878; x_wconf 90' lang='lat' dir='ltr'>et</span> <span class='ocrx_word' id='word_1_516' title='bbox 1336 3831 1493 3901; x_wconf 82' lang='lat' dir='ltr'>percussione</span> <span class='ocrx_word' id='word_1_517' title='bbox 1515 3835 1589 3890; x_wconf 89' lang='lat' dir='ltr'>atque</span> <span class='ocrx_word' id='word_1_518' title='bbox 1601 3833 1680 3879; x_wconf 85' lang='lat' dir='ltr'>morte</span> <span class='ocrx_word' id='word_1_519' title='bbox 1692 3830 1754 3893; x_wconf 77' lang='lat' dir='ltr'>elas.</span> 
     </span>
     <span class='ocr_line' id='line_1_41' title="bbox 178 3843 1505 3961; baseline 0.002 -25"><span class='ocrx_word' id='word_1_520' title='bbox 178 3887 215 3938; x_wconf 81' lang='lat' dir='ltr'>lle</span> <span class='ocrx_word' id='word_1_521' title='bbox 227 3887 299 3938; x_wconf 87' lang='lat' dir='ltr'>lande</span> <span class='ocrx_word' id='word_1_522' title='bbox 315 3888 391 3939; x_wconf 69' lang='lat' dir='ltr'>bevra</span> <span class='ocrx_word' id='word_1_523' title='bbox 435 3891 478 3952; x_wconf 89' lang='lat' dir='ltr'>qul</span> <span class='ocrx_word' id='word_1_524' title='bbox 498 3893 658 3952; x_wconf 78' lang='lat' dir='ltr'>congregarit</span> <span class='ocrx_word' id='word_1_525' title='bbox 680 3893 781 3954; x_wconf 87' lang='lat' dir='ltr'>triginta</span> <span class='ocrx_word' id='word_1_526' title='bbox 805 3889 881 3940; x_wconf 91' lang='lat' dir='ltr'>millia</span> <span class='ocrx_word' id='word_1_527' title='bbox 899 3904 931 3941; x_wconf 86' lang='lat' dir='ltr'>er</span> <span class='ocrx_word' id='word_1_528' title='bbox 1019 3843 1394 3961; x_wconf 57' lang='lat' dir='ltr'>bedsalmoscptlmodeumo.</span> <span class='ocrx_word' id='word_1_529' title='bbox 1497 3865 1505 3892; x_wconf 74' lang='lat'><strong><em>⁹</em></strong></span> 
     </span>
     <span class='ocr_line' id='line_1_42' title="bbox 144 3928 1373 4016; baseline 0.002 -18"><span class='ocrx_word' id='word_1_530' title='bbox 144 3946 233 3999; x_wconf 82' lang='lat' dir='ltr'>clerus</span> <span class='ocrx_word' id='word_1_531' title='bbox 243 3949 330 4014; x_wconf 82' lang='lat' dir='ltr'>lsrael,</span> <span class='ocrx_word' id='word_1_532' title='bbox 344 3958 371 4002; x_wconf 88' lang='lat' dir='ltr'>ut</span> <span class='ocrx_word' id='word_1_533' title='bbox 383 3928 519 4002; x_wconf 87' lang='lat' dir='ltr'>educerent</span> <span class='ocrx_word' id='word_1_534' title='bbox 538 3963 616 4001; x_wconf 87' lang='lat' dir='ltr'>arcam</span> <span class='ocrx_word' id='word_1_535' title='bbox 627 3952 684 4009; x_wconf 79' lang='lat' dir='ltr'>liei.</span> <span class='ocrx_word' id='word_1_536' title='bbox 695 3962 771 4016; x_wconf 87' lang='lat' dir='ltr'>atque</span> <span class='ocrx_word' id='word_1_537' title='bbox 781 3961 860 4002; x_wconf 89' lang='lat' dir='ltr'>morte</span> <span class='ocrx_word' id='word_1_538' title='bbox 872 3952 932 4004; x_wconf 80' lang='lat' dir='ltr'>ora.</span> <span class='ocrx_word' id='word_1_539' title='bbox 1017 3951 1055 4002; x_wconf 77' lang='lat' dir='ltr'>lle</span> <span class='ocrx_word' id='word_1_540' title='bbox 1068 3963 1165 4002; x_wconf 80' lang='lat' dir='ltr'>nomine</span> <span class='ocrx_word' id='word_1_541' title='bbox 1176 3949 1273 4001; x_wconf 87' lang='lat' dir='ltr'>luruum</span> <span class='ocrx_word' id='word_1_542' title='bbox 1285 3949 1373 4000; x_wconf 84' lang='lat' dir='ltr'>liarld.</span> 
     </span>
     <span class='ocr_line' id='line_1_43' title="bbox 175 4007 1777 4076; baseline 0.003 -18"><span class='ocrx_word' id='word_1_543' title='bbox 175 4007 321 4062; x_wconf 73' lang='lat' dir='ltr'>Ammoultlu</span> <span class='ocrx_word' id='word_1_544' title='bbox 335 4012 421 4075; x_wconf 81' lang='lat' dir='ltr'>Dauid,</span> <span class='ocrx_word' id='word_1_545' title='bbox 434 4014 476 4063; x_wconf 90' lang='lat' dir='ltr'>ubi</span> <span class='ocrx_word' id='word_1_546' title='bbox 498 4015 649 4063; x_wconf 88' lang='lat' dir='ltr'>instruitura</span> <span class='ocrx_word' id='word_1_547' title='bbox 669 4017 805 4076; x_wconf 83' lang='lat' dir='ltr'>propbeta,</span> <span class='ocrx_word' id='word_1_548' title='bbox 828 4025 860 4063; x_wconf 87' lang='lat' dir='ltr'>ne</span> <span class='ocrx_word' id='word_1_549' title='bbox 879 4017 932 4076; x_wconf 87' lang='lat' dir='ltr'>lpse</span> <span class='ocrx_word' id='word_1_550' title='bbox 1018 4014 1056 4064; x_wconf 85' lang='lat' dir='ltr'>De</span> <span class='ocrx_word' id='word_1_551' title='bbox 1076 4012 1161 4074; x_wconf 83' lang='lat' dir='ltr'>praelio</span> <span class='ocrx_word' id='word_1_552' title='bbox 1177 4010 1252 4061; x_wconf 84' lang='lat' dir='ltr'>Dauld</span> <span class='ocrx_word' id='word_1_553' title='bbox 1272 4017 1358 4061; x_wconf 91' lang='lat' dir='ltr'>contra</span> <span class='ocrx_word' id='word_1_554' title='bbox 1386 4009 1555 4072; x_wconf 68' lang='lat' dir='ltr'>philistheos,</span> <span class='ocrx_word' id='word_1_555' title='bbox 1575 4011 1670 4072; x_wconf 82' lang='lat' dir='ltr'>utraudu</span> <span class='ocrx_word' id='word_1_556' title='bbox 1688 4015 1777 4065; x_wconf 80' lang='lat' dir='ltr'>sitiens</span> 
     </span>
     <span class='ocr_line' id='line_1_44' title="bbox 144 4070 1448 4139; baseline 0.002 -21"><span class='ocrx_word' id='word_1_557' title='bbox 144 4070 277 4122; x_wconf 86' lang='lat' dir='ltr'>redlllearet</span> <span class='ocrx_word' id='word_1_558' title='bbox 287 4073 404 4136; x_wconf 91' lang='lat' dir='ltr'>templum</span> <span class='ocrx_word' id='word_1_559' title='bbox 417 4074 513 4125; x_wconf 81' lang='lat' dir='ltr'>Domlm</span> <span class='ocrx_word' id='word_1_560' title='bbox 526 4111 534 4133; x_wconf 92' lang='lat'>,</span> <span class='ocrx_word' id='word_1_561' title='bbox 553 4073 599 4124; x_wconf 83' lang='lat' dir='ltr'>sed</span> <span class='ocrx_word' id='word_1_562' title='bbox 610 4073 673 4125; x_wconf 85' lang='lat' dir='ltr'>lilius</span> <span class='ocrx_word' id='word_1_563' title='bbox 686 4075 749 4139; x_wconf 80' lang='lat' dir='ltr'>elus,</span> <span class='ocrx_word' id='word_1_564' title='bbox 763 4083 790 4126; x_wconf 91' lang='lat' dir='ltr'>et</span> <span class='ocrx_word' id='word_1_565' title='bbox 800 4077 864 4126; x_wconf 83' lang='lat' dir='ltr'>actio</span> <span class='ocrx_word' id='word_1_566' title='bbox 875 4087 933 4137; x_wconf 84' lang='lat' dir='ltr'>gra·</span> <span class='ocrx_word' id='word_1_567' title='bbox 988 4087 1074 4138; x_wconf 88' lang='lat' dir='ltr'>aquam</span> <span class='ocrx_word' id='word_1_568' title='bbox 1085 4073 1281 4125; x_wconf 87' lang='lat' dir='ltr'>Bethlemitleam</span> <span class='ocrx_word' id='word_1_569' title='bbox 1290 4072 1448 4123; x_wconf 85' lang='lat' dir='ltr'>deslderarlt.</span> 
     </span>
     <span class='ocr_line' id='line_1_45' title="bbox 145 4132 1776 4199; baseline 0.003 -18"><span class='ocrx_word' id='word_1_570' title='bbox 145 4133 234 4182; x_wconf 88' lang='lat' dir='ltr'>tlaruur</span> <span class='ocrx_word' id='word_1_571' title='bbox 246 4135 308 4196; x_wconf 72' lang='lat' dir='ltr'>elus.</span> <span class='ocrx_word' id='word_1_572' title='bbox 1021 4137 1059 4186; x_wconf 86' lang='lat' dir='ltr'>be</span> <span class='ocrx_word' id='word_1_573' title='bbox 1072 4132 1276 4198; x_wconf 80' lang='lat' dir='ltr'>peccatoliauld,</span> <span class='ocrx_word' id='word_1_574' title='bbox 1299 4133 1397 4196; x_wconf 88' lang='lat' dir='ltr'>quando</span> <span class='ocrx_word' id='word_1_575' title='bbox 1419 4133 1533 4197; x_wconf 90' lang='lat' dir='ltr'>populum</span> <span class='ocrx_word' id='word_1_576' title='bbox 1554 4137 1776 4199; x_wconf 85' lang='lat' dir='ltr'>numerandopec·</span> 
     </span>
    </p>
   </div>
   <div class='ocr_carea' id='block_1_10' title="bbox 145 4191 1058 4306">
    <p class='ocr_par' dir='ltr' id='par_1_12' title="bbox 145 4191 1058 4306">
     <span class='ocr_line' id='line_1_46' title="bbox 145 4191 1058 4306; baseline 0 -62"><span class='ocrx_word' id='word_1_577' title='bbox 145 4191 319 4306; x_wconf 45' lang='grc' dir='ltr'>ιιῐὲιιιίιιιιιιιιιιι</span> <span class='ocrx_word' id='word_1_578' title='bbox 330 4196 415 4259; x_wconf 82' lang='lat' dir='ltr'>David,</span> <span class='ocrx_word' id='word_1_579' title='bbox 431 4209 493 4262; x_wconf 82' lang='lat' dir='ltr'>quos</span> <span class='ocrx_word' id='word_1_580' title='bbox 505 4198 568 4250; x_wconf 86' lang='lat' dir='ltr'>misit</span> <span class='ocrx_word' id='word_1_581' title='bbox 580 4198 608 4249; x_wconf 92' lang='lat' dir='ltr'>ad</span> <span class='ocrx_word' id='word_1_582' title='bbox 621 4198 706 4250; x_wconf 79' lang='lat' dir='ltr'>Arnon</span> <span class='ocrx_word' id='word_1_583' title='bbox 726 4211 814 4262; x_wconf 88' lang='lat' dir='ltr'>regem</span> <span class='ocrx_word' id='word_1_584' title='bbox 834 4199 935 4249; x_wconf 80' lang='lat' dir='ltr'>hurme-</span> <span class='ocrx_word' id='word_1_585' title='bbox 987 4201 1058 4250; x_wconf 84' lang='lat' dir='ltr'>cauit.</span> 
     </span>
    </p>
   </div>
   <div class='ocr_carea' id='block_1_11' title="bbox 673 4389 1247 4455">
    <p class='ocr_par' dir='ltr' id='par_1_13' title="bbox 673 4389 1247 4455">
     <span class='ocr_line' id='line_1_47' title="bbox 673 4389 1247 4455; baseline -0.009 -2"><span class='ocrx_word' id='word_1_586' title='bbox 673 4390 820 4455; x_wconf 84' lang='lat' dir='ltr'>lNClPlT</span> <span class='ocrx_word' id='word_1_587' title='bbox 842 4389 1056 4454; x_wconf 68' lang='lat' dir='ltr'>lubentio</span> <span class='ocrx_word' id='word_1_588' title='bbox 1077 4390 1182 4453; x_wconf 79' lang='lat' dir='ltr'>Libui</span> <span class='ocrx_word' id='word_1_589' title='bbox 1205 4389 1247 4450; x_wconf 90' lang='lat' dir='ltr'>ll.</span> 
     </span>
    </p>
   </div>
   <div class='ocr_carea' id='block_1_12' title="bbox 144 4529 1862 5518">
    <p class='ocr_par' dir='ltr' id='par_1_14' title="bbox 144 4529 1862 5518">
     <span class='ocr_line' id='line_1_48' title="bbox 181 4529 1776 4605; baseline 0.003 -20"><span class='ocrx_word' id='word_1_590' title='bbox 181 4545 193 4572; x_wconf 70' lang='grc' dir='ltr'>ι</span> <span class='ocrx_word' id='word_1_591' title='bbox 210 4551 218 4583; x_wconf 92' lang='grc' dir='ltr'>ι</span> <span class='ocrx_word' id='word_1_592' title='bbox 234 4531 932 4603; x_wconf 78' lang='lat' dir='ltr'>Promissiouesllei,quaelactaesuutadAbrabam,</span> <span class='ocrx_word' id='word_1_593' title='bbox 946 4536 1067 4605; x_wconf 86' lang='lat' dir='ltr'>Datque</span> <span class='ocrx_word' id='word_1_594' title='bbox 1083 4531 1144 4586; x_wconf 91' lang='lat' dir='ltr'>iude</span> <span class='ocrx_word' id='word_1_595' title='bbox 1167 4531 1315 4587; x_wconf 88' lang='lat' dir='ltr'>secuudum</span> <span class='ocrx_word' id='word_1_596' title='bbox 1336 4530 1424 4584; x_wconf 85' lang='lat' dir='ltr'>sancti</span> <span class='ocrx_word' id='word_1_597' title='bbox 1444 4529 1585 4586; x_wconf 85' lang='lat' dir='ltr'>llicremiae</span> <span class='ocrx_word' id='word_1_598' title='bbox 1599 4533 1776 4602; x_wconf 88' lang='lat' dir='ltr'>prophetiam,</span> 
     </span>
     <span class='ocr_line' id='line_1_49' title="bbox 145 4620 1779 4697; baseline 0.001 -19"><span class='ocrx_word' id='word_1_599' title='bbox 145 4623 223 4693; x_wconf 85' lang='lat' dir='ltr'>eujus</span> <span class='ocrx_word' id='word_1_600' title='bbox 237 4623 344 4689; x_wconf 89' lang='lat' dir='ltr'>semini,</span> <span class='ocrx_word' id='word_1_601' title='bbox 356 4631 383 4679; x_wconf 93' lang='lat' dir='ltr'>ct</span> <span class='ocrx_word' id='word_1_602' title='bbox 397 4632 504 4695; x_wconf 80' lang='lat' dir='ltr'>gentem</span> <span class='ocrx_word' id='word_1_603' title='bbox 519 4625 693 4680; x_wconf 88' lang='lat' dir='ltr'>israeliticam</span> <span class='ocrx_word' id='word_1_604' title='bbox 709 4626 856 4681; x_wconf 90' lang='lat' dir='ltr'>secundum</span> <span class='ocrx_word' id='word_1_605' title='bbox 877 4641 939 4681; x_wconf 90' lang='lat' dir='ltr'>ear·</span> <span class='ocrx_word' id='word_1_606' title='bbox 990 4624 1058 4697; x_wconf 78' lang='lat' dir='ltr'>(Jer.</span> <span class='ocrx_word' id='word_1_607' title='bbox 1078 4638 1142 4687; x_wconf 81' lang='lat' dir='ltr'>xxv,</span> <span class='ocrx_word' id='word_1_608' title='bbox 1161 4621 1204 4694; x_wconf 93' lang='lat' dir='ltr'>ll)</span> <span class='ocrx_word' id='word_1_609' title='bbox 1218 4630 1279 4691; x_wconf 93' lang='lat' dir='ltr'>post</span> <span class='ocrx_word' id='word_1_610' title='bbox 1289 4620 1460 4692; x_wconf 90' lang='lat' dir='ltr'>septuaginta</span> <span class='ocrx_word' id='word_1_611' title='bbox 1471 4635 1556 4676; x_wconf 88' lang='lat' dir='ltr'>anuos</span> <span class='ocrx_word' id='word_1_612' title='bbox 1567 4625 1684 4679; x_wconf 80' lang='lat' dir='ltr'>reuersis</span> <span class='ocrx_word' id='word_1_613' title='bbox 1694 4623 1779 4680; x_wconf 92' lang='lat' dir='ltr'>lsrae-</span> 
     </span>
     <span class='ocr_line' id='line_1_50' title="bbox 145 4707 1857 4787; baseline 0.002 -20"><span class='ocrx_word' id='word_1_614' title='bbox 145 4727 220 4778; x_wconf 92' lang='lat' dir='ltr'>nem,</span> <span class='ocrx_word' id='word_1_615' title='bbox 230 4723 259 4769; x_wconf 93' lang='grc' dir='ltr'>ιι</span> <span class='ocrx_word' id='word_1_616' title='bbox 272 4729 367 4770; x_wconf 88' lang='lat' dir='ltr'>omnes</span> <span class='ocrx_word' id='word_1_617' title='bbox 388 4724 481 4786; x_wconf 91' lang='lat' dir='ltr'>gentes</span> <span class='ocrx_word' id='word_1_618' title='bbox 495 4717 586 4772; x_wconf 89' lang='lat' dir='ltr'>deberi</span> <span class='ocrx_word' id='word_1_619' title='bbox 608 4719 754 4773; x_wconf 89' lang='lat' dir='ltr'>secundum</span> <span class='ocrx_word' id='word_1_620' title='bbox 777 4719 867 4784; x_wconf 86' lang='lat' dir='ltr'>ddem,</span> <span class='ocrx_word' id='word_1_621' title='bbox 882 4719 938 4774; x_wconf 81' lang='lat' dir='ltr'>lieo</span> <span class='ocrx_word' id='word_1_622' title='bbox 988 4718 1056 4783; x_wconf 89' lang='lat' dir='ltr'>litis,</span> <span class='ocrx_word' id='word_1_623' title='bbox 1068 4707 1115 4772; x_wconf 77' lang='lat' dir='ltr'>liei</span> <span class='ocrx_word' id='word_1_624' title='bbox 1131 4716 1226 4770; x_wconf 89' lang='lat' dir='ltr'>domus</span> <span class='ocrx_word' id='word_1_625' title='bbox 1241 4714 1448 4780; x_wconf 87' lang='lat' dir='ltr'>instauraretur,</span> <span class='ocrx_word' id='word_1_626' title='bbox 1462 4722 1546 4769; x_wconf 93' lang='lat' dir='ltr'>totum</span> <span class='ocrx_word' id='word_1_627' title='bbox 1568 4723 1610 4770; x_wconf 90' lang='lat' dir='ltr'>est</span> <span class='ocrx_word' id='word_1_628' title='bbox 1628 4715 1778 4787; x_wconf 85' lang='lat' dir='ltr'>Propheta·</span> <span class='ocrx_word' id='word_1_629' title='bbox 1854 4748 1857 4753; x_wconf 60' lang='lat'>&gt;</span> 
     </span>
     <span class='ocr_line' id='line_1_51' title="bbox 144 4804 1780 4879; baseline 0.002 -20"><span class='ocrx_word' id='word_1_630' title='bbox 144 4804 288 4875; x_wconf 90' lang='lat' dir='ltr'>pollicente</span> <span class='ocrx_word' id='word_1_631' title='bbox 313 4807 473 4872; x_wconf 89' lang='lat' dir='ltr'>didicimus;</span> <span class='ocrx_word' id='word_1_632' title='bbox 494 4809 719 4878; x_wconf 87' lang='lat' dir='ltr'>quemadmodum</span> <span class='ocrx_word' id='word_1_633' title='bbox 742 4809 938 4879; x_wconf 88' lang='lat' dir='ltr'>compleantur,</span> <span class='ocrx_word' id='word_1_634' title='bbox 991 4823 1050 4863; x_wconf 88' lang='lat' dir='ltr'>mm</span> <span class='ocrx_word' id='word_1_635' title='bbox 1071 4815 1186 4877; x_wconf 91' lang='lat' dir='ltr'>tempus.</span> <span class='ocrx_word' id='word_1_636' title='bbox 1202 4804 1332 4873; x_wconf 83' lang='lat' dir='ltr'>Quamuis</span> <span class='ocrx_word' id='word_1_637' title='bbox 1352 4806 1424 4860; x_wconf 91' lang='lat' dir='ltr'>enim</span> <span class='ocrx_word' id='word_1_638' title='bbox 1445 4813 1473 4861; x_wconf 90' lang='grc' dir='ltr'>ιι</span> <span class='ocrx_word' id='word_1_639' title='bbox 1491 4805 1578 4876; x_wconf 91' lang='lat' dir='ltr'>ipsum</span> <span class='ocrx_word' id='word_1_640' title='bbox 1592 4806 1648 4864; x_wconf 89' lang='lat' dir='ltr'>Noc</span> <span class='ocrx_word' id='word_1_641' title='bbox 1660 4806 1780 4863; x_wconf 88' lang='lat' dir='ltr'>Patriar-</span> 
     </span>
     <span class='ocr_line' id='line_1_52' title="bbox 145 4895 1780 4968; baseline 0.004 -20"><span class='ocrx_word' id='word_1_642' title='bbox 145 4895 331 4964; x_wconf 89' lang='lat' dir='ltr'>perordinem</span> <span class='ocrx_word' id='word_1_643' title='bbox 352 4903 502 4968; x_wconf 90' lang='lat' dir='ltr'>temporum</span> <span class='ocrx_word' id='word_1_644' title='bbox 516 4913 680 4968; x_wconf 86' lang='lat' dir='ltr'>procurrens</span> <span class='ocrx_word' id='word_1_645' title='bbox 699 4899 746 4954; x_wconf 82' lang='lat' dir='ltr'>liei</span> <span class='ocrx_word' id='word_1_646' title='bbox 762 4900 857 4954; x_wconf 82' lang='lat' dir='ltr'>ciuitas</span> <span class='ocrx_word' id='word_1_647' title='bbox 869 4899 939 4954; x_wconf 91' lang='lat' dir='ltr'>indi·</span> <span class='ocrx_word' id='word_1_648' title='bbox 991 4899 1082 4963; x_wconf 86' lang='lat' dir='ltr'>cham,</span> <span class='ocrx_word' id='word_1_649' title='bbox 1098 4897 1125 4951; x_wconf 91' lang='lat' dir='ltr'>iu</span> <span class='ocrx_word' id='word_1_650' title='bbox 1140 4895 1217 4965; x_wconf 83' lang='lat' dir='ltr'>cujus</span> <span class='ocrx_word' id='word_1_651' title='bbox 1239 4895 1332 4952; x_wconf 90' lang='lat' dir='ltr'>dicbus</span> <span class='ocrx_word' id='word_1_652' title='bbox 1355 4895 1479 4951; x_wconf 86' lang='lat' dir='ltr'>universa</span> <span class='ocrx_word' id='word_1_653' title='bbox 1494 4895 1594 4952; x_wconf 86' lang='lat' dir='ltr'>diluvio</span> <span class='ocrx_word' id='word_1_654' title='bbox 1606 4904 1679 4952; x_wconf 88' lang='lat' dir='ltr'>terra</span> <span class='ocrx_word' id='word_1_655' title='bbox 1692 4897 1780 4954; x_wconf 86' lang='lat' dir='ltr'>deleta</span> 
     </span>
     <span class='ocr_line' id='line_1_53' title="bbox 145 4984 1862 5058; baseline 0.002 -19"><span class='ocrx_word' id='word_1_656' title='bbox 145 4984 228 5039; x_wconf 82' lang='lat' dir='ltr'>cavit.</span> <span class='ocrx_word' id='word_1_657' title='bbox 241 4984 374 5052; x_wconf 84' lang='lat' dir='ltr'>Quoniam</span> <span class='ocrx_word' id='word_1_658' title='bbox 387 4986 938 5058; x_wconf 87' lang='lat' dir='ltr'>ergosuperiorislibriusqueadreguum</span> <span class='ocrx_word' id='word_1_659' title='bbox 991 4994 1045 5054; x_wconf 90' lang='lat' dir='ltr'>est,</span> <span class='ocrx_word' id='word_1_660' title='bbox 1060 4995 1086 5042; x_wconf 88' lang='grc' dir='ltr'>ιι</span> <span class='ocrx_word' id='word_1_661' title='bbox 1106 4986 1173 5042; x_wconf 92' lang='lat' dir='ltr'>alios</span> <span class='ocrx_word' id='word_1_662' title='bbox 1188 5001 1279 5055; x_wconf 86' lang='lat' dir='ltr'>supra,</span> <span class='ocrx_word' id='word_1_663' title='bbox 1293 4994 1321 5041; x_wconf 88' lang='lat' dir='ltr'>et</span> <span class='ocrx_word' id='word_1_664' title='bbox 1343 4984 1412 5041; x_wconf 86' lang='lat' dir='ltr'>inira</span> <span class='ocrx_word' id='word_1_665' title='bbox 1436 5001 1522 5057; x_wconf 92' lang='lat' dir='ltr'>usque</span> <span class='ocrx_word' id='word_1_666' title='bbox 1542 4987 1577 5042; x_wconf 92' lang='lat' dir='ltr'>ad</span> <span class='ocrx_word' id='word_1_667' title='bbox 1599 4987 1651 5042; x_wconf 93' lang='lat' dir='ltr'>boc</span> <span class='ocrx_word' id='word_1_668' title='bbox 1664 4995 1779 5057; x_wconf 83' lang='lat' dir='ltr'>tempus,</span> <span class='ocrx_word' id='word_1_669' title='bbox 1857 5014 1862 5025; x_wconf 91' lang='lat'><strong>·</strong></span> 
     </span>
     <span class='ocr_line' id='line_1_54' title="bbox 146 5075 1781 5150; baseline 0.004 -20"><span class='ocrx_word' id='word_1_670' title='bbox 146 5075 233 5131; x_wconf 84' lang='lat' dir='ltr'>liarid</span> <span class='ocrx_word' id='word_1_671' title='bbox 247 5076 335 5133; x_wconf 89' lang='lat' dir='ltr'>lactus</span> <span class='ocrx_word' id='word_1_672' title='bbox 351 5085 393 5133; x_wconf 92' lang='lat' dir='ltr'>cst</span> <span class='ocrx_word' id='word_1_673' title='bbox 414 5077 485 5143; x_wconf 88' lang='lat' dir='ltr'>linis,</span> <span class='ocrx_word' id='word_1_674' title='bbox 502 5094 573 5136; x_wconf 90' lang='lat' dir='ltr'>nunc</span> <span class='ocrx_word' id='word_1_675' title='bbox 592 5080 627 5135; x_wconf 92' lang='lat' dir='ltr'>ab</span> <span class='ocrx_word' id='word_1_676' title='bbox 641 5079 736 5135; x_wconf 92' lang='lat' dir='ltr'>eodem</span> <span class='ocrx_word' id='word_1_677' title='bbox 748 5092 843 5150; x_wconf 94' lang='lat' dir='ltr'>reguo,</span> <span class='ocrx_word' id='word_1_678' title='bbox 856 5093 939 5148; x_wconf 90' lang='lat' dir='ltr'>quau·</span> <span class='ocrx_word' id='word_1_679' title='bbox 989 5096 1043 5150; x_wconf 95' lang='lat' dir='ltr'>quo</span> <span class='ocrx_word' id='word_1_680' title='bbox 1057 5095 1134 5150; x_wconf 87' lang='lat' dir='ltr'>reges</span> <span class='ocrx_word' id='word_1_681' title='bbox 1147 5080 1174 5134; x_wconf 91' lang='lat' dir='ltr'>in</span> <span class='ocrx_word' id='word_1_682' title='bbox 1188 5079 1286 5150; x_wconf 91' lang='lat' dir='ltr'>populo</span> <span class='ocrx_word' id='word_1_683' title='bbox 1300 5079 1349 5134; x_wconf 85' lang='lat' dir='ltr'>bei</span> <span class='ocrx_word' id='word_1_684' title='bbox 1359 5093 1419 5136; x_wconf 90' lang='lat' dir='ltr'>csse</span> <span class='ocrx_word' id='word_1_685' title='bbox 1428 5086 1579 5150; x_wconf 88' lang='lat' dir='ltr'>eoeperunt,</span> <span class='ocrx_word' id='word_1_686' title='bbox 1588 5087 1699 5149; x_wconf 90' lang='lat' dir='ltr'>propter</span> <span class='ocrx_word' id='word_1_687' title='bbox 1709 5095 1781 5150; x_wconf 77' lang='lat' dir='ltr'>quar-</span> 
     </span>
     <span class='ocr_line' id='line_1_55' title="bbox 147 5165 1778 5241; baseline -0.002 -18"><span class='ocrx_word' id='word_1_688' title='bbox 147 5175 174 5222; x_wconf 94' lang='lat' dir='ltr'>to</span> <span class='ocrx_word' id='word_1_689' title='bbox 189 5179 315 5240; x_wconf 90' lang='lat' dir='ltr'>suscepto</span> <span class='ocrx_word' id='word_1_690' title='bbox 329 5171 404 5241; x_wconf 92' lang='lat' dir='ltr'>operi</span> <span class='ocrx_word' id='word_1_691' title='bbox 420 5169 543 5228; x_wconf 87' lang='lat' dir='ltr'>sufficere</span> <span class='ocrx_word' id='word_1_692' title='bbox 556 5172 674 5238; x_wconf 85' lang='lat' dir='ltr'>uidetur,</span> <span class='ocrx_word' id='word_1_693' title='bbox 689 5180 797 5235; x_wconf 78' lang='grc' dir='ltr'>ιιιιιι,</span> <span class='ocrx_word' id='word_1_694' title='bbox 820 5185 880 5239; x_wconf 85' lang='lat' dir='ltr'>quac</span> <span class='ocrx_word' id='word_1_695' title='bbox 893 5184 937 5225; x_wconf 92' lang='lat' dir='ltr'>se·</span> <span class='ocrx_word' id='word_1_696' title='bbox 991 5171 1052 5224; x_wconf 87' lang='lat' dir='ltr'>dam</span> <span class='ocrx_word' id='word_1_697' title='bbox 1065 5185 1175 5240; x_wconf 88' lang='lat' dir='ltr'>percos</span> <span class='ocrx_word' id='word_1_698' title='bbox 1189 5169 1290 5234; x_wconf 89' lang='lat' dir='ltr'>lutura,</span> <span class='ocrx_word' id='word_1_699' title='bbox 1305 5168 1362 5224; x_wconf 83' lang='lat' dir='ltr'>slve</span> <span class='ocrx_word' id='word_1_700' title='bbox 1386 5181 1438 5237; x_wconf 93' lang='lat' dir='ltr'>quo</span> <span class='ocrx_word' id='word_1_701' title='bbox 1460 5165 1594 5236; x_wconf 93' lang='lat' dir='ltr'>quomodo</span> <span class='ocrx_word' id='word_1_702' title='bbox 1615 5165 1778 5237; x_wconf 88' lang='lat' dir='ltr'>signidcata,</span> 
     </span>
     <span class='ocr_line' id='line_1_56' title="bbox 146 5254 1780 5334; baseline 0 -23"><span class='ocrx_word' id='word_1_703' title='bbox 146 5268 276 5328; x_wconf 91' lang='lat' dir='ltr'>quuutur,</span> <span class='ocrx_word' id='word_1_704' title='bbox 302 5261 470 5334; x_wconf 86' lang='lat' dir='ltr'>attingimus.</span> <span class='ocrx_word' id='word_1_705' title='bbox 497 5260 555 5316; x_wconf 90' lang='lat' dir='ltr'>lloc</span> <span class='ocrx_word' id='word_1_706' title='bbox 581 5262 672 5332; x_wconf 90' lang='lat' dir='ltr'>itaque</span> <span class='ocrx_word' id='word_1_707' title='bbox 694 5270 809 5331; x_wconf 78' lang='lat' dir='ltr'>tenipus,</span> <span class='ocrx_word' id='word_1_708' title='bbox 833 5275 865 5317; x_wconf 86' lang='grc' dir='ltr'>ιιι</span> <span class='ocrx_word' id='word_1_709' title='bbox 885 5275 940 5330; x_wconf 91' lang='lat' dir='ltr'>quo</span> <span class='ocrx_word' id='word_1_710' title='bbox 991 5258 1048 5314; x_wconf 85' lang='lat' dir='ltr'>sive</span> <span class='ocrx_word' id='word_1_711' title='bbox 1058 5259 1197 5329; x_wconf 82' lang='lat' dir='ltr'>praedicta,</span> <span class='ocrx_word' id='word_1_712' title='bbox 1211 5273 1271 5329; x_wconf 77' lang='lat' dir='ltr'>quae</span> <span class='ocrx_word' id='word_1_713' title='bbox 1283 5257 1451 5327; x_wconf 90' lang='lat' dir='ltr'>pertinerent</span> <span class='ocrx_word' id='word_1_714' title='bbox 1464 5254 1497 5310; x_wconf 91' lang='lat' dir='ltr'>ad</span> <span class='ocrx_word' id='word_1_715' title='bbox 1512 5255 1649 5310; x_wconf 83' lang='lat' dir='ltr'>civitatem</span> <span class='ocrx_word' id='word_1_716' title='bbox 1662 5255 1721 5321; x_wconf 85' lang='lat' dir='ltr'>Dei,</span> <span class='ocrx_word' id='word_1_717' title='bbox 1738 5271 1780 5311; x_wconf 89' lang='lat' dir='ltr'>re-</span> 
     </span>
     <span class='ocr_line' id='line_1_57' title="bbox 147 5344 1779 5424; baseline -0.004 -18"><span class='ocrx_word' id='word_1_718' title='bbox 147 5360 260 5408; x_wconf 83' lang='lat' dir='ltr'>sanctus</span> <span class='ocrx_word' id='word_1_719' title='bbox 281 5351 389 5408; x_wconf 88' lang='lat' dir='ltr'>Samuel</span> <span class='ocrx_word' id='word_1_720' title='bbox 414 5354 574 5424; x_wconf 88' lang='lat' dir='ltr'>prophetare</span> <span class='ocrx_word' id='word_1_721' title='bbox 587 5355 678 5424; x_wconf 87' lang='lat' dir='ltr'>coepit,</span> <span class='ocrx_word' id='word_1_722' title='bbox 701 5361 729 5409; x_wconf 90' lang='lat' dir='ltr'>et</span> <span class='ocrx_word' id='word_1_723' title='bbox 743 5353 879 5423; x_wconf 88' lang='lat' dir='ltr'>deinceps,</span> <span class='ocrx_word' id='word_1_724' title='bbox 894 5353 941 5406; x_wconf 91' lang='lat' dir='ltr'>do·</span> <span class='ocrx_word' id='word_1_725' title='bbox 992 5363 1128 5418; x_wconf 83' lang='lat' dir='ltr'>gnumque</span> <span class='ocrx_word' id='word_1_726' title='bbox 1141 5346 1282 5413; x_wconf 88' lang='lat' dir='ltr'>coelorum,</span> <span class='ocrx_word' id='word_1_727' title='bbox 1298 5361 1351 5402; x_wconf 92' lang='lat' dir='ltr'>non</span> <span class='ocrx_word' id='word_1_728' title='bbox 1375 5344 1509 5399; x_wconf 89' lang='lat' dir='ltr'>immerito</span> <span class='ocrx_word' id='word_1_729' title='bbox 1532 5358 1673 5413; x_wconf 88' lang='lat' dir='ltr'>possumus</span> <span class='ocrx_word' id='word_1_730' title='bbox 1687 5345 1779 5416; x_wconf 92' lang='lat' dir='ltr'>appel-</span> 
     </span>
     <span class='ocr_line' id='line_1_58' title="bbox 148 5434 1781 5518; baseline 0 -24"><span class='ocrx_word' id='word_1_731' title='bbox 148 5457 198 5499; x_wconf 85' lang='grc' dir='ltr'>ιιι</span> <span class='ocrx_word' id='word_1_732' title='bbox 213 5445 326 5515; x_wconf 90' lang='lat' dir='ltr'>pupulus</span> <span class='ocrx_word' id='word_1_733' title='bbox 338 5445 419 5501; x_wconf 86' lang='lat' dir='ltr'>lsrael</span> <span class='ocrx_word' id='word_1_734' title='bbox 430 5446 552 5518; x_wconf 78' lang='lat' dir='ltr'>captiuus</span> <span class='ocrx_word' id='word_1_735' title='bbox 563 5449 591 5503; x_wconf 93' lang='lat' dir='ltr'>in</span> <span class='ocrx_word' id='word_1_736' title='bbox 602 5445 775 5518; x_wconf 78' lang='lat' dir='ltr'>Babyloniam</span> <span class='ocrx_word' id='word_1_737' title='bbox 785 5444 939 5505; x_wconf 89' lang='lat' dir='ltr'>duceretur,</span> <span class='ocrx_word' id='word_1_738' title='bbox 993 5440 1048 5494; x_wconf 90' lang='lat' dir='ltr'>lare</span> <span class='ocrx_word' id='word_1_739' title='bbox 1062 5438 1206 5509; x_wconf 90' lang='lat' dir='ltr'>prophetas</span> <span class='ocrx_word' id='word_1_740' title='bbox 1219 5455 1227 5503; x_wconf 89' lang='lat'>;</span> <span class='ocrx_word' id='word_1_741' title='bbox 1241 5436 1391 5506; x_wconf 87' lang='lat' dir='ltr'>praesertim</span> <span class='ocrx_word' id='word_1_742' title='bbox 1404 5434 1467 5505; x_wconf 90' lang='lat' dir='ltr'>quia</span> <span class='ocrx_word' id='word_1_743' title='bbox 1483 5436 1625 5492; x_wconf 90' lang='lat' dir='ltr'>nonnullos</span> <span class='ocrx_word' id='word_1_744' title='bbox 1646 5451 1739 5494; x_wconf 89' lang='lat' dir='ltr'>eorum</span> <span class='ocrx_word' id='word_1_745' title='bbox 1753 5439 1781 5494; x_wconf 90' lang='lat' dir='ltr'>id</span> 
     </span>
    </p>
   </div>
   <div class='ocr_carea' id='block_1_13' title="bbox 151 5567 1786 5716">
    <p class='ocr_par' dir='ltr' id='par_1_15' title="bbox 151 5567 1786 5716">
     <span class='ocr_line' id='line_1_59' title="bbox 185 5567 1786 5648; baseline -0.003 -14"><span class='ocrx_word' id='word_1_746' title='bbox 185 5592 198 5620; x_wconf 65' lang='grc' dir='ltr'>ι</span> <span class='ocrx_word' id='word_1_747' title='bbox 213 5578 340 5636; x_wconf 73' lang='lat' dir='ltr'>Praelatio</span> <span class='ocrx_word' id='word_1_748' title='bbox 355 5583 412 5637; x_wconf 79' lang='lat' dir='ltr'>luae</span> <span class='ocrx_word' id='word_1_749' title='bbox 423 5589 479 5637; x_wconf 89' lang='lat' dir='ltr'>tota</span> <span class='ocrx_word' id='word_1_750' title='bbox 490 5581 630 5648; x_wconf 90' lang='lat' dir='ltr'>desumpta</span> <span class='ocrx_word' id='word_1_751' title='bbox 642 5586 683 5633; x_wconf 91' lang='lat' dir='ltr'>est</span> <span class='ocrx_word' id='word_1_752' title='bbox 695 5594 728 5632; x_wconf 83' lang='lat' dir='ltr'>cs</span> <span class='ocrx_word' id='word_1_753' title='bbox 740 5576 865 5647; x_wconf 89' lang='lat' dir='ltr'>capitulis</span> <span class='ocrx_word' id='word_1_754' title='bbox 881 5575 907 5638; x_wconf 90' lang='lat' dir='ltr'>l,</span> <span class='ocrx_word' id='word_1_755' title='bbox 923 5574 940 5627; x_wconf 72' lang='lat'><em>2</em></span> <span class='ocrx_word' id='word_1_756' title='bbox 993 5571 1119 5642; x_wconf 87' lang='lat' dir='ltr'>deurptis.</span> <span class='ocrx_word' id='word_1_757' title='bbox 1143 5570 1218 5631; x_wconf 87' lang='lat' dir='ltr'>llnnc</span> <span class='ocrx_word' id='word_1_758' title='bbox 1242 5572 1331 5638; x_wconf 90' lang='lat' dir='ltr'>itaque</span> <span class='ocrx_word' id='word_1_759' title='bbox 1353 5567 1538 5638; x_wconf 75' lang='lat' dir='ltr'>praelationum</span> <span class='ocrx_word' id='word_1_760' title='bbox 1564 5583 1625 5626; x_wconf 89' lang='lat' dir='ltr'>curn</span> <span class='ocrx_word' id='word_1_761' title='bbox 1653 5575 1696 5639; x_wconf 86' lang='lat' dir='ltr'>iis,</span> <span class='ocrx_word' id='word_1_762' title='bbox 1720 5591 1786 5647; x_wconf 76' lang='lat' dir='ltr'>qum-</span> 
     </span>
     <span class='ocr_line' id='line_1_60' title="bbox 151 5639 1627 5716; baseline -0.007 -9"><span class='ocrx_word' id='word_1_763' title='bbox 151 5658 180 5716; x_wconf 79' lang='lat' dir='ltr'>el</span> <span class='ocrx_word' id='word_1_764' title='bbox 201 5652 218 5706; x_wconf 68' lang='grc' dir='ltr'><strong>ὅ</strong></span> <span class='ocrx_word' id='word_1_765' title='bbox 241 5651 301 5706; x_wconf 92' lang='lat' dir='ltr'>libri</span> <span class='ocrx_word' id='word_1_766' title='bbox 318 5667 371 5707; x_wconf 83' lang='lat' dir='ltr'>rtru</span> <span class='ocrx_word' id='word_1_767' title='bbox 387 5652 418 5707; x_wconf 85' lang='lat' dir='ltr'>de</span> <span class='ocrx_word' id='word_1_768' title='bbox 444 5651 567 5714; x_wconf 77' lang='lat' dir='ltr'>Ciuitate,</span> <span class='ocrx_word' id='word_1_769' title='bbox 594 5649 746 5713; x_wconf 88' lang='lat' dir='ltr'>norruullis,</span> <span class='ocrx_word' id='word_1_770' title='bbox 774 5646 822 5702; x_wconf 87' lang='lat' dir='ltr'>scd</span> <span class='ocrx_word' id='word_1_771' title='bbox 847 5644 942 5716; x_wconf 83' lang='lat' dir='ltr'>parteis</span> <span class='ocrx_word' id='word_1_772' title='bbox 996 5643 1060 5708; x_wconf 79' lang='lat' dir='ltr'>diri,</span> <span class='ocrx_word' id='word_1_773' title='bbox 1077 5642 1220 5711; x_wconf 86' lang='lat' dir='ltr'>capitibus,</span> <span class='ocrx_word' id='word_1_774' title='bbox 1234 5648 1382 5709; x_wconf 78' lang='lat' dir='ltr'>corriperet,</span> <span class='ocrx_word' id='word_1_775' title='bbox 1398 5640 1521 5706; x_wconf 82' lang='lat' dir='ltr'>obsecro,</span> <span class='ocrx_word' id='word_1_776' title='bbox 1534 5639 1627 5698; x_wconf 74' lang='grc' dir='ltr'>ῑιιιιι.</span> 
     </span>
    </p>
   </div>
   <div class='ocr_carea' id='block_1_14' title="bbox 0 0 1936 6116">
    <p class='ocr_par' dir='ltr' id='par_1_16' title="bbox 0 0 1936 6116">
     <span class='ocr_line' id='line_1_61' title="bbox 0 0 1936 6116; baseline 0 0"><span class='ocrx_word' id='word_1_777' title='bbox 0 0 1936 6116; x_wconf 95' lang='lat' dir='ltr'> </span> 
     </span>
    </p>
   </div>
  </div>
 </body>
</html>
