3832 6120
136 309 172 369 81
675 301 720 359 be
739 299 892 360 tttbltcts
912 296 1262 356 SUPEliSTl'llONlBUS.
1745 293 1788 349 89.

138 426 256 477 testatus
269 425 320 473 est.
337 414 408 485 Quid
427 415 472 470 bic
498 415 580 485 igitur
593 415 635 469 vir
659 414 707 470 liei
729 413 879 469 credendus
893 414 975 471 estd
1021 409 1066 464 tv.
1082 409 1222 464 Alebimus
1245 407 1341 462 Avitus
1353 406 1480 462 Ecclesiae
1503 405 1664 461 Viennensis
1677 405 1781 474 episco·

139 513 224 566 luisse
239 509 373 571 iacturas,
386 506 410 561 si
431 506 543 560 vidisset
565 520 614 559 suo
637 512 757 572 tempore
780 499 934 555 iudaeorum
986 514 1047 568 pus,
1061 514 1142 568 quam
1164 500 1280 555 eximius
1300 498 1395 554 docter
1408 499 1574 555 orthodoxus
1596 505 1624 552 et
1648 496 1782 552 facundus

139 599 290 656 infidelium
302 611 384 653 causa
398 595 528 650 canonica
547 601 647 650 statuta
661 591 795 647 convellit
985 590 1130 654 exstiterit,
1143 605 1211 659 pene
1224 598 1280 643 tota
1296 589 1371 643 novit
1388 589 1509 646 Ecclesia
1530 588 1641 645 Christi.
1661 587 1780 643 Sanctus

120 723 124 733 ·
175 689 219 744 lll.
232 687 289 742 Nec
298 678 935 754 sanctissimusGyprianus,ethomoDeidtba·
984 679 1145 750 Apollinaris
1167 679 1309 749 episeopus
1330 678 1457 734 Ecclesiae
1481 680 1639 745 valentinae,
1663 687 1780 749 quantus

140 781 243 843 nasius,
258 777 364 832 minore
383 775 444 830 illos
455 773 728 830 odioabominantur.
744 769 814 836 Quin
833 768 935 838 potius,
985 768 1065 824 luerit
1079 778 1107 824 et
1126 770 1170 835 sit,
1184 785 1237 824 non
1251 770 1338 825 selum
1359 779 1434 842 gesta
1453 772 1486 826 de
1501 787 1533 826 eo
1556 773 1669 843 scripta,
1687 772 1778 827 sedet

141 872 212 924 sicut
227 882 322 923 eorem
336 867 434 921 litterae
457 871 541 919 testes
555 869 629 927 suut,
654 859 821 915 infidelitatis
839 873 936 914 eorum
985 862 1080 916 crebra
1095 861 1153 929 ejus
1167 860 1296 916 miracula
1314 877 1400 931 usque
1413 863 1493 917 bodie
1507 863 1660 918 sublimiter
1676 870 1778 918 testan-

139 957 383 1014 obstinatissimam
395 954 654 1026 impietatemsupra
671 965 779 1006 onmem
796 949 935 1021 gentilium
987 961 1041 1007 tur.
1055 952 1171 1008 Sanctus
1187 951 1335 1022 Gregorius
1355 953 1510 1022 Lingonieae
1533 953 1662 1008 Ecclesiae
1675 954 1781 1022 episeo-

141 1043 591 1112 exoeemuturerroreerorum
605 1041 836 1111 religiosissimam
855 1038 934 1094 fidem
985 1059 1046 1113 pus,
1061 1051 1170 1113 quantae
1189 1044 1342 1100 sanctitatis
1355 1053 1383 1100 et
1396 1045 1519 1100 veritatis
1532 1044 1623 1110 luerit,
1640 1045 1701 1101 Vita
1722 1045 1781 1115 ejus

139 1148 171 1195 et
182 1138 293 1194 Gbristo
307 1137 424 1192 deditam
439 1135 620 1199 devotionem,
634 1146 729 1188 omnes
752 1129 934 1184 Ecclesiamm
986 1132 1096 1201 scripta,
1119 1140 1147 1187 et
1160 1130 1222 1186 linis
1237 1132 1299 1187 vitae
1312 1140 1394 1203 atque
1407 1133 1494 1189 bonor
1506 1134 1531 1188 ei
1546 1134 1580 1188 ab
1598 1133 1719 1189 Ecclesia
1733 1133 1779 1189 de·

140 1229 340 1285 Gallicanarum
355 1225 568 1282 reverentissimi
581 1225 776 1294 gubernatores
788 1221 883 1283 secuti,
898 1228 936 1274 te·
985 1223 1065 1285 latus,
1080 1223 1258 1291 usquebodie
1275 1232 1357 1279 testes
1371 1232 1444 1278 sunt.
1468 1224 1638 1280 viventiolus
1651 1225 1781 1281 Ecclesiae
1841 1291 1846 1295 ἢ

142 1330 200 1375 tan
213 1318 415 1375 iudeorumca
435 1316 541 1387 integro
557 1314 764 1385 pollutissimam
778 1313 935 1367 societatem
984 1315 1173 1386 Lugdunensis
1192 1316 1345 1385 episeopus,
1363 1315 1441 1386 ctrjus
1460 1318 1590 1373 doetrinae
1613 1317 1704 1383 luerit,
1725 1333 1780 1373 non

142 1407 297 1481 lugiendam
311 1407 419 1477 penitus
443 1404 605 1460 Glrristianis
620 1403 746 1459 omuibus
765 1417 826 1459 esse
839 1415 936 1456 sanxe-
985 1405 1071 1460 mlum
1085 1406 1153 1476 ipsa,
1165 1405 1213 1461 sed
1225 1419 1254 1462 et
1266 1405 1380 1461 aliomm
1397 1409 1431 1462 de
1449 1422 1482 1463 eo
1503 1408 1605 1480 scripta
1630 1416 1777 1465 testantur.

142 1509 226 1556 rent:
249 1512 363 1568 quorum
386 1512 437 1552 nos
451 1498 484 1552 de
502 1497 553 1553 bac
568 1512 598 1551 re
616 1496 765 1551 sententias
782 1510 893 1566 ponere,
908 1502 937 1550 et
986 1494 1019 1549 lli
1032 1510 1096 1565 ergo
1110 1507 1123 1535 ι
1138 1509 1199 1549 eum
1214 1496 1276 1550 aliis
1290 1496 1384 1567 vigiuti
1399 1498 1627 1554 reverentissimis
1643 1501 1779 1572 episeopis

142 1607 176 1646 ex
202 1592 245 1651 bis
269 1605 349 1660 guam
372 1590 409 1644 sit
432 1588 597 1645 exsecrabile
623 1589 743 1658 ipsorum
768 1587 935 1642 consortium
985 1586 1013 1641 iu
1028 1587 1134 1640 nominc
1148 1586 1254 1641 Domini
1268 1586 1421 1658 cougregati
1434 1602 1483 1656 pre
1497 1586 1653 1644 defensioue
1666 1598 1693 1645 et
1705 1597 1778 1645 statu

141 1683 312 1738 decrevimus
325 1697 342 1737 e
356 1682 470 1750 vestigio
485 1680 681 1736 demonstrare.
986 1675 1125 1740 Ecclesiae,
1139 1676 1172 1731 de
1187 1691 1216 1732 re
1239 1676 1363 1748 superius
1387 1685 1537 1732 memorata
1558 1677 1573 1717 b
1597 1677 1669 1732 inter
1682 1687 1779 1734 caetera

816 1789 956 1845 BALUle
974 1788 1091 1844 NOTAE.

140 1901 241 1943 nomen
262 1886 394 1957 principis
416 1885 587 1949 recitaretur,
613 1898 667 1953 quo
688 1882 829 1937 lraudibus
851 1881 938 1935 iretur
951 1884 975 1943 Β
989 1882 1088 1951 regios,
1111 1881 1133 1935 si
1153 1881 1218 1950 quid
1236 1881 1263 1934 in
1279 1881 1329 1936 boc
1350 1889 1497 1951 peccarent
1517 1883 1652 1937 monachi.
1675 1882 1728 1939 Sed
1745 1900 1780 1940 ne

141 1959 262 2022 obviam,
283 1958 521 2027 intelligerentuue
539 1953 631 2024 populi
653 1969 713 2008 eam
737 1967 798 2008 esse
816 1960 937 2006 mentem
988 1966 1076 2021 poeriae
1088 1950 1246 2006 viderentur
1258 1952 1413 2007 constitute
1426 1960 1529 2006 tantum
1542 1953 1671 2008 adversus
1687 1969 1780 2010 neona-

142 2028 280 2093 Ecelesiae,
293 2043 326 2082 es·
339 2028 431 2083 divino
463 2033 579 2106 recepto
592 2033 619 2079 et
632 2022 779 2094 apostolica
793 2021 938 2076 traditione
988 2023 1063 2086 elios,
1079 2023 1145 2076 acsi
1160 2022 1193 2076 de
1208 2021 1241 2075 iis
1254 2021 1319 2076 solis
1335 2022 1453 2091 suspicio
1468 2032 1550 2087 esset,
1565 2021 1669 2078 litteras
1682 2023 1780 2080 deiude

143 2097 363 2160 descendentem,
385 2104 416 2152 ut
434 2095 471 2149 'ii
487 2110 555 2166 rega,
571 2095 617 2166 qui
634 2104 690 2148 turn
711 2092 888 2162 imperitaret,
904 2091 937 2145 lr-
989 2092 1021 2145 ad
1036 2091 1251 2159 uniuscujusque
1274 2092 1420 2147 dioeceseos
1438 2092 1555 2146 vicarios
1577 2092 1718 2163 generales
1732 2095 1779 2150 de·

142 2169 204 2222 dem
225 2183 302 2221 suam
323 2175 447 2221 sanctam
469 2164 654 2233 illibatamque
675 2170 825 2227 servarent,
837 2161 937 2215 vitam-

140 2253 196 2306 que
212 2238 238 2291 ei
254 2236 396 2305 prolixam,
412 2236 554 2304 imperium
565 2249 702 2298 securum,
715 2234 824 2287 domurn
838 2239 935 2296 tutans,

140 2316 170 2360 et
192 2316 291 2361 caetera
314 2320 481 2375 germenque
504 2305 622 2360 bominis
647 2313 675 2358 et
693 2304 764 2374 regis
784 2294 847 2357 noia
862 2312 934 2365 sunt,

140 2384 331 2445 precarentur.
356 2376 449 2444 ltaque
468 2375 494 2427 in
519 2374 600 2429 libro
618 2373 867 2436 Sacramentum,
890 2373 936 2442 qui

138 2445 277 2515 Gregorio
294 2444 392 2514 Magno
411 2443 492 2499 tribui
514 2443 596 2508 solet,
614 2445 714 2500 diserte
732 2442 813 2513 praeci
835 2443 889 2496 itur
907 2451 937 2497 ut

139 2529 242 2570 nomen
259 2514 331 2582 regis
349 2514 539 2583 pronuntietur
557 2513 628 2568 inter
642 2514 789 2584 mysteria:
829 2529 863 2565 nn
877 2528 936 2565 eam

141 2583 244 2654 {amulo
258 2592 304 2636 tao
315 2601 385 2654 papa
396 2592 485 2637 nestro
499 2583 538 2637 ttt.
550 2592 574 2636 et
588 2600 646 2649 repe
659 2593 749 2637 nostra
760 2581 799 2635 ill.
816 2590 840 2634 et
852 2582 936 2636 omati-

140 2655 191 2708 bus
205 2653 357 2707 orthodoxis
369 2663 446 2724 algae
462 2651 597 2707 ratlrolicoe
607 2662 631 2706 et
643 2652 791 2722 apostolice
804 2651 867 2720 pidet
879 2649 936 2704 cnl-

142 2722 253 2777 ton'tus.
273 2723 308 2777 Et
325 2722 443 2794 prolerri
464 2722 572 2792 quidem
593 2730 704 2792 possent
717 2722 792 2775 saria
811 2721 934 2792 everupla

141 2790 222 2860 hujus
238 2792 330 2848 moris.
350 2791 416 2857 Sed,
432 2793 542 2848 eutissis
559 2793 675 2858 caeteris,
692 2793 727 2847 ab
741 2801 821 2846 aetate
841 2801 935 2847 nestra

141 2877 280 2917 sumemus
289 2862 530 2942 exemplumcum
545 2871 609 2918 aute
621 2863 671 2919 bos
683 2863 778 2932 viginti
790 2875 876 2917 annes
886 2863 935 2917 Ga·

988 2163 1038 2224 dit,
1053 2163 1079 2215 io
1092 2162 1191 2232 quibus
1204 2163 1298 2216 cadem
1312 2163 1439 2216 mandata
1454 2161 1669 2217 coritinebantur.
1684 2163 1781 2220 Exstat

988 2241 1077 2286 autem
1091 2232 1203 2300 epistola
1216 2231 1276 2300 ejus
1291 2232 1325 2286 ad
1339 2232 1455 2287 vicarios
1473 2232 1612 2303 generales
1629 2233 1779 2292 dioeeesees

988 2302 1156 2365 limenensis,
1174 2303 1268 2372 inqua
1287 2303 1326 2356 sie
1344 2303 1550 2371 scriptumest:
1578 2322 1587 2353 ι
1604 2303 1634 2357 ln
1650 2306 1780 2361 orationi-

987 2373 1038 2427 bus
1056 2387 1163 2442 quoque
1185 2390 1245 2442 quae
1267 2387 1316 2442 pro
1336 2373 1422 2428 salute
1446 2375 1517 2444 regis
1541 2373 1613 2427 iuter
1634 2376 1778 2430 missarum

987 2443 1117 2497 solemnia
1135 2443 1293 2507 recitantur,
1307 2443 1434 2498 ludovici
1449 2459 1547 2498 nomen
1565 2443 1666 2499 diserte
1678 2455 1705 2498 et
1720 2461 1779 2516 spe-

987 2512 1092 2567 cialiter
1109 2513 1272 2581 exprimant.
1291 2533 1300 2565 ι
1324 2512 1457 2567 Caeterum
1476 2514 1606 2568 adversus
1623 2513 1695 2569 banc
1714 2532 1775 2570 ora-

988 2582 1088 2636 tionem
1109 2582 1226 2646 llaree,
1257 2583 1389 2651 puerilem
1415 2583 1560 2637 admodum
1582 2581 1778 2640 declamatiun-

986 2653 1075 2707 culam
1092 2653 1186 2707 eodem
1210 2667 1280 2707 anno
1294 2652 1448 2706 Tarracone
1472 2652 1556 2706 edidit
1583 2650 1668 2707 irater
1680 2653 1777 2711 Petrus

988 2721 1099 2777 llloliner
1116 2721 1278 2778 'lrirdtarius
1298 2722 1437 2792 magister,
1463 2721 1604 2793 theologiae
1627 2722 1723 2780 doctor
1744 2741 1781 2780 ac

987 2794 1157 2861 vespertinus
1178 2792 1379 2848 cathedraticus
1402 2793 1429 2846 in
1452 2791 1580 2847 ilerdensi
1598 2793 1703 2864 Lycaeo.
1727 2795 1784 2851 liis-

986 2863 1059 2918 cnim
1074 2879 1103 2919 se
1119 2863 1203 2917 titulis
1226 2863 1334 2917 ornavit
1355 2863 1435 2917 bomo
1458 2862 1588 2944 opinione
1612 2878 1660 2919 sua
1681 2865 1780 2923 dectus

143 2931 228 2987 taleni
242 2947 272 2987 se
285 2932 367 3000 gustis
382 2933 468 3002 iisque
483 2933 643 2989 necessariis
657 2933 690 2989 de
707 2932 797 2987 causis
814 2932 841 2985 in
854 2931 935 2988 fidem

142 3017 176 3058 ac
190 3001 343 3057 clientelam
356 3001 485 3057 Ludovici
500 3002 559 3057 lllll
572 3002 738 3057 Francorum
755 3017 785 3056 re
805 3003 828 3056 is
842 3008 935 3056 contu-

141 3071 251 3136 lissent,
279 3070 392 3143 ejusque
415 3087 445 3127 se
471 3073 589 3128 dominio
612 3072 732 3127 volentes
758 3072 783 3125 lu
822 3081 935 3142 ntesgue
986 3074 1103 3144 ignotus.

141 3140 338 3209 subiecisseut3
363 3144 492 3198 manebat
504 3150 596 3198 tamen
609 3143 699 3197 adbuc
712 3142 740 3196 in
754 3142 935 3212 quorumdam
1021 3156 1035 3184 ι
1048 3143 1114 3199 Cum
1127 3143 1186 3198 aliis
1199 3144 1223 3197 ui
1245 3144 1300 3207 ἰιιι,
1316 3143 1343 3197 in
1356 3141 1459 3212 synodo
1472 3141 1598 3198 nimirum
1609 3142 1785 3214 Epaonensi,.

194 3212 298 3269 toribus
316 3213 428 3268 insitum
452 3213 480 3267 ιιι
502 3211 593 3269 Gallos
614 3212 716 3274 odium,
739 3222 768 3268 et
781 3211 888 3268 occulta
904 3213 969 3306 inc
1005 3231 1045 3269 ure
1072 3230 1142 3269 anuo
1156 3213 1207 3267 bil
1225 3161 1316 3267 ffabita
1339 3221 1391 3278 est,
1409 3211 1525 3282 praeside
1548 3212 1628 3269 dsito
1649 3215 1775 3287 episcopo

167 3283 276 3352 ispanus
294 3280 443 3340 inclinatio.
464 3279 567 3336 iiorum
585 3297 650 3353 ergo
668 3281 808 3338 affectibus
820 3281 934 3338 uteban-
985 3230 1143 3340 qiieunensi.
1164 3283 1216 3338 Sed
1231 3283 1275 3337 bic
1285 3281 1443 3353 agobardus
1457 3281 1492 3336 st
1510 3291 1615 3338 tantum
1633 3286 1775 3357 episcopos

141 3358 187 3405 tur
205 3348 314 3422 llispani
334 3351 369 3406 ad
388 3350 551 3407 turbandum
571 3350 716 3407 Gataloniae
742 3360 852 3407 statum.
881 3351 936 3408 Sed
985 3355 1010 3409 ei
1029 3355 1134 3436 synodo
1155 3353 1273 3408 adfuisse
1290 3353 1379 3418 docet,
1396 3366 1458 3407 cum
1478 3360 1568 3408 tamen
1585 3353 1620 3409 25
1636 3356 1774 3426 reperian-

139 3431 321 3545 offlortunam
348 3422 377 3476 in
400 3423 506 3500 primis¹
518 3421 649 3492 valdeque
676 3422 743 3477 utile
766 3423 854 3477 ιιιειιιιι
879 3431 932 3488 est,
985 3433 1030 3480 tur
1042 3441 1071 3479 ιιι
1085 3425 1200 3496 vulgatis
1215 3422 1388 3478 editionibus.
1411 3421 1468 3477 Nisi
1487 3424 1508 3477 si
1525 3439 1668 3479 numerum
1685 3434 1776 3481 roten-

141 3506 158 3543 a
199 3493 217 3545 ti
235 3493 432 3549 monachorum
451 3493 613 3557 virtutibus,
636 3493 670 3548 ad
690 3508 759 3563 quos
779 3502 836 3548 tum
854 3494 880 3548 in
900 3494 935 3549 iis
985 3496 1048 3549 dum
1061 3510 1163 3566 ponere
1175 3493 1279 3549 voluit:
1293 3494 1364 3564 (guod
1379 3493 1459 3548 lacile
1476 3494 1648 3550 crediderim.
1664 3495 1702 3550 lte
1714 3497 1774 3553 loco

140 3560 297 3631 regionibus
315 3562 426 3632 delapsa
454 3569 513 3617 erat
527 3563 615 3619 omnis
630 3561 687 3619 lere
712 3579 777 3618 cura
794 3578 932 3619 sacrarum
983 3579 1066 3634 porro
1091 3565 1137 3620 ubi
1163 3564 1255 3619 habita
1283 3572 1326 3618 est
1351 3562 1469 3635 synodus
1497 3563 1558 3629 illa,
1582 3579 1636 3618 non
1657 3581 1709 3619 rina
1733 3575 1777 3622 est

139 3631 317 3697 concionum
336 3631 408 3702 qtrod
425 3630 452 3687 id
484 3648 551 3687 enus
566 3628 709 3687 bominum
721 3633 866 3702 plurimum
886 3634 934 3688 auss
984 3635 1105 3690 omnium
1123 3635 1268 3700 sententia,
1285 3648 1370 3703 eaque
1385 3632 1469 3687 resin
1485 3633 1622 3689 diversum
1639 3637 1723 3691 traxit
1734 3637 1775 3690 ιιι-

140 3701 275 3755 ctoritatis
295 3702 394 3756 babeat
412 3649 483 3772 apag
498 3702 614 3770 plebem,
629 3703 765 3773 praecipue
782 3718 846 3756 vero
863 3705 933 3773 apud
983 3707 1062 3774 genia
1082 3705 1220 3761 hominum
1243 3705 1419 3758 eruditorum.
1441 3703 1494 3756 Sed
1515 3719 1603 3772 neque
1623 3720 1639 3758 e
1657 3720 1674 3758 o
1694 3706 1775 3761 velim

140 3768 292 3835 Catalanos,
306 3780 413 3842 gentem
421 3772 469 3827 reli
490 3772 661 3828 'esissimam
671 3773 709 3826 Ea
721 3782 880 3841 tempestate
892 3775 934 3828 vir
983 3775 1113 3832 dirimere
1131 3791 1191 3831 eam
1212 3774 1296 3829 litem.
1315 3774 1448 3828 Caeterum
1467 3773 1548 3826 silere
1566 3789 1618 3827 ivon
1632 3719 1717 3829 tiemo
1733 3778 1773 3831 vi·

140 3837 453 3897 illustrissirnusPetrus
484 3840 615 3909 cidanea,
630 3843 676 3912 qui
691 3841 857 3897 Tolosatium
870 3843 932 3898 dein
984 3846 1056 3900 disse
1076 3860 1119 3900 me
1133 3859 1219 3912 nuper
1234 3852 1368 3898 vetustum
1387 3841 1508 3894 codicem
1528 3857 1579 3895 nos.
1599 3843 1775 3911 epistolarum

140 3916 168 3963 et
187 3909 380 3965 parisiensium
402 3912 621 3983 archiepiscopus
642 3913 703 3977 luit,
721 3914 747 3966 in
766 3910 932 3967 cataloniam
983 3914 1067 3978 Aviti,
1081 3923 1109 3969 et
1127 3916 1154 3967 iu
1168 3914 1210 3967 his
1222 3913 1303 3966 etiarn
1318 3926 1378 3965 esse
1393 3909 1534 3978 epistolam
1550 3912 1584 3964 ad
1598 3911 1772 3978 Quintianum

140 3979 243 4034 missus
257 3989 298 4034 est
311 3997 372 4034 crim
386 3983 552 4052 amplissima
567 3990 710 4051 potestate,
725 3990 754 4036 ut
766 3983 933 4050 provinciam
984 3985 1149 4054 episcopum,
1164 3997 1246 4052 quam
1265 3980 1425 4036 Sirmondus
1442 3979 1541 4050 aliique
1558 3990 1619 4051 post
1637 3997 1698 4037 eum
1719 3984 1775 4039 exi-

141 4058 269 4104 recenter
287 4050 321 4104 ad
344 4066 392 4106 nos
411 4067 517 4107 versam
539 4051 681 4122 prudentia
700 4061 727 4107 et
749 4050 882 4121 sapientia
903 4068 935 4107 ae
984 4055 1095 4109 stimant
1122 4069 1184 4109 esse
1212 4053 1369 4107 tractorium
1398 4050 1432 4105 ad
1459 4051 1599 4121 episcopos
1628 4054 1774 4124 provinciae

140 4119 248 4174 cacteris
272 4120 350 4175 bonis
376 4123 496 4185 artibus,
523 4122 621 4191 quibus
646 4120 791 4191 plurimum
817 4120 933 4186 valebat,
985 4124 1145 4180 Viennensis
1170 4130 1199 4178 ut
1226 4122 1260 4177 ad
1284 4122 1417 4193 synodum
1436 4121 1545 4176 veniant
1573 4123 1772 4193 Epaoueusem.

139 4189 198 4260 regi
221 4187 455 4256 christianissimo
479 4201 593 4256 teneret,
616 4193 783 4261 imperioque
801 4191 934 4249 Francien
984 4194 1019 4250 Et
1035 4195 1144 4250 omuino
1160 4193 1276 4264 Epaonis
1295 4209 1392 4247 nomen
1401 4191 1477 4246 deest
1487 4191 1512 4246 in
1521 4207 1554 4246 eo
1561 4194 1665 4260 codice,
1679 4196 1724 4250 ubi
1737 4194 1777 4252 lo·

139 4271 237 4326 parere
254 4261 446 4317 assuefaceret.
462 4262 511 4316 llic
528 4276 593 4333 ergo
605 4277 667 4316 cum
678 4262 856 4317 barcinonem
875 4279 934 4332 per·
984 4280 1032 4321 cus
1054 4265 1087 4320 de
1111 4265 1225 4319 eortcilio
1248 4262 1435 4333 congregando
1462 4263 1502 4316 sie
1522 4263 1603 4319 babet
1619 4283 1626 4317 t
1643 4282 1653 4316 ι
1671 4265 1775 4322 idcireo

140 4329 271 4394 venisset,
286 4332 375 4401 deque
389 4332 432 4386 bis
449 4331 531 4386 rebus
548 4330 643 4387 luisset
660 4332 825 4396 admonitus,
843 4341 933 4388 recto-
983 4346 1095 4389 cunctos
1118 4335 1197 4389 simul
1223 4334 1360 4403 poscimus
1389 4331 1497 4397 lratres,
1528 4341 1558 4386 ut
1580 4332 1636 4389 Deo
1666 4334 1775 4390 latente

986 2942 1013 2986 et
1028 2933 1171 3004 eloquens;
1193 2933 1251 2998 sed,
1274 2940 1403 3004 quantum
1422 2947 1456 2987 ex
1476 2947 1560 3002 ipsius
1581 2931 1776 2991 declamatiun-

139 4412 186 4453 res
206 4401 432 4456 monasteriorum
454 4401 525 4457 illius
546 4402 640 4467 urbis,
664 4418 732 4472 quos
753 4403 934 4471 provinciales
983 4414 1079 4459 octavo
1093 4405 1185 4458 iduum
1203 4403 1400 4473 Septembrium
1418 4401 1462 4455 die
1484 4402 1510 4455 in
1527 4404 1656 4469 parocbia
1668 4404 1773 4526 episce

139 4477 188 4522 aut
204 4472 360 4538 superiores
374 4480 482 4536 vocant.
495 4473 524 4526 in
539 4487 603 4526 suas
620 4472 690 4527 ¹aedes
703 4473 827 4527 evocarit
843 4474 934 4529 idibus
982 4482 1061 4545 patus
1074 4475 1156 4527 vestri
1179 4474 1283 4527 medius
1295 4480 1376 4540 :rtqrre
1388 4480 1555 4540 opportunus
1578 4471 1652 4527 locus
1671 4482 1775 4529 eectus

137 4535 203 4594 tutti
223 4540 288 4593 muni
307 4540 373 4595 test
393 4541 540 4610 habitaque
562 4543 597 4596 ad
617 4541 677 4597 illos
691 4542 788 4596 Latina
809 4544 933 4598 oratione
984 4553 1036 4610 est,
1055 4545 1126 4600 sicut
1139 4553 1167 4597 et
1185 4551 1300 4611 tempus,
1317 4551 1368 4595 ete.
1388 4563 1396 4591 ι
1415 4541 1454 4593 En
1471 4555 1524 4608 quo
1537 4541 1604 4603 loco,
1619 4540 1682 4597 licet
1695 4542 1790 4598 valde'

137 4606 174 4661 de
188 4610 294 4664 meritis
306 4610 435 4666 Ludovici
449 4610 508 4667 lllll
524 4613 595 4682 regis
610 4613 722 4683 ejusque
736 4612 783 4667 lilii
803 4628 874 4668 rrune
888 4629 933 4668 ve·
945 4587 971 4646 D
983 4630 1061 4670 corru
1084 4623 1125 4677 to,
1146 4612 1234 4683 colligi
1251 4610 1367 4665 sortasse
1386 4610 1486 4679 poterit
1505 4610 1583 4664 sedes
1600 4611 1726 4681 Epaouis,
1743 4624 1772 4668 ut

175 4679 248 4732 mitis
265 4679 292 4734 iu
305 4679 482 4746 Gatalouiam,
502 4681 589 4751 deque
606 4681 659 4736 lide
678 4698 737 4751 quae
751 4683 869 4752 principi
882 4684 930 4738 de·
984 4700 1043 4752 orum
1056 4631 1138 4739 tenerit
1155 4683 1181 4737 in
1196 4681 1313 4736 cousinio
1326 4680 1517 4734 noorrullamm
1530 4679 1682 4737 dioeceseon
1696 4685 1771 4755 regni

175 4755 228 4813 tur,
246 4764 299 4804 aen
317 4751 403 4807 mlum
421 4760 533 4821 propter
551 4753 636 4816 iram,
660 4753 706 4806 sed
723 4754 805 4808 etiam
821 4761 933 4823 propter
983 4754 1214 4826 burgundionum,
1229 4766 1290 4806 cum
1304 4750 1400 4804 divitus
1415 4751 1486 4805 dieat
1500 4749 1619 4806 medium
1637 4767 1698 4808 esse
1716 4754 1772 4823 epi-

136 4819 346 4885 eoascientiam,
364 4829 394 4875 ut
413 4822 452 4876 ait
468 4822 623 4892 Apostolus,
645 4830 762 4892 quattuor
781 4823 822 4877 eis
842 4825 931 4893 capita
983 4836 1108 4894 scopatus
1120 4823 1256 4891 Quintiani
1267 4840 1273 4875 τ
1286 4837 1366 4890 quern
1379 4819 1565 4890 Quintianum,
1578 4829 1609 4876 ut
1621 4822 1674 4879 boe
1685 4823 1773 4879 obiter

986 3003 1047 3058 cula
1067 3003 1158 3074 colligi
1179 3011 1279 3074 potest,
1304 3003 1386 3057 blesis
1408 3016 1461 3056 non
1483 3011 1538 3056 tarn
1559 3002 1672 3069 invisus,
1693 3020 1779 3074 quarn
1855 3029 1865 3049 ·

136 4889 280 4958 proposuit
306 4889 341 4944 ab
364 4892 498 4946 universis
519 4907 568 4961 per
590 4893 757 4961 provinciam
789 4894 932 4949 monacbis

136 4957 316 5025 observanda,
328 4974 443 5029 quorum
458 4978 542 5016 unum
555 4962 604 5016 luit
617 4961 689 5015 itud
702 4980 709 5015 :
722 4961 844 5018 Tertium
859 4964 931 5033 quod

137 5028 242 5083 avulsis
254 5030 344 5100 elige,
358 5031 423 5085 titud
434 5042 488 5097 est,
500 5039 529 5085 ut
543 5031 616 5087 iuter
630 5032 771 5086 missarum
786 5032 928 5095 solemnia,

133 5096 213 5166 justa
239 5099 294 5155 divi
320 5098 397 5156 Pauli
420 5107 600 5171 praeceptum,
624 5103 795 5171 antiquorum
817 5103 928 5157 Patrem

137 5166 312 5225 traditionem
323 5169 380 5240 iam
393 5171 496 5242 abipso
507 5171 673 5227 Tertulliano
688 5179 825 5238 testatam,
835 5173 931 5242 ipsius-

138 5236 321 5319 qneullissalls
334 5239 451 5296 Romani
471 5251 643 5306 contextum,
665 5243 735 5314 regis
753 5241 929 5298 Christianis·

136 5320 200 5361 mma
217 5309 345 5379 specialis
362 5319 391 5366 et
406 5326 534 5383 expressa
549 5313 584 5367 ab
599 5312 724 5367 omnibus
743 5314 930 5368 sacerdotibus

137 5375 186 5429 liat
198 5381 437 5460 commemoratm3
460 5382 498 5437 ita
513 5391 609 5437 utnon
628 5389 730 5437 tantum
744 5384 815 5453 regis
828 5384 929 5440 urentia

138 5448 302 5515 generaliter
322 5450 469 5521 injiciatur,
493 5453 540 5508 sed
557 5450 687 5507 Ludovici
709 5469 807 5507 nomen
827 5453 929 5508 diserte

138 5517 322 5600 exprimatur,
347 5522 572 5592 quemadmodum
600 5523 684 5594 exigit
708 5539 775 5577 usus
801 5522 929 5578 Ecclesiae

138 5586 332 5657 decumanum
359 5608 394 5648 ue
409 5598 411 5607 ⁴
426 5592 528 5662 alioqui
558 5594 675 5660 suspicio
703 5592 764 5647 inde
791 5601 927 5657 nascatur,

136 5655 319 5715 dictamno
336 5663 405 5744 geri,
423 5663 495 5717 aliud
508 5661 597 5716 verbis
612 5663 741 5716 simulari.
761 5683 769 5715 ι
789 5662 930 5718 Postremo

138 5726 200 5784 neo
220 5726 359 5788 adtneuurt
373 5748 425 5790 nou
441 5732 580 5789 detineres
596 5732 683 5788 edicio
697 5748 746 5788 suo
756 5734 931 5805 tvvagistratus

983 4896 1081 4960 dicam,
1094 4896 1129 4950 ab
1143 4893 1267 4964 episeopo
1277 4890 1462 4945 Arvernorum
1479 4906 1539 4946 esse
1560 4892 1707 4950 diversum.
1726 4909 1772 4948 ca·

984 4965 1160 5035 thedramque
1179 4963 1296 5032 aliquam
1317 4961 1395 5016 nobis
1416 4961 1535 5032 ignotam
1552 4964 1671 5018 tenuisse
1689 4963 1716 5016 in
1733 4978 1773 5019 re-

983 5050 1036 5104 gno
1055 5034 1235 5105 Burgundieo,
1257 5041 1338 5103 atque
1359 5031 1465 5087 lertean
1489 5032 1516 5085 in
1536 5032 1673 5101 provincia
1690 5032 1771 5089 Vien-

982 5105 1069 5168 nensi,
1082 5105 1161 5175 plane
1176 5117 1332 5174 persuasum
1345 5102 1441 5156 habeo.

1017 5174 1032 5213 ¹³
1048 5174 1120 5228 luter
1131 5185 1224 5229 cetera
1238 5182 1396 5227 statuerent.
1416 5170 1462 5226 Sic
1474 5171 1556 5225 etiam
1568 5169 1716 5227 Rhabanus
1743 5173 1772 5230 in

983 5260 1042 5314 rap.
1056 5243 1091 5298 55
1112 5244 1173 5298 libri
1192 5244 1322 5299 adversus
1335 5241 1451 5297 iudaeos.
1471 5240 1556 5305 Quem
1572 5238 1680 5306 libmm‚
1697 5251 1727 5297 ut
1743 5243 1772 5298 in

983 5315 1034 5369 boe
1045 5329 1167 5383 promam
1179 5328 1267 5368 meam
1283 5313 1456 5373 sententiam,
1471 5323 1503 5363 ex
1517 5309 1568 5364 liae
1582 5311 1770 5383 episcoporum

983 5384 1096 5454 epistola
1110 5384 1255 5439 delibatum
1273 5397 1334 5438 esse
1347 5381 1412 5435 satis
1426 5387 1543 5434 constat.
1557 5379 1624 5435 Nam
1638 5396 1698 5437 erim
1712 5383 1769 5447 illa,

983 5455 1021 5509 uti
1041 5469 1121 5523 supra
1142 5453 1269 5517 diximus,
1290 5468 1305 5505 e
1323 5449 1426 5521 synodo
1443 5449 1571 5520 qriupiam
1588 5451 1670 5506 missa
1686 5461 1770 5518 esset,

982 5525 1103 5594 adeoque
1125 5523 1238 5593 pubicae
1264 5519 1433 5575 arretoritatis
1457 5522 1540 5576 robur
1565 5521 1697 5587 baberet,
1722 5538 1771 5595 per

982 5611 1079 5650 arianus
1103 5593 1241 5649 bominem
1265 5590 1378 5644 volitare
1406 5591 1512 5656 debuit,
1535 5601 1566 5647 ut
1590 5592 1777 5663 intelligerent

982 5681 1077 5721 omnes
1095 5679 1219 5733 erumnam
1238 5668 1310 5714 esset
1331 5659 1358 5714 in
1378 5661 1430 5717 boe
1452 5663 1638 5734 episcoporum
1665 5669 1769 5716 tractus

983 5734 1169 5807 lugdumensis
1184 5730 1326 5788 sententia.
1349 5728 1424 5790 Unde
1440 5747 1502 5791 cum
1516 5741 1610 5806 postea
1628 5733 1654 5787 iu
1672 5743 1766 5786 mana·
1813 5760 1824 5763 -
