3832 6120
133 275 184 335 dil
535 266 570 323 iri
589 264 680 324 OPUS
698 267 925 335 suessonicis
945 265 1140 323 innituntur
1160 261 1354 323 ubertate.
1710 264 1765 320 ΜΞ

132 405 195 448 eam
210 385 266 456 jam
280 383 379 438 dudum
392 381 643 437 obtinuitClaudius
661 384 730 453 apud
743 383 816 438 viros
832 382 921 437 erudi·
936 387 959 445 ,t
973 390 1060 452 gasat.
1090 380 1166 447 Quod
1191 395 1244 434 non
1258 376 1411 434 dissimulat
1432 375 1559 459 Claudius
1574 379 1646 449 ipse;
1665 381 1709 452 qui
1731 397 1765 454 pc

133 471 177 517 tos
189 454 428 518 existimationem,
442 461 473 506 ut
482 453 636 522 quicunque
648 457 747 522 repertl
760 463 824 507 sunt
840 451 874 507 ab
888 466 921 507 eo
974 452 1020 520 qui
1036 449 1161 505 lateturb
1185 449 1331 520 propositis
1354 462 1369 501 a
1383 446 1542 529 Theutmrro
1570 398 1765 533 quaestionissus

132 525 284 588 elucubrati
297 524 370 588 libri,
392 523 560 577 acatholicis
574 524 657 577 etiam
679 524 744 576 viris
756 523 831 586 editi,
842 530 923 592 atque
977 539 986 572 ι
1002 535 1055 576 nou
1066 536 1099 576 eii
1112 536 1161 576 suo
1172 520 1288 591 ingenio,
1302 517 1350 573 sed
1364 532 1396 571 ex
1414 516 1558 598 illustrium
1570 521 1711 576 doctomm
1721 537 1766 594 Ju-

132 601 200 656 adeo
215 597 241 650 in
266 594 389 664 llagnam
411 592 512 665 (mam
533 594 651 662 vocant)
668 600 790 648 veterum
812 594 921 647 Patmm
973 591 1055 655 dicio,
1079 605 1211 660 nequeex
1225 589 1335 670 propria
1349 595 1523 655 temeritate,
1541 589 1589 646 sed
1605 603 1637 644 er
1649 592 1765 648 aliorum

133 667 328 726 bibliothecam
341 663 408 718 illati
418 663 473 717 sint
488 676 512 716 ·.
526 663 614 733 htqne
628 663 726 718 borum
736 662 844 731 quidem
855 678 924 733 prm·
974 661 1135 716 auctoritate
1149 659 1313 714 satisfecisse
1328 678 1337 711 s
1357 675 1364 711 τ
1390 655 1650 730 profiteturquoque
1665 673 1676 701 s
1695 678 1763 717 noii-

132 736 361 796 stantissimorum
376 735 495 787 virorum
509 731 633 802 exemplo
645 739 783 802 permotus
807 748 877 796 sum,
893 738 923 786 ut
972 730 1062 784 nullas
1079 749 1087 780 ι
1107 743 1247 784 remancre
1260 727 1443 792 indiscussas,
1462 729 1525 797 quia
1539 743 1589 784 uec
1609 731 1635 784 in
1646 733 1765 802 antiquis

133 807 253 865 nondum
264 803 461 858 editasClaudii
471 804 498 857 in
508 802 701 870 llegumlibros
708 802 879 872 questiones,
891 817 923 857 ac
975 799 1196 855 translationibus
1211 797 1312 866 aliquid
1328 798 1425 852 exinde
1440 798 1599 879 translatum
1613 813 1763 872 repererat,

133 876 327 947 responsiones
341 873 367 927 in
383 873 470 927 lucem
482 872 643 927 emitterem.
668 871 723 926 llas
746 874 867 928 continet
881 888 923 926 co
975 885 1025 926 nec
1038 871 1064 925 in
1080 869 1213 938 majorum
1226 875 1380 922 nostrorum
1391 867 1528 936 opusculis
1541 869 1642 939 aliquid
1659 875 1766 941 exposi-

132 948 197 1012 ἀει,
210 957 351 1027 quoscum
363 942 424 996 aliis
437 942 561 1012 plurimis
573 941 702 996 aelariss.
714 941 844 996 Zacharia
858 957 925 996 enu·
976 945 1032 994 tum
1043 940 1145 1010 legerat
1158 959 1166 990 i
1178 958 1184 992 :
1195 947 1251 992 tum
1263 936 1449 1019 baecsubjicit:
1461 955 1470 987 ι
1480 939 1578 1019 etheo
1587 955 1630 994 me
1641 941 1766 1021 ignorare

133 1011 594 1082 meraiis‚descriptisque,possidet
607 1011 923 1075 Pismiiensisheetesia;
974 1008 1074 1074 lateor,
1114 1010 1158 1064 uia
1173 1022 1223 1063 iiec
1239 1006 1340 1075 aliquid
1357 1009 1454 1060 exinde
1468 1007 1565 1088 legisse
1592 1012 1763 1087 reminiscor.

133 1086 182 1144 sed
200 1085 234 1140 ob
249 1083 421 1139 amanuensis
435 1083 490 1136 sive
503 1081 638 1136 inscitiam
653 1082 709 1136 sive
721 1082 923 1153 negligentiam,
975 1079 1010 1134 Et
1020 1080 1080 1136 idco
1092 1026 1124 1134 ge
1133 1080 1168 1132 im
1206 1077 1269 1159 ritia
1287 1091 1340 1130 noir
1356 1077 1486 1157 erubesco
1500 1091 1563 1157 quia
1579 1076 1695 1161 lectione
1712 1094 1764 1133 non

134 1168 190 1212 tam
201 1151 394 1222 frequentibus,
407 1160 461 1205 tam
473 1151 596 1220 turpibus
614 1159 720 1207 scatens
734 1152 881 1216 erroribus,
897 1161 927 1206 ut
976 1149 1085 1214 doceor,
1099 1164 1151 1203 ncc
1181 1145 1329 1217 epericulo
1344 1145 1539 1215 lormido,quia
1551 1161 1610 1214 quac
1622 1163 1674 1202 non
1689 1149 1767 1202 mtcl-

133 1220 400 1292 iuitioputarimlleri
412 1221 521 1275 omnino
533 1236 586 1275 non
598 1223 925 1291 posse,utcommentaria
976 1219 1040 1290 ligo,
1054 1220 1151 1275 docere
1163 1233 1215 1274 non
1230 1230 1373 1300 praesumo..
1389 1236 1398 1269 s
1426 1215 1513 1296 Quam
1531 1218 1638 1285 quidem
1654 1233 1768 1300 consue-

133 1292 543 1361 becemeiioarcniur,eamque
557 1291 592 1345 oli
606 1306 817 1363 causamparum
829 1291 924 1357 abluit,
978 1290 1096 1345 tudinem
1111 1303 1172 1343 cum
1196 1288 1241 1342 alii
1260 1286 1337 1340 multi
1350 1301 1384 1340 iis
1400 1287 1567 1355 temporibus
1587 1297 1766 1354 servaverint,

133 1361 373 1431 nesusceptumde
383 1362 418 1415 iis
429 1361 540 1416 edendis
550 1361 692 1416 consilium
701 1377 813 1443 prorsus
821 1361 926 1432 abjece-
976 1367 1034 1413 tum
1046 1359 1164 1413 maxime
1189 1354 1463 1412 servavitClaudius:
1481 1357 1572 1437 ‚necin
1592 1356 1634 1411 bis
1649 1367 1764 1440 tantum,

133 1435 188 1489 rim
204 1451 209 1485 :
225 1433 286 1502 quis
297 1433 370 1485 enim
384 1446 415 1484 ea
430 1431 504 1494 edat,
518 1445 578 1499 quse
591 1433 795 1502 cormptissima
808 1447 868 1486 esse
879 1447 927 1486 no-
977 1443 1037 1498 que
1049 1444 1121 1483 nuuc
1130 1427 1298 1498 evulgamus,
1311 1434 1523 1487 commentariis,
1538 1441 1630 1480 verum
1643 1435 1726 1482 etiam
1738 1445 1767 1483 in

133 1502 192 1558 vit?
220 1501 272 1556 Sed
288 1516 350 1556 cum
361 1514 393 1554 ex
409 1501 488 1570 stylo,
515 1515 596 1569 qiiem
608 1500 687 1556 facile
698 1503 812 1573 quisquc
830 1501 856 1556 di
876 1517 925 1556 no·
977 1499 1022 1565 iis,
1036 1514 1097 1568 qum
1110 1499 1136 1551 in
1148 1495 1277 1567 epistolas
1287 1495 1364 1550 Pauli
1378 1495 1550 1565 conseripsit,
1563 1497 1700 1576 ediditque
1713 1497 1754 1581 ἃ..

134 1580 204 1637 suet,
244 1571 347 1625 uaedam
364 1585 398 1625 ex
407 1571 568 1641 Augustino,
583 1572 706 1639 quadani
723 1586 789 1627 vero
803 1587 835 1626 eri
856 1519 925 1627 gre·
1013 1567 1069 1623 lloc
1081 1569 1172 1637 itaque
1183 1566 1352 1647 commodum
1373 1580 1407 1620 ex
1418 1580 1449 1620 ea
1460 1574 1662 1648 comparatione
1675 1567 1769 1624 rotuli·

169 1642 211 1698 rio
223 1588 316 1710 lingbu
329 1641 497 1710 deprompta,
515 1641 578 1694 etin
591 1641 694 1695 Claudii
721 1642 871 1697 solutiones
884 1641 927 1696 iri-
978 1651 1049 1702 mue,
1068 1646 1107 1702 ut,
1122 1639 1145 1692 si
1156 1653 1240 1721 pauca
1253 1650 1383 1717 excipias,
1399 1651 1459 1705 qima
1472 1650 1532 1716 cuin
1551 1652 1578 1690 in
1589 1635 1677 1718 ,editis
1688 1653 1769 1707 supe·

154 1721 216 1768 ueta
236 1726 295 1766 esse
307 1712 509 1778 comperissem,
532 1710 558 1763 in
573 1709 822 1767 borumdoctorum
837 1712 964 1799 operi-13
979 1707 1081 1762 riomm
1110 1716 1271 1778 scriptomm
1298 1706 1375 1760 libris
1397 1721 1451 1760 non
1476 1719 1676 1787 invenerimus,
1703 1723 1766 1791 cum

136 1781 229 1838 liusea
241 1780 398 1851 perquisivi,
422 1795 507 1849 eaque
520 1779 629 1833 inventa
643 1795 704 1834 cnm
724 1781 817 1837 codice
832 1789 925 1837 nostro
978 1778 1125 1848 exeniplari
1152 1787 1246 1832 nostro
1272 1773 1396 1831 conlerre
1408 1790 1469 1857 ¹non
1486 1784 1633 1844 potuimus,
1661 1775 1766 1859 Claudii

135 1852 252 1914 wutuli;
267 1859 358 1919 atque,
367 1866 400 1903 ex
414 1850 465 1905 hae
475 1850 583 1919 quidem
590 1849 827 1922 collatione,plura
834 1866 926 1906 emcn—
976 1849 1075 1919 scripta
1093 1863 1146 1902 non
1157 1847 1327 1902 inemendata
1338 1845 1487 1915 prodirent.
1515 1844 1673 1916 Quanquam
1688 1855 1768 1902 etiam

135 1921 207 1976 dari.
228 1921 386 1991 Suspicatus
405 1928 506 1985 autem,
522 1920 594 1989 quod
608 1921 642 1985 is,
660 1921 706 1991 qui
720 1930 775 1976 tam
789 1920 873 1976 multa
891 1936 924 1976 ex
977 1917 1034 1973 lnce
1044 1918 1103 1987 ipsa
1116 1915 1282 1987 comparatio
1304 1915 1375 1969 aliud
1389 1914 1600 1998 eriiolumentum
1613 1916 1724 1972 attulit:
1741 1920 1768 1973 in

136 1989 299 2062 Augustino,
313 1990 479 2059 etGi·cgorio
490 1991 518 2045 in
532 2004 588 2042 reni
601 2005 677 2044 suam
690 1992 849 2056 deduxerat,
857 1991 925 2046 alios
976 1988 1027 2044 hoc
1038 1989 1111 2043 sirim
1126 1988 1193 2058 ipso,
1218 1987 1289 2056 quod
1306 1985 1468 2067 plerumque
1478 1995 1605 2041 vitiosum
1629 1987 1769 2071 exemplar·

135 2074 243 2131 quoquc
258 2060 336 2115 lacilc
346 2061 539 2124 consuluisset,
568 2073 601 2112 cx
615 2075 730 2129 quorum
744 2063 841 2118 studiis
852 2077 926 2117 coni-
975 2057 1042 2121 disi,
1062 2058 1165 2128 aliquid
1174 2057 1478 2138 praestaiitisninterdum
1489 2063 1590 2120 exstat,
1604 2071 1657 2125 quo
1672 2058 1766 2127 perlici

136 2132 268 2186 niceteria
285 2147 331 2184 sim
348 2137 546 2194 accrescerent,
558 2129 626 2184 alios
638 2129 749 2187 Claudio
760 2141 837 2187 sctatc
847 2147 927 2202 supe·
975 2128 1081 2198 possint
1091 2127 1147 2197 jairi
1159 2127 1232 2183 edita
1242 2127 1349 2192 isidori,
1361 2134 1389 2180 et
1401 2125 1479 2181 Bcdae
1489 2125 1557 2191 loca,
1571 2142 1631 2196 quse
1641 2127 1769 2210 Claudius

137 2202 223 2256 riores
238 2202 303 2266 adii,
319 2210 347 2254 et
357 2200 502 2262 mairilesto
516 2200 635 2267 comperi
650 2200 691 2270 (ιιι
703 2215 734 2254 ea
747 2203 849 2256 interca
860 2217 927 2272 prm·
976 2197 1084 2268 allegat.
1114 2198 1245 2268 Suspicor
1254 2197 1379 2267 equidem
1398 2212 1452 2251 non
1465 2197 1620 2263 delaturos,
1636 2213 1682 2267 qui
1697 2197 1771 2254 labo-

137 2279 250 2334 beream,
266 2287 326 2340 qua·
337 2271 370 2323 dc
385 2269 520 2324 Eucherio
533 2269 627 2322 deince
647 2270 784 2340 edicam),
803 2286 834 2325 eii
844 2271 925 2334 Beda,
977 2282 1034 2322 rem
1049 2266 1120 2323 bunc
1134 2283 1222 2322 mcum
1235 2267 1465 2331 condemnabunt,
1488 2266 1705 2337 quandoquidem
1725 2284 1770 2333 ea,

137 2348 219 2411 atque
235 2340 349 2403 lsidoro,
377 2349 458 2408 atque
472 2339 539 2393 adeo
549 2352 582 2391 cx
594 2285 707 2392 baisam
725 2342 808 2408 ipsius
823 2340 928 2394 Claudii
978 2350 1038 2406 qun
1052 2353 1062 2386 ι
1078 2338 1229 2407 copiosiora
1242 2337 1308 2402 diiii,
1320 2347 1401 2406 atque
1412 2336 1561 2392 edusiorai
1576 2335 1681 2392 Claudii
1697 2353 1771 2393 eoni-

136 2411 233 2480 aquali
249 2411 363 2477 plurima
389 2424 450 2462 eum
462 2409 677 2477 deprompsisse,
704 2409 744 2463 sic
758 2416 786 2462 ut
801 2425 834 2463 ex
854 2409 928 2463 bisce
979 2407 1122 2470 nectaria,
1147 2422 1179 2461 ea
1193 2408 1250 2476 ipsa
1264 2406 1365 2470 dicent,
1389 2421 1449 2477 quae
1469 2407 1615 2477 preposito
1635 2406 1770 2488 ‘Eucherii

137 2479 294 2535 doctoribus
304 2486 491 2548 coagmentata
506 2477 560 2531 sint
577 2481 644 2542 liaeo,
665 2493 725 2545 quae
735 2479 841 2534 edimus
855 2492 929 2533 com·
979 2474 1089 2530 nominc
1102 2475 1207 2546 pridem
1220 2476 1343 2547 evulgata
1357 2484 1429 2530 sunt.
1452 2474 1506 2531 Sed
1527 2491 1616 2546 neque
1635 2478 1771 2546 ipsissima

139 2549 282 2604 arrectaria.
318 2547 497 2616 Quanquam,
525 2548 595 2616 quod
617 2548 651 2600 ad
666 2547 808 2603 Rabanum
821 2549 928 2613 attinet,
979 2544 1054 2598 omui
1069 2556 1101 2598 ex
1115 2553 1194 2615 parte
1210 2554 1273 2600 suut
1286 2546 1454 2615 (discrimina
1468 2547 1540 2599 enini
1558 2547 1687 2600 nonnulla
1700 2562 1772 2618 scope

139 2619 211 2674 liaud
228 2626 328 2671 temere
343 2619 512 2686 suspicamur
529 2632 632 2686 eaquae
650 2633 683 2672 ex
700 2617 812 2674 Rabano
829 2618 928 2687 allega·
980 2617 1138 2687 occurrunt)
1155 2633 1162 2668 :
1190 2623 1217 2670 ct
1239 2615 1346 2670 etiamsi
1370 2615 1504 2685 ipsissima
1518 2630 1580 2671 csse
1591 2616 1667 2681 velis,
1678 2632 1712 2672 ex
1733 2618 1772 2672 la·

138 2703 210 2749 iiius,
233 2703 266 2739 ex
294 2688 440 2742 vetustiore
468 2697 587 2749 auctore,
604 2686 823 2751 tanialiabano
848 2703 929 2758 quam
980 2683 1671 2754 boreuostroemolumentumnonlercasscqueris;
1686 2702 1773 2756 quan·

137 2770 154 2809 a
167 2755 279 2810 Claudio
292 2756 531 2826 luisscdcsumpta.
549 2756 634 2811 Porro
644 2771 686 2820 ca,
698 2772 758 2826 qum
773 2773 845 2813 nune
856 2757 930 2812 evul-
981 2752 1125 2824 doquidem
1139 2755 1282 2811 manifesto
1294 2769 1328 2810 cx
1340 2771 1371 2813 ea
1383 2771 1413 2811 re
1423 2756 1573 2826 comperies
1581 2756 1685 2812 Claudii
1699 2773 1771 2822 esse,

137 2841 233 2896 gamus
248 2826 353 2880 Claudii
378 2828 582 2890 conmieiitaria,
608 2842 660 2881 iioii
681 2827 802 2895 ejusdem
823 2828 930 2899 generis
981 2837 1041 2892 quac
1059 2824 1193 2880 Eucherio
1207 2825 1306 2880 tributa
1319 2825 1376 2895 jam
1393 2835 1465 2889 sunt,
1495 2825 1699 2884 ctiortasseah
1719 2828 1772 2884 alio

138 2904 202 2950 sunt
217 2913 223 2948 z
240 2897 286 2949 sed
302 2896 352 2949 alia
365 2897 487 2966 quaedam
499 2898 662 2966 copiosiora,
676 2913 708 2953 ac
718 2897 820 2967 fusiora
834 2904 930 2969 (atque
981 2891 1060 2963 louge
1076 2897 1235 2962 posteriore,
1262 2895 1308 2965 qui
1329 2895 1432 2951 Claudii
1448 2896 1556 2952 labores
1573 2896 1626 2953 sibi
1647 2899 1773 2970 proprios

139 2966 197 3020 baec
208 2966 326 3035 primum
343 2966 500 3037 occurrunt)
511 2967 634 3022 breviora
650 2968 712 3032 alia,
726 2976 930 3038 quaepostrcmo
980 2960 1097 3029 lecerit,
1113 2965 1197 3021 luisse
1219 2966 1347 3036 deinceps
1373 2982 1423 3037 pro
1442 2967 1482 3022 rio
1505 2969 1613 3023 nomine
1636 2969 1770 3041 evulgata.

140 3035 199 3089 loco
211 3043 273 3089 sunt
287 3036 375 3106 posita
390 3053 396 3099 ;
411 3051 444 3090 ac
463 3039 552 3105 priora
568 3037 612 3091 illa
622 3037 731 3107 quidem
746 3039 841 3094 alienis
854 3039 929 3093 labo
982 3032 1052 3100 Quid
1075 3037 1146 3104 quod
1165 3037 1350 3108 cuiuscunque
1373 2983 1481 3092 taudem
1504 3054 1536 3093 ea
1563 3041 1619 3093 siut
1636 3055 1774 3096 cemmen-

140 3105 215 3160 rihus
232 3106 371 3160 diluerunt
385 3106 489 3176 magis:
503 3108 706 3176 atquamvisin
722 3109 927 3177 posterioribus,
944 3088 966 3150 C
984 3104 1063 3168 tario,
1086 3120 1147 3160 cum
1161 3107 1393 3172 emendatissima,
1419 3115 1447 3161 et
1467 3107 1669 3178 praelationibus
1695 3108 1773 3165 Clau-

140 3174 255 3244 ideoque
274 3176 301 3229 iii
314 3176 484 3231 brevioribus
495 3177 580 3232 multo
594 3177 702 3247 parcius
712 3178 799 3234 aliena
812 3179 929 3233 verbain
983 3173 1032 3239 dii,
1045 3175 1264 3232 adnotationibus
1272 3191 1378 3246 quoque
1391 3193 1443 3231 non
1462 3179 1555 3248 paneis
1566 3188 1661 3235 oruata
1681 3179 1772 3252 prole·

141 3259 198 3298 reni
214 3261 290 3299 suam
304 3246 429 3308 deducat,
454 3262 508 3301 non
524 3249 613 3302 renuit
629 3256 716 3301 taiueri
734 3248 869 3303 interdum
882 3263 930 3303 eos
982 3258 1052 3311 ram,
1073 3260 1109 3300 an
1124 3246 1151 3301 id
1170 3248 1288 3302 humano
1303 3247 1399 3304 lectori
1411 3259 1518 3317 gratum
1540 3263 1595 3304 non
1616 3251 1680 3315 erit,
1695 3266 1772 3306 acce·

141 3314 214 3384 ipsos
229 3316 359 3382 excitare,
375 3331 443 3385 quos
458 3316 485 3369 in
499 3317 637 3387 prioribus
649 3319 851 3374 commentariis
865 3319 931 3374 alle-
982 3316 1131 3385 ptumque‘l
1157 3316 1231 3372 Vale.

140 3448 174 3503 dc
192 3446 251 3503 Scri
269 3450 368 3504 toribiis
384 3449 585 3506 Ecclesiasticis.
613 3450 684 3506 Cave
700 3451 732 3506 ad
745 3451 870 3506 eumdem
883 3469 931 3507 anu
1020 3451 1033 3491 b
1050 3449 1079 3504 lu
1092 3450 1250 3520 prelatione
1264 3454 1290 3508 in
1301 3455 1387 3525 prima
1403 3457 1607 3513 commentaria.

140 3534 220 3584 nuum
235 3467 378 3575 idestffid.
398 3520 518 3577 Oudinus
529 3522 631 3591 pariter
641 3522 803 3576 adeumdeui
817 3537 925 3578 annum.
1018 3531 1030 3560 ⁶
1050 3519 1079 3574 hi
1092 3521 1250 3590 prelatione
1264 3525 1291 3579 iii
1301 3525 1418 3580 secunda
1426 3528 1630 3582 commentaria.

141 3586 280 3659 llgbellius
290 3590 450 3661 deh'pisccp.
466 3590 576 3645 Tauris.
589 3590 725 3645 hlabillon.
740 3607 802 3672 pag.
817 3592 852 3647 92
865 3607 931 3646 aira·
1016 3589 1031 3631 tl
1050 3590 1079 3645 ln
1093 3593 1251 3660 praelatione
1264 3594 1290 3648 in
1306 3594 1453 3665 Epistulam
1472 3597 1506 3650 ad
1527 3596 1659 3665 Ephesios
1677 3612 1692 3650 a
1715 3597 1773 3654 lla-

140 3656 221 3712 lecto.
242 3660 335 3714 editio.
361 3662 448 3716 Paris.
473 3676 517 3714 aii.
534 3661 612 3716 lies.
639 3661 783 3716 Trombelli
804 3662 837 3715 de
851 3660 930 3716 Calin
981 3659 1093 3716 billonio
1107 3663 1179 3716 edita
1197 3664 1280 3718 tradit
1294 3665 1369 3720 haec:
1393 3681 1403 3714 ι
1421 3663 1499 3719 Circa
1514 3665 1666 3720 socordiam
1677 3682 1773 3723 sensus

141 3726 250 3782 Sancto.
266 3730 375 3785 dissert.
391 3747 419 3792 ii,
438 3747 476 3794 ri,
492 3731 548 3785 o'et
561 3732 588 3796 l,
602 3731 702 3800 aliique
723 3730 800 3785 multi
812 3739 868 3785 tuin
886 3747 932 3785 ve·
983 3731 1045 3794 mei,
1057 3730 1184 3800 epistolas
1194 3732 1267 3786 beati
1280 3733 1337 3800 jnm
1349 3733 1413 3788 dieti
1426 3735 1539 3801 apostoli
1550 3733 1627 3788 Pauli
1637 3736 1671 3791 ad
1685 3737 1774 3807 Ephe-

141 3805 225 3865 teres,
237 3808 293 3880 ium
310 3801 387 3855 nobis
401 3800 516 3871 proximi
531 3802 687 3882 scriptores,
700 3800 723 3856 si
738 3799 931 3856 Trombellium
983 3800 1049 3863 sios,
1074 3807 1155 3879 atque
1170 3802 1203 3855 ad
1211 3801 1408 3884 Philippenses,
1435 3817 1489 3856 non
1504 3812 1560 3857 tam
1586 3819 1620 3858 ex
1641 3806 1773 3874 majorum

141 3869 681 3996 “letechlatidedi*es...
698 3937 932 3998 iismmm
985 3869 1474 4003 {infeliliciter}blflltlbl
1488 3880 1775 4018 ‘liiillhslh‘l'dlj

141 4008 277 4063 ctenobita
297 4010 401 4066 Claudii
415 4011 609 4065 commentaria
623 4011 650 4063 in
672 4009 820 4079 Epistulam
835 4009 870 4062 cd
881 4007 933 4063 Gn·
984 4010 1033 4065 sed
1044 4016 1106 4090 post
1119 4017 1194 4080 terga
1212 4014 1370 4067 metentium
1382 4026 1417 4066 ex
1427 4012 1542 4068 aliorum
1566 4024 1657 4086 segete
1664 4031 1776 4140 confre-

141 4076 212 4131 lotus
223 4080 322 4145 edidit,
340 4089 421 4151 atquc
436 4082 493 4135 haec
505 4083 614 4150 quidem
625 4080 651 4134 in
667 4087 772 4150 partem
787 4081 932 4135 secundam
984 4087 1030 4151 gat
1043 4079 1095 4134 sibi
1109 4080 1222 4144 victum,
1246 4098 1280 4138 ne
1299 4083 1396 4137 hiemis
1410 4090 1531 4154 tempore
1553 4083 1625 4141 lame
1639 4087 1714 4156 pierio
1725 4096 1776 4143 ite·

141 4147 209 4201 tomi
223 4147 233 4202 l
251 4149 421 4207 bibliothecae
435 4163 555 4206 veterum
572 4151 684 4205 Patrum
700 4149 776 4204 illata
793 4159 857 4204 sunt
869 4164 931 4232 pag.
984 4159 1038 4214 tur,
1052 4150 1090 4203 ita
1103 4158 1132 4205 et
1140 4165 1190 4223 ego
1200 4167 1232 4205 eri
1245 4154 1358 4208 aliorum
1369 4152 1459 4218 dietis,
1470 4157 1518 4210 has
1530 4154 1605 4209 brevi
1618 4157 1688 4229 stylo
1702 4173 1777 4213 coni-

142 4216 196 4273 795
210 4217 336 4289 editionis
346 4219 516 4277 Parisiensis.
540 4221 684 4293 Evulgavit
704 4235 787 4303 porro
807 4219 933 4275 llabillou
983 4219 1115 4289 prehendi
1131 4222 1268 4290 epistolas.
1286 4245 1295 4278 i
1321 4225 1355 4278 Et
1383 4226 1544 4281 uaestiouex
1566 4227 1678 4283 secundi
1696 4243 1777 4299 gene·

142 4286 327 4359 prelationem
340 4292 367 4343 in
376 4291 455 4345 libros
465 4293 683 4362 informationum
690 4291 784 4345 littere
795 4297 819 4344 et
825 4291 932 4360 spiritns
985 4291 1023 4347 ris
1037 4289 1318 4349 Commentariorum:
1340 4312 1350 4345 ι
1364 4239 1433 4362 Quid
1445 4304 1535 4350 tamen
1550 4296 1600 4352 ista
1613 4298 1776 4370 significarit,

142 4357 378 4426 supcrlaeuiti'cnni
391 4379 397 4415 :
412 4362 711 4431 praelationemquoquc
722 4362 891 4432 expositionis
903 4361 931 4415 in
985 4361 1011 4416 iu
1027 4360 1096 4416 libro
1110 4362 1198 4428 primo
1212 4363 1309 4434 Operis
1336 4365 1417 4435 hujus
1440 4382 1473 4421 ex
1488 4366 1567 4422 dictis
1586 4367 1718 4436 boiorum
1730 4385 1778 4425 no

144 4424 276 4496 Epistolus
284 4429 319 4482 iid
326 4429 349 4482 Ε
366 4431 450 4486 besica
456 4447 536 4514 pagg.
545 4431 929 4493 sdeteieianalectcdlno.
944 4442 971 4501 1)
984 4439 1112 4493 strorum,
1138 4440 1168 4486 iit
1190 4434 1320 4490 Dominus
1340 4436 1424 4499 dedit,
1440 4443 1468 4488 et
1489 4436 1612 4492 iirvenirc
1625 4440 1775 4506 potuimus,

143 4448 369 4553 wesseling.
385 4501 462 4555 Tanti
474 4501 930 4557 verolec'itPesselicmscommen·
980 4501 1037 4569 jam
1056 4502 1208 4569 expositum
1223 4513 1303 4559 essi
1334 4504 1391 4558 h'on
1414 4504 1504 4557 omnia
1523 4512 1698 4575 tamemquae
1721 4509 1778 4563 suis

144 4566 213 4620 laria
227 4565 331 4623 Claudii
346 4572 372 4623 iii
387 4571 534 4641 Epistulam
548 4573 582 4624 nd
595 4571 704 4627 Galatas
718 4580 763 4635 ,ut
780 4573 836 4627 baec
850 4573 883 4627 de
897 4573 930 4626 iis
983 4571 1079 4626 inserit
1103 4570 1325 4638 Commentariis,
1349 4589 1382 4627 cri
1410 4572 1472 4627 aliis
1491 4573 1703 4644 deprompsisse,
1729 4579 1777 4633 sed

143 4635 294 4690 tradiderit.
308 4656 317 4688 ι
330 4640 384 4711 Ego
395 4642 570 4710 quidemcum
583 4641 930 4711 superioribusdicbusillic
983 4639 1121 4702 nonnulla,
1148 4646 1181 4696 de
1198 4659 1247 4699 suo
1262 4645 1424 4714 quandoque
1446 4643 1591 4710 addidisse,
1611 4646 1669 4702 baec
1690 4648 1775 4717 ipsius

142 4718 242 4771 essem,
265 4710 409 4778 variasque
428 4712 602 4765 scientiarum
622 4726 743 4782 gemmas
766 4712 929 4778 evolverem,
984 4711 1087 4768 Claudii
1104 4710 1131 4765 iu
1144 4711 1353 4769 Commentariis
1368 4714 1395 4768 in
1413 4712 1553 4785 epistolam
1570 4716 1684 4785 apostoli
1703 4718 1776 4772 Pauli

142 4788 338 4844 qusesanenon
350 4796 441 4849 paucae
456 4782 483 4834 iii
495 4781 658 4836 bibliotheca
668 4782 850 4837 vetustissima
870 4783 930 4837 dili-

143 4854 239 4968 fenter
252 4860 437 4916 asservantur,
459 4850 528 4905 lortc
540 4860 719 4905 occurrerunt
733 4852 812 4921 liujus
823 4852 928 4907 Claudii

155 4927 276 4971 nonanes
291 4916 376 4974 ferme
390 4920 465 4974 Pauli
478 4921 614 5002 Epistolas
637 4923 842 4986 coniurentaria,
869 4937 930 4992 quae

142 4998 206 5039 cuin
234 4989 381 5055 excussis,
400 4999 429 5043 ut
448 4989 506 5044 deri
534 4991 621 5055 solet,
651 4992 808 5062 pulveribus
831 4994 930 5063 raptim

144 5056 352 5124 percurrissem,
371 5061 485 5115 miratus
499 5060 570 5116 illico
583 5063 749 5132 superiorum
766 5071 874 5116 oetatnm
889 5063 931 5115 in-

143 5124 246 5178 ciirt'nin
256 5125 467 5197 iiidiqni'ssimnm
480 5131 580 5201 putavi,
596 5142 652 5185 tam
665 5131 812 5201 pretiosum
825 5133 932 5187 thesau-

143 5208 216 5276 rum,
232 5203 341 5265 tamque
352 5201 514 5268 exquisitum
525 5199 626 5268 jacere,
641 5217 672 5256 ac
685 5216 780 5271 magna
797 5215 858 5256 cum
870 5201 932 5256 Rel-

143 5263 425 5335 puhbcaeCbristiauae
438 5271 545 5339 jactura
559 5271 652 5326 tandiu
663 5270 829 5326 delitescere.
841 5272 932 5339 Quan-

142 5342 200 5388 tam
210 5336 408 5395 studioslssimo
419 5341 516 5409 cuique
530 5356 668 5396 sacramm
680 5341 831 5395 litteramm
839 5357 930 5396 acees-

142 5403 248 5461 sionem
265 5406 305 5460 sic
320 5409 459 5475 allatums,
471 5410 523 5465 diei
534 5410 654 5480 prolecto
668 5426 721 5465 non
736 5420 840 5481 potesi;
862 5426 931 5480 prm-

142 5473 238 5528 sertim
249 5489 310 5529 cum
319 5479 461 5548 splendore
469 5495 582 5536 suoeam
597 5480 807 5536 luceml’aulinm
822 5482 930 5538 lectioni

143 5541 250 5609 aderat,
265 5552 297 5598 ut
313 5550 346 5603 ad
362 5549 446 5620 ipsius
461 5565 561 5606 arcana
580 5565 671 5615 sensa,
690 5559 718 5605 et
734 5551 874 5608 abstrusos
891 5552 930 5606 lo-

143 5624 192 5669 eus
202 5613 378 5686 explicandos
390 5620 491 5675 aditum
510 5621 614 5676 facilem
628 5621 749 5691 praehere
763 5621 894 5676 videatur.
917 5643 927 5675 i

984 4783 1019 4838 ad
1030 4781 1139 4838 Galatas
1171 4785 1251 4838 verba
1265 4783 1420 4840 declarant:
1450 4803 1459 4834 ι
1479 4785 1612 4856 largiente
1620 4785 1676 4842 lieo
1685 4786 1712 4841 in
1725 4789 1777 4842 isto

984 4851 1198 4921 quadragesimas
1222 4863 1275 4909 tem
1315 4871 1344 4910 re
1369 4855 1511 4924 epistolam
1533 4858 1606 4912 beati
1630 4856 1686 4927 jam
1710 4856 1775 4912 dicti

984 4921 1099 4992 apostoli
1121 4923 1198 4976 Pauli
1221 4925 1254 4979 ad
1299 4926 1385 4980 alatas
1400 4941 1433 4979 cx
1457 4928 1616 4982 tractatibus
1636 4927 1776 4981 beatorum

982 4992 1136 5062 Augustini,
1164 5001 1192 5047 et
1206 4993 1364 5067 Hieronymi
1386 4994 1495 5050 Patmm
1515 4996 1659 5065 permixtis
1679 5011 1777 5066 prucii-

983 5068 1040 5117 ravi
1048 5065 1176 5118 ordinare
1188 5065 1339 5120 sententiis.
1349 5064 1378 5119 ln
1389 5067 1488 5135 quibus
1499 5068 1659 5122 tractatibus
1669 5081 1731 5121 cum
1742 5069 1775 5120 ad

984 5141 1179 5203 congruentem
1192 5136 1391 5204 expositionem
1418 5136 1503 5190 multa
1515 5137 1609 5192 deesse
1623 5150 1774 5197 cernerem,

984 5203 1053 5258 verti
1068 5219 1111 5258 me
1122 5203 1157 5257 ad
1168 5204 1235 5259 alios
1250 5205 1333 5261 libros
1362 5204 1446 5260 relati
1456 5203 1512 5272 jam
1524 5207 1611 5275 patris
1623 5206 1777 5277 Augustini,

984 5280 1013 5326 et
1023 5273 1120 5329 exinde
1133 5287 1270 5344 eamque
1285 5221 1372 5330 inillis
1381 5277 1485 5339 deerat,
1498 5277 1777 5360 tractatibuseiiplcre

985 5342 1077 5398 studui
1091 5345 1303 5412 expositionem
1321 5344 1449 5400 nonnulla
1465 5346 1557 5411 ctiam,
1573 5347 1674 5402 mmihi
1687 5362 1776 5403 visum

984 5420 1037 5474 est,
1051 5411 1123 5467 iutra
1134 5413 1241 5467 illorum
1254 5413 1428 5477 locutionem,
1437 5429 1496 5470 mea
1508 5416 1599 5472 studui
1610 5416 1776 5502 conjungere

983 5483 1078 5546 verba,
1093 5496 1152 5551 quae
1166 5489 1310 5608 utramque
1321 5484 1518 5566 expositionem
1530 5485 1632 5559 absque
1644 5487 1778 5544 scissione

984 5551 1188 5622 coitiungcrem,
1212 5562 1241 5607 et
1273 5563 1677 5625 egentiscxercerentsensum,
1693 5569 1722 5616 et
1737 5561 1777 5614 ia·

983 5621 1224 5679 stidimiilacerent
1239 5625 1349 5680 evitare.
1372 5643 1383 5677 i
