3832 6120
131 300 184 360 ⁷⁹⁸
669 287 806 349 crunon
826 280 1057 342 rrununsusus
1076 281 1230 339 εειεεεει
1432 296 1437 309 ·
1714 281 1764 337 ,ω

131 412 268 486 quomodo
278 412 303 466 ci
314 419 363 481 per
380 404 541 478 Proplrctaur
559 403 683 458 dicatur:
702 400 816 472 Dispaue
830 395 921 451 domui
935 392 1073 461 Ajnstum
1089 407 1118 447 se
1133 393 1250 447 assensit
1261 393 1345 448 etiarn
1360 393 1387 447 iu
1398 393 1572 466 cogitatione,
1596 400 1681 464 atquc
1695 394 1769 451 nm

131 514 194 569 tan,
217 504 281 573 qnia
300 498 420 552 morieris
431 507 459 550 ta
477 505 501 550 et
519 511 569 549 non
587 493 675 563 circs:
688 491 731 546 cui
747 488 846 545 mortni
861 501 923 542 scn-
974 483 1018 538 illc
1040 482 1163 549 oilcndit,
1184 483 1247 538 inde
1259 482 1333 540 isici
1350 483 1465 541 Domino
1478 482 1588 554 placuit.
1602 482 1771 554 cirritanus

132 593 217 650 tentia
232 592 304 646 dicta
322 594 374 649 est,
388 585 434 640 sed
451 584 575 655 protinus
599 580 705 651 adeius
729 580 864 649 lacrymas
882 583 924 631 est
974 575 1041 630 hoct
1056 574 1112 628 Nisi
1125 575 1188 644 quia
1205 574 1379 645 omnipotens
1398 574 1470 630 [icas
1491 572 1661 645 singulorum
1684 573 1772 629 rerba

131 682 222 739 addita
236 681 303 742 sita,
325 677 372 732 scd
388 691 435 746 per
449 674 616 745 Proplretam
629 672 761 727 Dominus
776 668 854 734 «lixit,
870 681 924 737 uiro
976 670 1043 738 bac
1067 668 1249 738 cogitationes
1269 676 1387 738 ρειιειι,
1407 667 1479 723 etin
1504 667 1565 738 eins
1585 666 1699 721 auribus
1723 681 1771 722 sa·

132 774 253 841 tempore
274 768 343 823 niori
367 766 425 837 ipse
442 765 607 820 merebatur.
624 762 677 817 Per
688 761 841 831 largitatem
859 769 925 813 reru
974 757 1057 825 perba
1082 771 1135 810 non
1161 766 1234 822 sunt,
1259 767 1321 826 quar
1343 756 1440 813 humili
1458 759 1541 812 corde
1555 746 1786 828 pmicruntnr.s'

131 856 337 924 misericordiae,
362 859 407 914 illo
429 874 492 913 eum
516 866 638 926 [erupere
663 872 677 909 a
702 861 790 908 morte
808 850 923 914 distulit,
1009 845 1100 916 (Vera.
1112 845 1140 911 l,
1154 856 1178 901 ct
1189 844 1228 918 5.)
1252 846 1286 900 Et
1304 845 1405 917 sanun
1425 855 1464 902 est
1484 846 1591 902 ιιιιιιιι
1607 847 1717 903 ὒειιιιιιι·
1737 849 1771 904 ari

130 968 183 1023 quo
196 960 261 1008 ante
273 951 371 1007 saccula
384 951 441 1020 ipsc
454 949 590 1019 praescivit
607 961 614 1000 :
630 961 681 1001 ncc
693 944 824 1015 propheta
840 943 925 1012 igitur
976 930 1074 994 isaiam
1087 939 1197 995 dicens:
1210 938 1358 1007 lleucrtere,
1371 949 1396 996 ct
1406 941 1450 996 dic
1465 940 1588 998 Euthia
1604 942 1668 997 duci
1680 942 1773 1014 papali

132 1044 225 1108 fallax,
249 1043 312 1113 quia
338 1050 446 1110 tenipus
467 1042 563 1094 rnurtis
585 1036 717 1101 innotuit,
743 1049 796 1103 quio
819 1034 861 1086 vir
879 1031 926 1085 iiie
975 1031 1026 1084 mei
1037 1043 1046 1082 :
1057 1029 1155 1085 dadin
1167 1030 1313 1085 arationem
1328 1040 1402 1086 tuam
1415 1044 1425 1085 .·
1437 1041 1463 1086 ει
1476 1031 1531 1086 aidi
1550 1030 1685 1103 iacrymas
1700 1040 1771 1087 cana

132 1136 201 1192 niori
223 1135 390 1197 urcrebatur,
409 1146 461 1186 ncc
479 1129 614 1186 dominica
630 1141 642 1168 ι
658 1128 783 1183 instituta
797 1124 925 1181 corrrulsa
977 1120 1045 1175 Ecce
1058 1137 1106 1192 epa
1121 1121 1214 1177 sanari
1225 1131 1260 1186 tc,
1281 1121 1325 1176 dic
1338 1122 1416 1177 tertia
1431 1121 1556 1178 ascendet
1572 1121 1701 1193 sapiant
1719 1121 1774 1178 Da-

133 1235 205 1290 suut,
222 1223 286 1294 quia
305 1230 335 1276 ut
356 1238 388 1277 ex
409 1221 535 1292 largitate
550 1218 597 1275 Dei
609 1219 672 1273 anui
685 1219 747 1273 iriae
759 1223 925 1279 crescerent,
977 1215 1051 1268 asini.
1070 1215 1244 1285 vocansque
1259 1222 1303 1270 cst
1315 1214 1448 1270 Ezechias
1459 1216 1514 1271 dnx
1524 1213 1630 1286 populi,
1645 1213 1774 1270 ciiiilius

133 1310 305 1386 honoreque
320 1311 492 1368 antes-,ecula
517 1308 659 1381 praelixam
680 1308 739 1372 tuit,
765 1317 846 1378 atqua
862 1322 926 1378 spa·
977 1304 1069 1370 Dauid,
1090 1306 1169 1375 cuius
1189 1321 1271 1376 opera
1296 1309 1462 1372 sectabatur,
1478 1306 1576 1377 fecerat
1591 1306 1663 1361 enisa
1674 1314 1775 1360 rectasr

134 1404 201 1460 tium
218 1403 290 1467 ritae,
317 1402 390 1472 quod
414 1400 552 1470 inopinate
578 1397 645 1455 ioris
665 1404 708 1454 cst
726 1394 846 1453 additum
867 1397 928 1452 sine
974 1395 1054 1464 juata
1068 1397 1169 1462 omnia,
1184 1407 1244 1468 aaa
1264 1395 1325 1467 iecit
1338 1393 1425 1450 David
1439 1405 1515 1466 pater
1533 1395 1603 1465 ηἰι,
1621 1402 1651 1450 ει
1665 1394 1776 1450 audibis

134 1501 278 1565 augmento
288 1490 468 1561 prescientia
481 1487 529 1543 init
542 1489 615 1543 intus
632 1494 773 1543 statutam.
786 1506 797 1538 ι
978 1483 1037 1558 elius
1048 1486 1135 1542 oratio
1150 1505 1156 1541 :
1170 1488 1350 1556 uidenturque
1363 1485 1502 1558 lacryma,
1513 1486 1642 1555 numam
1651 1482 1774 1539 ιιιιιιι·

170 1583 261 1656 (Vera.
278 1581 318 1653 ι.)
335 1581 519 1652 Conuenitque
535 1579 663 1636 Eaecbics
683 1578 777 1648 [aciem
797 1590 877 1633 suam
893 1571 929 1632 ad
978 1587 1049 1633 uerat
1060 1592 1150 1633 caram
1163 1576 1288 1643 Domino,
1307 1579 1336 1633 ia
1350 1578 1459 1633 veritate
1471 1586 1496 1631 ct
1509 1575 1589 1631 corde
1606 1574 1739 1646 perfecta,
1749 1581 1776 1631 ct

135 1676 273 1747 parietem.
287 1674 302 1714 Β
318 1671 405 1740 «Quin
419 1672 454 1726 ad
471 1670 601 1742 templum
614 1670 655 1725 ire
668 1683 722 1725 non
744 1675 871 1739 poterat,
894 1667 928 1723 nd
978 1671 1090 1729 devorat
1109 1672 1174 1729 lietu
1192 1686 1300 1744 magno,
1315 1680 1343 1728 ει
1360 1672 1432 1743 quad
1447 1668 1577 1742 placitum
1591 1676 1637 1724 cst
1647 1668 1680 1723 in
1692 1667 1777 1723 acalis

136 1764 268 1837 parietem
282 1762 385 1832 templi,
402 1759 481 1830 justa
501 1759 573 1831 quod
589 1758 715 1814 Salomon
740 1757 870 1828 palatium
884 1765 929 1810 cx·
941 1752 967 1814 B
979 1766 1038 1838 ειυς
1052 1765 1164 1822 fecerat,

119 1839 260 1910 'truserat
275 1872 281 1908 :
296 1853 338 1909 rcl
364 1851 486 1908 absolute
509 1853 544 1907 ad
568 1851 710 1922 parietem,
739 1865 773 1905 nc
794 1851 930 1921 lacrymas
1016 1850 1106 1930 (iera.
1118 1856 1157 1929 6.)
1175 1850 1211 1911 Et
1225 1852 1323 1912 addam
1341 1851 1433 1910 diebus
1445 1850 1498 1908 tuis
1510 1849 1665 1924 quindecim
1675 1859 1776 1905 ιιιιιιιι

137 1965 201 2005 snas
216 1947 396 2003 assidentibus
418 1946 470 2002 sibi
485 1953 625 2002 ostentare
633 1943 772 2000 uideretur
785 1961 791 1998 :
808 1954 819 1982 ε
832 1951 860 1998 ει
871 1942 929 1998 ait:
981 1948 1026 2004 sed
1037 1957 1062 2002 er
1073 1947 1105 2003 a,
1115 1964 1195 2002 mano
1208 1948 1276 2018 ηριι
1290 1947 1459 2018 ,begynarum
1475 1943 1640 2008 liberaliora,
1649 1949 1678 1996 et
1688 1936 1778 1996 ειιιιι·

139 2037 265 2103 Obsecro,
276 2037 399 2103 bomine,
408 2044 547 2102 memento,
559 2050 658 2107 quoesa,
669 2034 800 2104 quomado
812 2032 932 2088 ambula·
981 2049 1034 2094 rem
1054 2038 1132 2104 banc,
1153 2045 1177 2092 et
1190 2046 1324 2108 matonam
1343 2034 1434 2090 oriem
1453 2034 1532 2089 istam
1553 2038 1664 2104 propter
1683 2044 1736 2095 tna,
1754 2038 1777 2084 ιι

138 2130 218 2184 ocrim
229 2130 257 2182 in
268 2136 407 2198 conspecta
420 2134 465 2180 tna
478 2127 634 2193 inveritate,
646 2134 670 2180 el
681 2124 709 2179 in
720 2123 931 2195 cordcpersecta
982 2140 1087 2200 propter
1101 2127 1187 2183 Dauid
1199 2143 1302 2182 serrum
1314 2142 1411 2180 samm.
1425 2126 1439 2167 b
1454 2142 1464 2176 ι
1476 2123 1633 2180 Secundum
1646 2121 1778 2192 (passm

139 2229 163 2275 ει
177 2219 247 2290 quod
257 2216 383 2289 placitum
398 2231 435 2273 est
455 2234 544 2272 caram
558 2227 592 2282 tc,
605 2217 721 2287 fecerim.
735 2214 933 2272 perfectionem
984 2236 1082 2278 causas
1095 2219 1245 2276 futurorum
1257 2220 1408 2275 mesitanus
1419 2226 1479 2274 crat
1492 2215 1635 2280 Ezechias,
1649 2214 1696 2271 cui
1709 2212 1779 2269 itus

139 2311 230 2366 cordis
241 2308 268 2363 in
282 2323 315 2364 co
329 2325 401 2364 nunc
412 2309 488 2373 dicit,
503 2309 574 2380 quod
589 2308 660 2365 idola
675 2307 851 2373 destruxerit,
866 2316 934 2364 tem-
984 2311 1089 2367 addidit
1100 2309 1254 2381 quindecim
1268 2324 1353 2365 annos
1363 2309 1397 2364 ad
1409 2308 1504 2373 uitam,
1515 2302 1542 2362 id
1553 2306 1650 2376 atione
1661 2303 1778 2368 iaciens,

138 2400 176 2470 pli
189 2399 282 2454 ralras
297 2400 447 2468 aperuerit,
471 2408 625 2468 serpentem
646 2414 751 2454 aeneum
766 2399 932 2454 comminue·
984 2400 1056 2470 qrrod
1073 2408 1136 2455 ante
1158 2399 1381 2456 constitutionem
1400 2396 1494 2454 mnndi
1516 2410 1549 2457 se
1563 2395 1704 2452 iacturam
1720 2409 1779 2451 case

140 2494 185 2559 rit,
198 2501 226 2548 ει
238 2501 335 2550 cetera
355 2493 460 2559 lecerit,
478 2508 538 2565 quae
552 2492 693 2563 Scriptura
719 2492 780 2549 iibri
793 2493 895 2564 liccam
907 2499 935 2546 et
985 2493 1154 2563 presciebat,
1169 2504 1199 2549 ει
1212 2493 1240 2548 in
1255 2508 1303 2548 sua
1316 2493 1456 2547 uoluntate
1474 2489 1610 2546 scamas
1632 2488 1696 2545 Nou
1716 2501 1781 2559 erpa

140 2580 364 2656 Poulipomenon
381 2591 585 2640 cornmcnrorat.
614 2582 751 2653 Fleuitqus
764 2585 826 2654 pieta
840 2598 934 2653 marpuc
986 2585 1013 2640 id
1027 2583 1101 2649 iecit,
1117 2585 1189 2655 quod
1202 2583 1323 2640 {siturum
1334 2599 1389 2639 non
1401 2591 1470 2645 erat
1483 2583 1536 2638 boc
1546 2582 1621 2637 enim
1634 2582 1726 2653 magia
1740 2581 1780 2634 ln

142 2685 254 2747 propter
263 2675 473 2748 promissionem
486 2674 592 2729 Domini
608 2675 641 2730 ad
654 2673 748 2740 Dauid,
764 2687 846 2743 qnam
859 2671 934 2726 ride·
987 2684 1078 2730 turum
1101 2684 1171 2741 crat,
1189 2677 1262 2745 uirod
1274 2684 1301 2730 tc
1313 2674 1448 2729 iactmum
1461 2687 1522 2730 csse
1541 2672 1709 2744 presciebat
1719 2685 1729 2724 ι
1741 2679 1782 2726 ιι·

142 2769 189 2823 bat
202 2769 229 2823 in
245 2783 294 2824 sua
311 2776 400 2823 morte
413 2769 574 2838 perituram.
590 2767 629 2822 Eo
641 2768 714 2822 enim
729 2776 851 2837 tempore
868 2766 936 2820 Era
985 2782 1047 2823 men
1069 2768 1107 2822 ilii
1130 2769 1192 2823 auriti
1213 2768 1298 2823 additi
1321 2782 1375 2823 non
1399 2775 1475 2824 recte
1494 2767 1665 2829 dicerentur,
1681 2764 1734 2820 nisi
1748 2763 1783 2819 ad

141 2859 218 2914 clrias
232 2857 302 2914 illios
319 2873 372 2914 non
390 2858 508 2914 habebat
520 2875 527 2912 ε
539 2866 602 2928 post
617 2857 728 2912 tertium
743 2857 816 2912 enirn
831 2870 933 2911 annum
987 2858 1088 2931 aliquid
1102 2861 1277 2926 adderentur,
1291 2859 1363 2931 qrrod
1378 2875 1407 2915 se
1419 2858 1499 2914 aliter
1512 2859 1540 2914 in
1551 2859 1615 2913 allis
1627 2856 1723 2914 musis
1734 2856 1782 2912 bs·

143 2965 278 3006 concesse
296 2950 359 3005 ritae
382 2949 532 3004 Manassen
553 2948 656 3019 cerruit.
681 2947 752 3018 Erga
772 2948 823 3003 iste
848 2944 936 3003 orrruis
986 2954 1094 3010 boant.
1110 2953 1263 3009 Secunrlum
1284 2952 1389 3022 aliquas
1413 2952 1495 3022 igitur
1515 2965 1614 3006 causas
1636 2947 1784 3004 inien'nm

143 3047 187 3095 cst
199 3041 294 3107 lictus,
312 3041 376 3110 quia
399 3040 589 3109 desperaverat
612 3039 751 3094 Christum
771 3039 805 3094 de
824 3050 875 3094 suo
894 3050 937 3094 se·
984 3042 1041 3116 jam
1055 3044 1139 3100 uitam
1153 3041 1268 3106 inierat,
1288 3043 1437 3098 secundnm
1451 3040 1511 3097 ilias
1527 3047 1629 3101 annm,
1646 3042 1783 3108 quaesunt

145 3132 217 3185 ruine
231 3123 410 3186 nasciturum.
425 3129 438 3169 ά
453 3128 617 3199 Plerumque
631 3132 703 3185 enim
716 3128 783 3200 lusti
802 3122 973 3200 aliqussrusC
990 3137 1017 3192 in
1036 3135 1187 3200 uoluntate,
1204 3142 1233 3190 et
1249 3132 1422 3203 prescientia
1440 3130 1499 3195 liei,
1520 3129 1566 3201 qui
1580 3143 1614 3185 ει
1628 3127 1787 3183 ιειειιιίιιιι

142 3222 350 3279 necessitatibus
368 3220 460 3277 ablicti
473 3236 521 3278 sna
534 3236 617 3291 opera
631 3230 765 3292 eoguntur
777 3220 857 3276 lateri
868 3238 876 3276 ι
888 3219 936 3277 sed
986 3233 1108 3290 noverat,
1120 3224 1193 3295 qnorl
1203 3224 1250 3279 illo
1264 3231 1385 3294 tompore
1396 3221 1595 3285 iactarnseral,
1604 3228 1635 3275 ει
1649 3219 1707 3275 hnc
1718 3232 1786 3274 vere

76 3366 78 3370 ,
145 3328 313 3372 cumeorum
329 3313 401 3371 dicta
415 3312 508 3385 injusti
520 3312 644 3379 andium,
659 3313 718 3368 bec
731 3326 780 3383 per
792 3311 937 3368 elationem
987 3314 1189 3378 habronem,
1208 3319 1274 3369 tunc
1283 3321 1344 3367 crat
1358 3311 1486 3366 liniturus
1495 3305 1785 3378 vitamsnaadohl·

145 3404 245 3476 potius,
260 3420 340 3476 quani
356 3419 406 3476 per
417 3406 560 3459 ueritatem
577 3403 735 3459 existimant
755 3402 870 3472 prolata.
896 3402 937 3456 ils
986 3409 1026 3464 vta
1040 3408 1132 3463 atam.
1147 3405 1215 3475 Quia
1230 3405 1282 3461 cust
1296 3405 1386 3461 oranti
1406 3416 1565 3460 mnomsurs
1578 3408 1631 3465 est,
1646 3401 1734 3456 etiam
1745 3399 1787 3455 sic

147 3497 205 3552 suis
219 3496 291 3552 enim
314 3496 443 3552 cordibus
457 3495 538 3551 uerba
552 3493 687 3562 instanrm
701 3500 826 3564 pensant,
841 3500 869 3551 ει
885 3494 939 3550 diei
987 3489 1783 3564 canoniorum,uttaliorauoaiomosdiopanersn-iih

146 3583 285 3645 humiliter
300 3603 379 3658 possc
399 3602 463 3643 uera
488 3588 559 3642 hona
579 3590 633 3640 iren
651 3584 842 3641 ecuistlmunt.
860 3585 940 3643 stedi
988 3589 1084 3660 utique
1103 3589 1274 3660 presciebat,
1288 3587 1367 3658 curlus
1383 3584 1557 3658 praescientia
1580 3583 1638 3640 lalli
1663 3600 1719 3640 aas
1733 3597 1785 3654 pa·

145 3679 218 3734 enim
239 3679 328 3750 gravis
346 3678 424 3749 culpa
445 3686 497 3743 est,
512 3676 564 3732 sibi
577 3676 629 3731 hoc
645 3677 782 3732 bominem
798 3689 938 3748 arrogare,
988 3689 1070 3748 terat,
1086 3688 1115 3738 et
1132 3681 1193 3737 ideo
1209 3680 1281 3750 quod
1301 3681 1472 3751 praesciebat,
1490 3677 1647 3733 necessario
1661 3677 1785 3732 latam

145 3770 217 3840 quod
228 3784 282 3823 nan
296 3777 348 3834 cst,
363 3769 403 3824 sic
416 3767 575 3838 plenumque
595 3766 674 3838 culpa
691 3767 764 3823 nulla
782 3774 836 3834 est,
850 3769 873 3824 si
887 3769 938 3825 bu·
990 3783 1060 3832 erat.
1072 3773 1253 3842 »Quindecim
1266 3773 1341 3837 anni,
1354 3771 1400 3841 qni
1414 3770 1449 3826 ab
1458 3766 1787 3841 asgmtationnErsuiar

148 3858 248 3915 utiliter
262 3861 362 3915 bonum
376 3859 459 3925 dicat,
474 3860 609 3929 modest.
622 3859 699 3917 Unde
713 3862 938 3933 sapeooutin'git,
991 3869 1059 3939 regi,
1085 3867 1233 3923 miserante
1256 3866 1322 3931 beo,
1348 3865 1382 3919 ad
1401 3863 1484 3918 uitam
1507 3862 1534 3918 si
1554 3861 1693 3933 protelati·
1708 3869 1787 3925 sust,

147 3950 252 4020 utiusti
266 3957 294 4006 ει
319 3950 412 4022 iniusti
426 3950 638 4005 hahcaotrerba
653 3951 772 4006 similia:
788 3953 836 4007 sed
850 3958 940 4009 tamen
991 3960 1105 4032 mystico
1127 3958 1260 4030 figurant,
1277 3961 1342 4026 qiua
1365 3956 1519 4024 quicunqne
1536 3953 1683 4023 urnasque
1702 3959 1787 4008 oesta·

148 4057 196 4098 cor
214 4057 321 4112 semper
335 4042 413 4113 louge
427 4042 567 4098 dissimile.
583 4043 617 4097 Et
633 4058 666 4098 cx
681 4042 780 4114 quibus
794 4045 875 4101 dictis
889 4046 941 4101 bo-
991 4050 1075 4106 nicmi
1092 4047 1287 4119 plenitudinem
1301 4045 1467 4109 custodiunt,
1485 4051 1595 4098 ιειεπιιε
1607 4041 1707 4097 salutis
1717 4055 1789 4111 pras-

149 4134 284 4190 minusah
298 4133 406 4202 injustis
424 4134 579 4199 offenditur,
606 4136 634 4190 in
661 4136 763 4192 eisdam
787 4151 895 4208 quoquc
925 4155 940 4193 a
992 4141 1076 4196 mium
1096 4144 1308 4208 consequuntur,
1327 4151 1359 4191 ac
1369 4148 1418 4206 per
1429 4134 1497 4207 legis
1509 4132 1788 4196 consummationem,

145 4221 227 4292 iustis
242 4221 373 4291 placatur.
392 4222 458 4277 Nam
476 4217 631 4279 Pharisaeus
648 4224 789 4295 ingressus
811 4229 940 4298 templum
991 4236 1020 4285 ει
1033 4225 1171 4300 Evangelii
1184 4228 1379 4299 plenitudinem
1394 4226 1427 4283 a'd
1440 4227 1503 4282 rite
1519 4233 1628 4282 enm
1641 4233 1787 4282 ιιιιιιειιι

148 4316 258 4372 dicebat
269 4332 275 4367 :
290 4312 366 4383 (Luc.
379 4330 456 4380 xrrrr,
473 4313 518 4386 li)
529 4312 627 4385 tejam
641 4317 680 4372 iris
691 4319 718 4372 in
731 4319 839 4375 sabbalo
850 4335 860 4372 .·
871 4320 941 4375 deci-
991 4320 1196 4375 beatitudinem.

149 4422 206 4462 mas
219 4406 253 4461 ria
267 4407 383 4461 amnium
396 4424 454 4479 quc
466 4406 595 4478 possideo.
608 4408 661 4464 Sed
680 4410 844 4480 justificatus
854 4411 941 4482 nangis
1028 4410 1117 4482 (Vera.
1130 4412 1169 4482 Ἰ.)
1194 4411 1317 4482 Dicitque
1339 4410 1427 4465 lanias
1442 4423 1452 4464 ι
1465 4411 1564 4480 dfferte
1582 4411 1648 4464 mibi
1671 4422 1787 4465 mam

149 4499 319 4570 publicanus,
344 4514 425 4569 quam
446 4498 490 4554 illc
507 4499 584 4555 cxiii.
608 4500 739 4556 Ezechias
762 4516 870 4572 quoquc
893 4517 939 4556 rea
952 4482 979 4544 D
991 4502 1112 4572 ficorum.
1133 4501 1221 4567 ernm
1239 4517 1299 4555 cum
1319 4500 1478 4564 attulissent,
1498 4508 1524 4553 et
1541 4499 1690 4571 posuissent
1708 4510 1788 4570 saper

149 4605 211 4646 curn
240 4589 363 4644 molestia
391 4591 514 4660 eorporis
541 4589 657 4646 sillictus
681 4592 715 4646 ad
740 4592 941 4646 extremitatem
992 4591 1145 4662 alcaaejns,
1164 4598 1273 4646 curatus
1286 4599 1336 4645 est.
1357 4589 1397 4645 Ac
1410 4604 1460 4658 per
1472 4589 1523 4644 boc
1537 4602 1590 4643 uon
1603 4587 1789 4659 spernendam

147 4681 317 4752 peruenisset
343 4681 416 4746 uisa,
444 4682 471 4736 in
497 4682 620 4737 oratione
646 4691 823 4752 cornpunctus
849 4683 939 4737 dixit:
991 4697 1052 4738 csse
1073 4683 1246 4747 medicinam,
1267 4698 1327 4752 quin
1343 4697 1393 4737 usu
1412 4688 1529 4746 conset,
1542 4689 1570 4735 ει
1585 4681 1786 4750 experimento,

150 4770 276 4836 Obsecro,
301 4770 412 4824 Domine
428 4783 438 4822 .·
456 4780 585 4825 memento
608 4771 739 4841 quomoda
755 4770 941 4828 nnrbuiaccrim
993 4775 1055 4844 qiria
1071 4781 1098 4827 ει
1118 4774 1188 4828 lianc
1209 4772 1306 4827 iecerit
1331 4773 1413 4827 licius.
1442 4771 1508 4826 Post
1531 4771 1590 4826 haec
1613 4770 1654 4825 ait
1677 4770 1785 4826 lsaias:

150 4878 239 4914 reram
256 4871 279 4914 tc
295 4839 334 4914 ‘in
353 4862 460 4916 ueritate
484 4871 508 4915 et
528 4862 605 4916 corde
627 4862 751 4933 perfecto.
773 4863 829 4919 Nec
852 4873 941 4920 marcu
993 4863 1071 4935 (cers.
1088 4862 1116 4932 b)
1141 4861 1199 4916 llcc
1216 4864 1265 4917 erit
1280 4863 1385 4933 sipulum
1402 4879 1418 4914 a
1438 4860 1564 4926 Domino,
1579 4860 1651 4932 qnod
1663 4862 1786 4930 iacturas

152 4951 363 5005 lioruinnsbanc
378 4949 939 5024 consessionempericctionisejusdcspc-
992 4957 1025 5010 sit
1048 4954 1177 5008 barrinas
1201 4968 1358 5017 sermonem,
1383 4966 1459 5022 quem
1484 4947 1588 5005 iocatus
1610 4958 1660 5005 ιιι.
1688 4947 1736 5004 l'is
1759 4957 1788 5003 ιιι

151 5042 200 5106 sit,
221 5051 268 5098 aut
289 5043 388 5109 renuit,
408 5057 488 5112 qricm
502 5059 564 5098 mox
579 5042 605 5098 iu
619 5044 676 5100 suis
690 5046 939 5114 precibuseuaudi-
993 5045 1116 5100 ascendat
1135 5043 1228 5097 natira
1246 5042 1334 5096 decem
1353 5041 1441 5106 lincis,
1460 5057 1496 5094 aa
1512 5049 1539 5095 ιιι
1562 5047 1707 5094 rcaertatar
1725 5040 1787 5093 toti·

150 5133 198 5186 rit.
211 5132 281 5189 Ecce
293 5135 446 5190 Pharisaeus
459 5148 488 5189 sc
498 5133 657 5202 justificavit
668 5133 694 5188 in
705 5150 795 5206 opere.
809 5136 939 5192 Ezechias
992 5136 1050 5190 dem
1066 5133 1211 5205 aradibus?
1227 5131 1261 5186 Et
1275 5133 1312 5187 ait
1329 5130 1457 5186 Ezechias
1473 5144 1483 5182 .·
1499 5128 1590 5186 Facile
1602 5139 1642 5186 cat
1665 5129 1788 5186 ambram

188 5324 199 5349 r
219 5311 333 5365 suaisca.
1032 5311 1040 5351 ¹
1057 5310 1256 5383 subsequentia
1270 5309 1361 5364 docuit
1376 5323 1408 5364 ει
1424 5308 1554 5380 Gregorio
1571 5309 1618 5365 lib.
1631 5325 1671 5366 au
1691 5306 1788 5366 lloral.

188 5381 254 5434 bEu
271 5382 366 5436 iurum
384 5384 522 5438 llabanus.
992 5401 1019 5437 u.
1034 5382 1212 5436 subaremus.

188 5461 198 5487 ⁰
216 5451 291 5505 i'crs.
305 5453 331 5505 5.
345 5452 489 5507 ridduntur
506 5455 563 5508 irinc
582 5454 607 5507 iu
623 5451 730 5521 vulgale
748 5453 859 5507 iiairaun
872 5472 878 5507 :
893 5463 938 5508 rarsi
1032 5452 1209 5506 'AEstimcut.

153 5527 221 5572 recte
237 5519 316 5587 juxta
328 5519 482 5586 lamminas,
507 5524 541 5577 ad
555 5540 599 5577 cor
616 5539 703 5588 sarriri,
729 5525 770 5594 pri
792 5526 900 5587 cimam,
914 5524 940 5576 iri
1033 5522 1195 5575 fliorrrinum
1210 5519 1332 5590 placauit.

152 5596 190 5643 cat
210 5589 334 5658 paruissem
354 5607 400 5644 cor
423 5591 548 5661 appellnt,
572 5603 600 5647 nt
619 5601 674 5647 tata
693 5604 778 5648 incute
798 5592 939 5648 Dominum
1030 5591 1297 5659 incantationibus.

152 5666 312 5727 precaretur.
329 5657 388 5712 Alia
411 5662 538 5716 norrnulla
561 5673 654 5730 postca
674 5663 755 5717 etiarn
779 5662 923 5728 adduntur,
1027 5661 1119 5714 hllurc
1133 5675 1166 5714 cu
1189 5662 1338 5727 birpustlno
1361 5659 1503 5731 desumpta
1527 5668 1591 5716 sunt
1618 5674 1651 5717 ea
1667 5663 1788 5721 mocrito

150 5742 238 5797 pirna
252 5734 346 5783 nestro
357 5728 503 5798 escurplari
517 5732 624 5786 absum.
994 5748 1066 5786 narn
1081 5731 1127 5796 iil,
1145 5744 1205 5801 cap.
1228 5723 1269 5794 li,
1286 5729 1332 5784 lib.
1349 5747 1375 5784 n
1390 5732 1421 5784 ric
1434 5731 1528 5786 Gerrcn'
1543 5730 1577 5785 ad
1600 5731 1719 5788 ineram.
