3832 6120
151 294 187 353 tlt
283 294 292 303 '
723 295 788 353 LlB.
808 295 888 354 tot.
909 295 930 353 F
932 295 1059 355 ettchtt
1078 295 1228 357 hachet..
1753 313 1789 372 gp

147 388 262 471 mortem
285 407 385 465 durum
397 414 505 482 gestare
526 407 554 465 in
575 416 666 466 mente
683 424 745 468 mea
760 426 812 482 per
821 420 946 467 naturam
959 415 986 477 Α
997 411 1058 467 cst?
1070 410 1243 467 Etiamnunc
1257 422 1347 468 sermo
1360 411 1405 469 hic
1418 425 1434 469 a
1452 411 1530 472 nobis
1540 416 1722 476 examinetur.
1742 420 1789 478 Si-

149 500 250 560 animae
262 516 346 568 mee,
368 508 397 557 ct
406 499 546 571 proprium
560 501 627 557 mihi
641 510 684 559 est
701 504 824 559 eamdem
837 502 944 575 plagam
996 499 1123 573 quidem,
1144 500 1214 556 sieut
1235 509 1263 557 et
1283 515 1378 574 sapere
1398 510 1428 560 ει
1443 504 1533 563 dicero
1546 507 1598 581 ipsi
1609 520 1788 582 praesumunt,

147 609 206 653 non
229 602 343 667 portare
363 592 394 649 in
416 607 531 664 corpore
555 609 617 651 meo
638 611 689 667 per
710 603 834 650 naturam
852 594 944 651 carnis
996 593 1079 650 bomo
1095 602 1249 666 assumptus
1270 610 1287 649 a
1307 595 1364 651 lieo
1384 604 1446 664 est,
1466 602 1600 670 quomodo
1621 620 1724 678 pauper
1746 615 1790 665 εει

145 701 229 744 mem.
248 686 359 742 Etcum
376 684 413 740 sit
428 684 496 740 mibi
512 692 658 757 utrumque
669 685 826 757 proprium
841 693 869 742 et
881 700 943 742 eor-
995 681 1085 740 iactus
1095 684 1141 756 qui
1158 691 1313 756 assumptus
1324 694 1383 753 εει,
1410 696 1438 744 ει
1449 689 1521 745 ultra
1534 701 1660 751 naturam
1672 695 1789 769 dignita·

146 780 221 851 pori,
237 777 377 835 etanimae
396 790 480 844 mee,
495 783 639 849 utrumque
656 776 789 844 alienum;
807 779 871 848 quia
891 791 944 833 nec
994 775 1068 832 tibus
1081 775 1243 833 declaratus.
1273 776 1446 838 Gloriticatus
1464 791 1506 840 εει
1524 786 1611 854 enim;
1637 790 1719 845 autri
1732 806 1788 849 uon
1834 790 1838 799 '

146 886 250 943 corpus
260 870 360 926 durum
371 867 496 925 laetumue
506 882 659 925 sermonem
668 868 803 941 bilehigit,
816 882 868 925 uec
885 867 944 923 ani-
993 873 1037 923 est
1051 867 1103 923 boc
1130 882 1246 934 rerum,
1276 870 1450 943 derogabitur
1475 873 1509 929 ab
1536 877 1577 931 eis
1605 880 1786 950 assumptioni

146 977 193 1019 ma
212 960 311 1034 hagelli
329 960 445 1016 vulnere
458 958 572 1016 livescit.
593 959 743 1033 Utrumque
762 970 854 1018 tamen
869 974 944 1016 oom-
993 964 1124 1029 uuquam
1142 961 1296 1032 deportanti
1318 960 1353 1017 ad
1377 964 1510 1023 minorem
1535 977 1652 1040 partem,
1667 980 1696 1027 et
1709 973 1786 1031 inho·

145 1068 233 1108 mune
251 1060 294 1108 est
313 1052 343 1108 in
363 1050 525 1121 semetipso,
538 1058 567 1107 et
581 1051 680 1108 animae
693 1060 721 1107 et
735 1050 843 1122 oorpori
856 1065 940 1107 meo:
992 1050 1141 1105 nestiorem
1163 1066 1319 1109 mensuram
1339 1055 1525 1116 humanitatis.
1555 1060 1609 1120 Sed
1633 1064 1670 1119 ita
1692 1079 1786 1137 sapere

145 1143 214 1215 quia
226 1158 276 1200 uec
286 1142 377 1198 anima
391 1148 469 1197 extra
485 1156 602 1214 eorpus,
625 1155 709 1212 aquo
721 1142 747 1197 ei
764 1141 865 1197 sentire
876 1154 941 1212 pro·
992 1139 1133 1198 dissonum
1154 1150 1206 1199 est.
1222 1144 1294 1218 Ergo
1314 1161 1369 1203 non
1387 1155 1430 1204 εει
1443 1165 1546 1222 pauper
1568 1152 1672 1224 iactus,
1686 1159 1731 1229 qui
1743 1174 1785 1216 as

145 1233 355 1300 oriumduerat,
370 1233 467 1299 sentit3
486 1247 539 1288 nec
557 1247 657 1303 eorpus
675 1232 745 1289 citra
764 1232 862 1288 animm
875 1246 942 1288 oon-
992 1240 1117 1304 sumptus
1136 1243 1188 1291 εει.
1215 1235 1311 1292 Restat
1329 1239 1402 1295 enim
1417 1240 1519 1309 dicere,
1528 1242 1591 1316 quia
1604 1244 1694 1304 lactus
1706 1258 1748 1305 εει
1758 1249 1786 1305 iu

144 1323 265 1379 sortium
280 1322 422 1394 plagarum
440 1320 542 1376 indicia
560 1322 687 1393 gestarit.
707 1322 784 1390 Quod
798 1336 940 1393 ergopro-
991 1332 1154 1396 paupertate
1167 1335 1273 1393 nostra,
1300 1330 1348 1400 qui
1369 1332 1446 1389 dires
1465 1340 1508 1392 est
1523 1343 1654 1408 mirquam
1677 1339 1783 1398 bens.»

142 1415 239 1488 prium
260 1414 329 1469 mihi
349 1414 377 1469 in
394 1412 523 1484 singulis,
548 1419 576 1468 ει
588 1411 707 1470 alienum
720 1420 762 1469 est
777 1411 900 1484 singulis,
914 1411 941 1467 id
991 1413 1027 1470 lit
1044 1414 1163 1472 iterum:
1190 1418 1388 1491 ‹Respicienda
1411 1423 1502 1495 itaque
1522 1436 1586 1483 sunt
1604 1445 1659 1485 non
1678 1430 1785 1489 illorum

144 1519 295 1561 commune
307 1510 348 1560 εει
360 1503 386 1559 in
398 1518 442 1559 me
456 1503 515 1574 ipso
525 1501 649 1575 singulis,
668 1502 740 1572 qrrod
750 1502 890 1573 proprium
900 1508 943 1557 est
991 1502 1174 1575 multiloquia,
1182 1506 1230 1562 sed
1239 1517 1313 1563 reeta
1325 1516 1353 1564 et
1364 1510 1536 1568 immaculata
1545 1514 1611 1572 tides
1623 1520 1784 1592 evangelice

143 1596 272 1668 singulis.
290 1595 324 1650 Et
341 1604 431 1650 tamen
452 1608 503 1666 ego
517 1595 575 1667 ipse
596 1610 667 1651 unus
680 1609 740 1650 sum
765 1594 792 1649 in
805 1594 939 1664 utrisque,
991 1595 1239 1666 atqueapostolicae
1253 1599 1412 1656 sanctionis.
1433 1602 1505 1658 Deus
1518 1613 1561 1660 εει
1578 1606 1606 1661 in
1620 1622 1703 1664 carne
1716 1618 1744 1664 et
1756 1611 1784 1666 in

143 1688 175 1744 iu
199 1704 243 1744 me
262 1689 321 1760 ipso
341 1689 551 1763 ιεειιιιειιιιὶιιιιες
574 1699 603 1744 ει
615 1703 666 1760 ego
679 1689 737 1759 ipse
752 1704 824 1744 unus
841 1704 901 1744 sum
912 1688 939 1743 in
991 1683 1132 1755 sauguine.
1144 1685 1375 1760 humanitatisque
1386 1708 1542 1750 mensuram
1553 1711 1603 1767 per
1614 1713 1647 1754 ea
1658 1715 1721 1770 qua
1733 1699 1783 1757 hu·

144 1781 261 1854 singulis
282 1781 407 1838 mihimet
424 1782 477 1853 ipsi
495 1781 620 1853 propriis.
649 1781 714 1850 Quae
733 1796 795 1837 eum
815 1781 853 1837 ita
874 1781 938 1847 sint,
953 1804 978 1866 B
991 1789 1073 1830 mana
1088 1783 1152 1832 sunt
1165 1780 1363 1850 cognoscimus.
1384 1783 1466 1841 llillia
1485 1786 1598 1843 millium
1616 1790 1688 1846 enim
1707 1807 1776 1866 ange

143 1870 320 1928 scriesnobis
340 1870 493 1928 diuinarum
510 1871 694 1943 percurrenda
714 1879 758 1928 εει
775 1871 938 1939 litterarum,
992 1863 1079 1921 lorum
1099 1874 1255 1923 8311010ῐῦῐῦ
1277 1870 1434 1929 ministrant
1447 1876 1488 1941 ei.
1504 1884 1532 1932 et
1551 1893 1657 1935 sacram
1671 1879 1729 1950 ejus
1743 1899 1778 1941 se

140 1972 173 2022 ct
189 1965 305 2036 plurima
321 1966 474 2023 testimonia
494 1965 699 2037 congreganda,
720 1964 940 2036 quibusdemou·
992 1957 1053 2013 dem
1078 1957 1255 2016 circumstant
1278 1963 1425 2034 seraphim.
1457 1965 1526 2032 Quia
1550 1984 1615 2024 uero
1635 1968 1723 2027 iaetus
1742 1983 1783 2029 est

141 2065 250 2113 stretur
262 2073 344 2128 quam
357 2059 393 2114 sit
404 2057 518 2128 impium
527 2064 557 2112 et
568 2056 740 2128 sacrilegum,
753 2069 786 2110 ca
797 2070 858 2127 quae
875 2061 941 2111 sunt
990 2048 1083 2116 homo,
1091 2051 1296 2124 appellatusque
1306 2069 1428 2112 summus
1435 2058 1571 2125 sacerdos,
1586 2075 1639 2114 nou
1653 2068 1781 2133 tanquam

139 2151 255 2224 propria
276 2150 369 2206 carnia
390 2148 509 2216 Christi,
534 2148 568 2204 ad
582 2157 707 2204 naturam
721 2147 803 2204 Verbi
817 2147 940 2219 proprie·
990 2141 1086 2212 majori
1101 2143 1156 2199 lieo
1173 2143 1291 2202 offerens
1311 2146 1492 2212 sacrificium,
1512 2151 1560 2205 sod
1574 2149 1682 2207 sibimet
1696 2161 1724 2208 et
1736 2153 1774 2208 Pa

140 2248 202 2297 tate
216 2240 335 2308 reterre,
350 2247 379 2298 ει
396 2255 457 2310 quae
477 2247 541 2295 sunt
552 2240 661 2311 propria
676 2236 758 2296 Verbi
771 2238 939 2310 proprietate
990 2235 1042 2301 tri,
1063 2235 1126 2292 lldei
1144 2245 1243 2294 nostrae
1259 2239 1412 2311 negotiatus
1430 2241 1664 2300 contessionem.»
1688 2246 1722 2301 Et
1734 2246 1786 2305 ite-

140 2339 250 2388 naturae
272 2331 365 2387 carnis
384 2331 521 2386 ascribere
542 2349 549 2385 ι
571 2338 598 2385 ει
614 2344 695 2400 quam
707 2331 744 2385 sit
762 2329 938 2386 nihilominus
991 2342 1074 2382 rum:
1093 2328 1225 2386 «intuere
1242 2330 1376 2400 siquidem
1396 2347 1458 2388 eum
1475 2333 1658 2393 immolantem
1673 2338 1781 2408 quidem

141 2422 278 2494 impium,
293 2437 326 2477 ea
348 2437 409 2493 quae
422 2429 486 2477 sunt
504 2421 613 2492 propria
627 2423 717 2478 carnis
734 2437 784 2493 per
806 2424 939 2495 exceptio-
990 2417 1139 2474 seeundum
1171 2420 1389 2488 humanitatem,
1421 2422 1586 2481 assidentem
1620 2440 1684 2482 uero
1712 2427 1780 2482 sicut

139 2530 205 2572 nem
218 2513 397 2585 proprietatis
410 2512 554 2568 alienarea
573 2512 671 2579 Verbo,
685 2521 714 2567 et
726 2528 787 2584 quae
801 2521 864 2570 suot
876 2529 939 2585 pro·
989 2507 1086 2565 Deum
1105 2508 1175 2577 Quid
1188 2511 1260 2566 enim
1278 2512 1318 2567 ait
1329 2514 1425 2569 beatus
1435 2513 1554 2571 Paulus?
1567 2515 1660 2572 Talem
1674 2515 1780 2588 pontill-

137 2606 203 2679 pria
214 2604 308 2669 Verbi,
324 2603 420 2660 eadem
430 2603 596 2675 exceptionis
607 2603 665 2675 lege
674 2602 823 2661 alienares
836 2620 935 2674 carne;
988 2614 1049 2657 oem
1067 2600 1216 2669 hahemus,
1231 2603 1278 2673 qui
1291 2604 1368 2658 sedet
1380 2604 1407 2659 in
1420 2605 1530 2661 dextera
1548 2607 1620 2662 sedis
1630 2605 1780 2676 maiestatis

140 2695 257 2752 mmsis
270 2695 311 2752 θὶς
326 2694 354 2751 in
367 2692 477 2751 christo
490 2702 635 2766 uarumque
649 2694 935 2762 commungegcpfi.
989 2687 1155 2744 inexcelsis.
1186 2687 1309 2746 Scientes
1329 2690 1496 2763 igiturquia
1518 2709 1580 2749 eum
1603 2695 1676 2751 Deus
1697 2701 1781 2751 esset.

139 2786 446 2857 emeritumque.»
988 2778 1076 2836 iactus
1087 2786 1130 2837 εει
1143 2781 1236 2848 homo,
1259 2789 1301 2838 est
1319 2791 1410 2839 autem
1427 2798 1498 2840 unus
1516 2794 1598 2856 atque
1617 2785 1687 2841 idem
1698 2784 1780 2854 tilius,

176 2896 275 2953 mg
294 2895 370 2954 pepp,
391 2898 420 2953 p„
443 2896 500 2954 301³
515 2896 683 2954 humum
705 2897 772 2954 ὥρῃ
789 2896 935 2954 Dominum
988 2873 1040 2945 ipsi
1053 2874 1143 2931 omnia
1160 2875 1304 2932 tribuimus
1320 2885 1449 2949 tanquam
1462 2878 1520 2946 uui,
1535 2887 1564 2935 ει
1573 2879 1780 2951 dispensationis

140 2985 295 3059 ,postorum
317 2994 346 3042 gg
366 2986 523 3056 pontificem
541 2986 635 3043 mim,
667 2987 766 3044 poam,
779 2996 868 3043 ,opem
880 2988 934 3060 (35,
987 2978 1041 3019 non
1061 2963 1256 3037 ignoravimus
1268 2967 1380 3033 modos,
1403 2981 1530 3024 sensuum
1547 2968 1674 3024 virtutem
1696 2969 1781 3026 artiss·

139 3082 227 3155 qun,
241 3091 336 3139 coum
361 3082 413 3138 hoc
434 3082 473 3136 p,
494 3081 592 3148 gom,
617 3081 711 3139 dim,
731 3100 738 3137 :
763 3081 935 3152 ,Scriptum
987 3054 1061 3112 ciose
1075 3065 1155 3127 atque
1174 3056 1322 3126 pmdenter
1336 3058 1364 3114 in
1383 3057 1441 3128 ejus
1461 3074 1569 3132 semper
1589 3069 1781 3137 convertentes

138 3189 259 3243 namque
281 3173 412 3228 divinitus
423 3172 563 3244 inspiratae
576 3172 662 3228 licum
675 3172 754 3228 nobis
772 3172 934 3228 inhumana·
948 3159 971 3222 C
985 3147 1177 3204 ⁰b⁰d¹⁰¹¹i¹³¹¹i
1195 3168 1204 3202 t

140 3263 936 3335 tumpredtcantEmmanuel,participatumqnecameet
1021 3257 1129 3314 xxxii.
1159 3257 1235 3315 Felix
1266 3260 1318 3317 soli
1340 3261 1474 3320 divinitati
1501 3264 1595 3321 tribuit
1617 3266 1778 3325 vivificatio-

140 3355 273 3426 sanguine
284 3353 408 3423 proxime
425 3353 504 3409 nobis
517 3353 565 3409 1)ε1
579 3360 608 3408 ει
622 3352 710 3409 Patris
722 3351 857 3408 alllrmant
869 3353 935 3408 Ver·
985 3363 1065 3414 nem,
1079 3349 1174 3406 dicens
1189 3349 1334 3409 bominum
1347 3354 1495 3410 secundum
1510 3356 1680 3413 divinitatem
1691 3356 1780 3414 uirili-

139 3441 204 3498 bum
218 3439 330 3506 iactum,
345 3440 398 3496 hoc
415 3447 472 3506 est,
490 3440 639 3505 hominem,
653 3455 766 3511 nonper
778 3438 934 3495 couversio-
985 3449 1093 3497 cantem
1114 3457 1183 3514 quos
1203 3444 1277 3512 vult;
1298 3451 1326 3502 et
1344 3461 1399 3501 non
1423 3449 1570 3505 recordans
1590 3451 1663 3522 quod
1676 3458 1778 3508 etcaro

139 3546 214 3597 nem,
228 3546 277 3587 seu
289 3532 478 3596 mutationem,
494 3530 542 3587 sed
555 3530 656 3586 uirtute
671 3528 800 3586 ineffabili
812 3529 933 3585 unitatis.
985 3530 1161 3588 vivificatoris
1177 3534 1275 3601 Verbi,
1299 3535 1463 3593 vivificatrix
1477 3539 1612 3596 credenda
1626 3548 1685 3607 εει,
1699 3541 1780 3598 heato

138 3622 255 3693 ldeotpre
273 3631 301 3679 ει
322 3639 406 3679 unum
439 3623 553 3679 dicimus
574 3622 718 3679 bominum
741 3620 833 3679 lesum
855 3620 935 3677 Chri·
984 3617 1087 3691 Cyrillo
1101 3623 1214 3680 docente
1228 3624 1265 3680 ita
1282 3642 1289 3678 :
1308 3625 1475 3697 «Proprium
1488 3643 1553 3702 ergo
1566 3629 1779 3701 eorpusiaetum

138 3724 223 3782 stum,
236 3731 372 3787 unamque
385 3715 477 3783 iidem,
499 3724 527 3771 ει
542 3731 627 3772 unum
646 3723 771 3772 sanctum
788 3714 932 3785 baptisma.
984 3710 1099 3768 dicimus
1114 3714 1212 3781 ilerhi,
1233 3724 1262 3771 et
1277 3733 1333 3773 non
1345 3719 1463 3776 hominis
1477 3721 1591 3792 alicujus
1603 3736 1736 3787 seorsum,
1751 3731 1780 3778 et

138 3805 192 3876 ont
207 3816 299 3863 numm
312 3824 327 3863 a
340 3806 514 3880 dogmatibus
525 3807 565 3863 sic
578 3807 661 3863 rectis
673 3805 816 3872 recedunt,
831 3815 859 3860 et
871 3821 935 3862 oon-
984 3808 1103 3876 separati
1125 3808 1239 3866 alterius
1257 3811 1326 3865 eitra
1346 3826 1408 3866 eum
1421 3815 1468 3883 qui
1484 3814 1644 3884 intelligitur
1653 3816 1779 3873 Christus

138 3906 288 3957 trasacras
305 3899 409 3955 litteras
426 3900 525 3956 durum
539 3907 622 3970 atque
641 3897 786 3970 superbum
804 3896 935 3967 obiiciunt
983 3902 1012 3953 et
1020 3896 1115 3952 Filius.
1136 3898 1213 3954 Sicut
1235 3909 1325 3956 autem
1336 3904 1474 3974 proprium
1503 3913 1625 3961 nostrum
1651 3908 1778 3965 uniuscu-

137 4003 262 4054 scnmm,
277 3996 305 4043 ει
315 3989 366 4045 hoc
378 3989 464 4045 solum
476 3988 549 4060 quod
565 3989 673 4045 benene
685 3988 785 4043 habere
798 3986 934 4041 arbitran-
979 3983 1079 4056 iusque
1092 3987 1191 4043 dieitur
1203 4003 1302 4060 eorpus
1316 4006 1439 4049 seorsum
1454 3992 1513 4064 cius
1528 3995 1604 4067 cujus
1625 4006 1684 4067 εει,
1704 4011 1732 4056 ει
1750 4003 1778 4059 in

136 4089 183 4136 tur
203 4081 370 4152 inspiciunt,
396 4081 535 4140 hominem
558 4096 625 4137 vero
647 4088 815 4152 assumptum
837 4095 853 4135 a
877 4079 933 4136 lieo
982 4090 1037 4132 uno
1058 4075 1167 4135 Christo
1191 4078 1395 4154 intelligendum
1411 4085 1519 4157 utique,
1527 4089 1660 4146 exsistens
1676 4091 1778 4149 nostris

138 4172 229 4228 Verbo
243 4174 355 4240 dieunt,
377 4175 526 4230 seeundum
541 4173 607 4230 illud
620 4179 686 4244 puto
700 4173 772 4242 quod
789 4186 932 4244 perunum
981 4170 1141 4241 corporibus
1159 4181 1303 4245 cognatum
1324 4175 1382 4232 sire
1400 4179 1639 4239 eorrsubstantiale.
1663 4182 1777 4241 Factum

137 4273 295 4321 sanctornm
309 4266 411 4323 dietum
425 4275 468 4323 est
477 4267 673 4339 prophetarum
687 4284 695 4320 :
709 4264 767 4321 lton
782 4279 858 4320 cram
869 4279 933 4336 pro-
981 4259 1054 4317 enim
1065 4274 1099 4316 ex
1112 4261 1226 4318 muliere
1239 4264 1379 4335 proprium
1392 4263 1471 4335 ejus,
1494 4269 1534 4323 sle
1552 4277 1582 4325 ut
1602 4271 1657 4327 dixi
1678 4271 1777 4331 intelli-

137 4357 240 4428 phcta,
265 4372 353 4428 neque
374 4342 447 4414 lilius
460 4358 617 4430 prophetae,
637 4357 684 4412 sed
700 4371 786 4428 caupo
798 4371 873 4412 eram
883 4354 932 4410 iri·
980 4351 1055 4421 gitur
1065 4358 1094 4407 et
1108 4351 1216 4407 dieitur.
1246 4352 1380 4421 Quoniam
1396 4371 1461 4411 uero
1480 4358 1628 4414 seeundum
1650 4368 1776 4422 naturam

137 4460 208 4501 cans
218 4446 363 4513 sicamina,
377 4455 406 4503 et
414 4448 560 4518 assumpsit
573 4463 617 4503 me
630 4461 664 4503 ex
680 4446 786 4502 oribus.
812 4446 848 4502 Et
860 4445 930 4502 sieut
981 4451 1024 4500 εει
1045 4460 1079 4500 ex
1094 4443 1150 4500 lieo
1170 4443 1251 4500 Patre
1274 4446 1408 4512 Verbum,
1434 4448 1639 4506 vivificatricem
1657 4453 1777 4512 ostendit

136 4537 176 4592 ait
193 4537 290 4593 beatus
310 4539 417 4605 barid,
439 4537 591 4610 Suscipieaa
615 4546 764 4592 mansuetos
788 4506 1058 4591 Dominaeflsuam
1081 4549 1208 4601 camem;
1232 4534 1333 4591 ideireo
1355 4534 1427 4591 laeta
1449 4545 1492 4594 est
1512 4538 1590 4595 nobis
1610 4539 1774 4601 benedictio.

136 4626 190 4684 Per
211 4629 334 4685 habitum
356 4631 455 4702 quippe
484 4639 512 4687 ct
534 4630 746 4686 familiaritatem
769 4628 928 4699 spiritalem,
982 4624 1129 4681 Viviticans
1141 4624 1258 4695 denique
1272 4623 1380 4680 dicebat
1397 4626 1642 4685 Christusrhmen
1656 4629 1775 4690 diooro·

136 4726 267 4790 tanquam
291 4722 319 4775 in
338 4722 477 4777 uoluntate
500 4729 528 4776 et
547 4720 634 4794 gratia
654 4727 682 4774 et
703 4717 927 4785 sanctificatione,
980 4717 1041 4773 bis:
1056 4716 1113 4788 ligo
1133 4734 1192 4772 aum
1212 4718 1288 4788 ponis
1310 4718 1384 4773 uiuus
1399 4720 1445 4791 qui
1467 4719 1500 4776 dc
1513 4722 1577 4777 celo
1593 4721 1732 4791 descendi,
1747 4732 1776 4781 ει

135 4811 206 4866 siem
220 4818 249 4865 ει
263 4827 313 4865 nos
333 4812 385 4882 ipsi
401 4811 569 4867 adherentes
583 4809 712 4873 Domino,
731 4823 802 4863 unus
818 4807 930 4878 spiritus
980 4809 1065 4865 uitam
1084 4809 1146 4864 dedi
1161 4810 1272 4865 mundo.
1293 4810 1328 4866 Et
1345 4825 1463 4868 rursus:
1484 4813 1569 4871 Portis
1584 4824 1676 4874 autem
1693 4833 1774 4889 quem

134 4917 240 4969 sumus,
261 4907 411 4962 secundum
431 4906 503 4976 quod
527 4905 657 4975 scriptum
671 4908 722 4958 est.
750 4900 804 4956 Sed
822 4908 931 4958 nonest
980 4914 1032 4972 ego
1044 4900 1153 4966 dedero,
1169 4917 1231 4955 caro
1246 4918 1305 4956 meu
1317 4911 1356 4957 εει
1368 4920 1416 4975 pro
1428 4907 1520 4961 nsandi
1532 4910 1596 4964 cito.
1608 4908 1643 4964 Et
1655 4910 1751 4965 itemru
1765 4929 1772 4966 :
1835 4926 1840 4935 ·

134 4992 188 5049 boe
200 4994 343 5051 humanari
367 4995 530 5060 Dominum,
552 4994 600 5050 sed
611 5006 699 5064 neque
713 4990 836 5063 proxime
853 4990 931 5046 nobis
984 4988 1036 5056 Qui
1047 4991 1189 5045 munducat
1203 5007 1288 5046 aream
1303 5008 1423 5062 sermm,
1449 5005 1474 5051 ει
1494 4997 1557 5053 bibit
1569 5015 1655 5054 mcum
1666 5001 1771 5070 sungui-

133 5097 218 5138 mme
242 5092 272 5140 et
288 5087 419 5159 sanguine
432 5085 612 5158 participare,
634 5083 681 5140 sed
693 5083 779 5155 magis
790 5081 930 5153 proprium
982 5094 1050 5145 aem,
1071 5079 1098 5132 in
1109 5095 1150 5133 me
1164 5088 1261 5145 maaet,
1276 5089 1361 5152 stepo
1375 5083 1456 5139 iaco.
1472 5104 1482 5138 r
1499 5085 1565 5142 item
1576 5087 1672 5141 beatus
1685 5085 1774 5158 Cyril·

133 5171 225 5230 lacere
245 5177 402 5243 bominem,
424 5186 453 5234 et
474 5193 529 5233 non
552 5176 701 5232 secuudum
720 5173 803 5230 alium
819 5170 928 5229 modum
980 5170 1047 5228 lus:
1073 5171 1143 5228 «Uti
1165 5185 1200 5227 ne
1220 5172 1312 5229 videar
1334 5190 1386 5248 cgo
1403 5177 1477 5234 solus
1499 5178 1580 5234 llerbi
1601 5193 1698 5249 eorpus
1710 5197 1773 5252 pro-

132 5278 216 5335 gnem
237 5268 290 5323 dici
314 5271 414 5339 poterit
434 5268 581 5340 prophetas
601 5273 630 5322 et
654 5266 792 5335 apostolos
811 5272 840 5319 et
861 5263 929 5320 alios
980 5261 1069 5331 prium
1097 5262 1254 5330 nominare,
1278 5264 1361 5321 ctiam
1384 5277 1540 5324 sanctorum
1561 5268 1674 5327 Patrum
1699 5275 1772 5334 volui

133 5367 244 5416 sanctos
268 5375 373 5417 omnes.
400 5361 518 5418 Putasne
535 5367 646 5417 saumas
666 5357 765 5414 Paulus
782 5356 929 5412 seducebat
979 5366 1081 5422 ponere
1096 5354 1250 5411 testimonia
1264 5397 1272 5422 ,
1286 5365 1317 5413 ut
1336 5359 1425 5414 sciant
1441 5359 1589 5416 aduersarii
1603 5363 1667 5434 quia
1681 5365 1772 5423 inani-

118 5449 320 5507 ·sanctiilcatos
332 5469 382 5523 per
395 5452 475 5509 iidem
488 5451 659 5523 apertissime
675 5449 769 5505 dioerrs
784 5447 817 5503 de
833 5445 927 5517 unige·
980 5450 1022 5499 ter
1032 5459 1082 5500 nos
1101 5445 1249 5501 inclamant
1269 5456 1413 5518 sequentes
1432 5448 1533 5520 ubique
1552 5450 1660 5510 illorum
1679 5470 1769 5513 voees.

132 5538 200 5604 nito,
216 5540 281 5609 quia
295 5556 357 5597 cum
379 5549 451 5598 esset
464 5541 548 5607 dives,
572 5552 675 5609 pauper
693 5547 735 5593 est
755 5536 844 5592 iactus
863 5550 927 5607 pro·
978 5536 1025 5593 Ait
1034 5537 1136 5610 litaque
1158 5537 1359 5596 famosissimus
1378 5548 1472 5597 noster
1485 5540 1567 5601 Pater
1582 5554 1609 5602 et
1628 5547 1771 5619 episcopus

119 5637 193 5699 pter
209 5632 282 5687 nost
299 5631 388 5689 Absit.
407 5632 478 5689 Vere
494 5645 611 5700 namque
620 5628 686 5685 dicit
701 5629 811 5685 omnino
826 5627 925 5686 verita·
977 5629 1143 5687 Athanasius
1161 5630 1189 5686 in
1202 5630 1271 5687 lihro
1292 5628 1327 5686 tio
1349 5639 1445 5689 sancta
1459 5632 1594 5699 Trinitate
1612 5655 1619 5691 :
1638 5636 1673 5692 lit
1686 5653 1770 5709 appa·

132 5716 287 5790 tispraeoo,
308 5722 355 5793 qui
370 5730 414 5780 εει
424 5720 510 5778 dives.
528 5719 563 5775 lit
575 5717 711 5790 quomodo
723 5732 825 5791 pauper
835 5716 925 5775 iactus
977 5722 1054 5780 rebat
1077 5723 1141 5795 quia
1161 5735 1216 5780 nou
1237 5728 1299 5779 erat
1315 5723 1474 5797 phantasia,
1497 5728 1546 5787 ted
1567 5744 1630 5787 rere
1648 5729 1768 5787 babebat
1855 5790 1859 5797 ,
