3832 6120
101 317 151 372 ili
655 312 718 366 ctu.
740 305 929 365 ADVERSUS
948 305 1166 366 :tristissimis
1682 315 1748 371 ω.

100 432 234 501 Sequitur
258 429 285 484 iu
306 429 401 483 endem
425 428 566 497 Scriptura
584 446 590 481 ε
607 428 641 482 Ει
662 428 776 499 peruenit
791 427 895 482 uerbum
909 423 996 493 Agit,
1013 425 1087 482 iilius
1098 428 1215 484 forsitan
1226 443 1304 484 error
1328 430 1432 499 estqui
1458 429 1577 502 scripsit.
1601 433 1634 489 Si
1647 444 1738 490 nutent

100 526 137 577 ad
154 538 238 593 rcqem
262 517 368 583 Ninive,
390 527 414 573 et
437 519 551 572 surrexit
575 519 606 573 de
625 518 767 584 toliosuo,
782 527 806 570 et
821 517 896 586 eiecit
947 528 981 569 ex
1004 517 1151 587 semetipso
1172 519 1349 589 excogitavit,
1375 520 1459 575 nimia
1484 523 1660 592 presumptio
1685 534 1738 581 est.

102 611 282 667 uestimentum
299 624 404 662 suumn
418 623 455 673 se,
471 617 494 660 et
509 607 617 661 indutus
631 619 669 661 est
684 623 770 671 rocco,
792 615 816 660 et
829 605 896 659 uuit
947 602 1017 670 Quin
1039 621 1156 676 nutuque
1180 609 1335 679 ingemiscit
1352 612 1500 681 gravatus?
1518 610 1599 668 Certe
1617 627 1653 670 eo
1668 617 1740 686 qood

102 706 130 757 in
150 704 246 765 cinere,
266 709 292 755 et
308 699 440 763 clamavit,
455 709 479 754 et
493 700 560 754 dicit
575 701 604 754 in
618 698 713 754 Niniue
727 715 760 753 es
773 713 817 752 ore
830 697 897 766 regis
947 711 1001 750 non
1020 697 1077 752 vult
1100 698 1221 766 spoliari,
1237 699 1285 755 sed
1313 702 1499 769 supervestiri.
1519 703 1589 758 Etsi
1600 720 1657 760 nors
1682 706 1741 762 ruit

101 805 126 848 et
144 793 293 866 principum
310 807 380 860 epus,
394 791 505 844 dicens:
523 788 660 851 Homines,
680 798 704 842 et
722 789 854 858 jumento,
873 796 898 842 et
947 788 1058 857 spoliari
1077 791 1240 846 vestimento
1261 790 1381 861 Spiritus
1399 795 1498 861 suncti,
1526 795 1593 865 quid
1612 796 1673 851 vult
1691 812 1743 852 re·

101 889 189 948 bores,
205 892 229 937 et
241 897 336 954 pecore
349 897 401 934 non
412 888 514 950 gustem
525 879 677 949 quidquam,
690 895 736 932 nec
745 887 897 949 poscuntur,
947 878 1014 932 stiro
1025 893 1107 948 super
1122 879 1254 950 Spiritum
1270 881 1336 937 not
1350 881 1406 939 Sed
1421 884 1551 954 quonium
1570 886 1749 944 loborissnro.

101 990 127 1033 et
145 993 242 1048 nquam
262 991 315 1028 non
334 972 432 1026 bibant.
446 971 483 1027 Ει
503 972 656 1042 opinantur
669 972 753 1026 soccis
769 972 897 1035 domines,
947 966 1121 1025 sumtuum
1131 984 1241 1027 sensnm
1252 971 1321 1040 eins,
1336 973 1390 1030 boe
1406 974 1485 1030 nobis
1494 975 1599 1032 dixisse
1613 976 1750 1045 sufficiat,

102 1080 128 1123 et
140 1069 278 1138 jumento,
298 1072 323 1119 et
348 1063 459 1118 clament
475 1063 509 1116 od
530 1060 615 1116 Deum
630 1062 658 1116 in
682 1061 835 1131 tortitudine
850 1075 859 1112 :
874 1070 899 1117 et
948 1058 1125 1128 quoddoclor
1134 1061 1391 1119 utboucusbeatus
1409 1064 1578 1135 Augustinus
1590 1067 1643 1124 boo
1654 1071 1738 1125 resti-

103 1168 273 1215 convertntur
287 1156 355 1211 uiro
373 1156 414 1209 uia
429 1173 478 1209 suo
494 1154 576 1220 molo,
590 1164 614 1209 et
634 1156 666 1208 ob
688 1156 899 1226 iniquituteqstce
950 1159 1073 1207 mentum
1104 1153 1300 1210 mortalitatem
1333 1155 1425 1211 cernis
1452 1170 1515 1212 esso
1544 1157 1631 1224 deit,
1659 1175 1742 1230 quun

103 1262 143 1306 est
154 1254 183 1305 in
195 1248 316 1303 munibus
327 1263 427 1302 eorum.
442 1245 508 1311 Quis
520 1245 601 1300 tritri
619 1254 819 1299 concertatores
829 1247 901 1316 iguo·
950 1249 1089 1312 goslnmus
1106 1242 1135 1298 in
1149 1243 1202 1299 hoc
1215 1259 1330 1314 oorpore
1343 1245 1475 1302 virentes.
1493 1247 1682 1317 Et-propteren
1701 1252 1744 1306 in-

103 1354 161 1398 scot
177 1342 258 1404 Deus,
274 1349 298 1393 ct
313 1346 458 1392 reuertatur
470 1355 486 1391 ο
506 1336 596 1405 furore
608 1337 656 1390 iric
672 1352 736 1399 tuce,
753 1344 778 1389 et
794 1352 845 1389 non
857 1351 901 1405 pe·
950 1331 1123 1401 gemiscimus
1140 1333 1255 1403 gravati,
1271 1334 1335 1403 quin
1349 1334 1476 1390 timemus
1489 1350 1538 1405 per
1549 1345 1664 1393 mortem
1675 1348 1744 1397 tern-

104 1431 237 1488 ribimuri
249 1430 285 1485 lit
300 1429 362 1483 uidit
384 1427 456 1482 Deus
478 1443 558 1497 opero
580 1442 683 1491 eorum,
706 1428 769 1497 quic
786 1426 901 1481 conserti
950 1419 1072 1488 porilem
1082 1421 1194 1490 spoliari
1216 1422 1379 1478 vestimento
1392 1424 1504 1480 curnis:
1520 1433 1556 1490 ot,
1570 1426 1593 1481 si
1605 1426 1666 1482 beri
1681 1444 1744 1499 pos.

105 1535 168 1581 sunt
181 1525 214 1579 de
232 1525 274 1578 viu
289 1538 340 1577 suo
354 1520 425 1574 molo
442 1537 451 1575 :
467 1529 492 1574 et
514 1521 637 1573 rmscrtus
653 1528 691 1573 est
705 1534 783 1588 super
800 1517 902 1571 molitis
951 1516 1005 1574 ⁸⁰1.
1019 1510 1151 1567 1111611111
1170 1513 1347 1582 supervestiri
1361 1513 1509 1570 immortali
1532 1516 1608 1583 vitn;
1630 1533 1686 1573 stou
1697 1520 1745 1575 de-

105 1632 187 1686 qucm
208 1613 311 1668 locutus
329 1612 416 1681 fuerat
431 1620 459 1664 οι
474 1611 570 1680 taceret
589 1609 637 1674 eis,
651 1618 675 1663 et
691 1625 743 1663 non
757 1608 828 1678 fecit.
848 1605 902 1664 Sed
950 1601 1039 1670 1103111
1064 1616 1113 1672 Del
1142 1610 1258 1660 mortem
1283 1604 1341 1673 ipso
1367 1604 1548 1671 Williiiies
1575 1608 1624 1663 11111
1655 1609 1762 1679 Ιιοιίοιλ

107 1725 157 1778 per
171 1707 227 1764 loei
240 1707 398 1776 prophetam
412 1704 470 1772 ipse
483 1703 614 1758 Dominus
628 1702 796 1757 demonstret
805 1701 900 1771 quales
953 1692 1082 1762 absorpta
1098 1709 1114 1748 a
1128 1695 1195 1751 vitu.

109 1799 264 1869 rogationes
284 1797 349 1851 vern
366 1796 417 1851 sur
437 1794 699 1858 enuticusunus:
716 1773 941 1848 constrincti
990 1782 1023 1837 t'·
1037 1782 1107 1839 Dicit
1129 1785 1227 1842 iterun
1245 1785 1398 1844 susurrus
1410 1788 1440 1844 u
1458 1787 1530 1846 unm
1551 1791 1651 1860 cnm,
1672 1793 1746 1864 erni·

107 1889 198 1943 odmc
214 1888 242 1941 in
256 1895 310 1941 toto
325 1886 402 1940 eorde
425 1893 519 1949 restro,
542 1886 570 1937 in
594 1883 708 1953 jejunio,
736 1893 761 1936 et
781 1884 857 1952 fletu,
879 1889 903 1935 et
955 1877 1012 1932 tulo
1037 1878 1268 1950 quadragesimo:
1287 1898 1298 1932 ι
1320 1880 1395 1938 Solet
1417 1883 1503 1951 quiesi
1526 1882 1761 1956 iutervnlgurss-

108 1980 237 2049 planctu,·
259 1987 284 2031 et
301 1977 411 2032 ruodilo
427 1974 509 2028 cordo
523 1984 621 2041 oestro,
645 1982 670 2027 et
686 1990 738 2027 non
754 1973 905 2027 restituente
954 1976 1057 2039 quanto
1076 1975 1197 2040 ternpore
1211 1969 1329 2027 slebesnt
1343 1973 1500 2029 unctionem
1520 1973 1678 2031 obtinuistis
1697 1975 1746 2031 ob-

110 2077 251 2133 nestro,·et
267 2066 446 2121 convertimini
463 2064 497 2118 od
513 2064 656 2119 Dominum
673 2062 757 2116 Deum
778 2073 904 2127 centnm,
957 2059 1111 2114 servarein
1126 2060 1232 2129 cupite,
1255 2068 1286 2114 ut
1306 2076 1361 2117 non
1385 2061 1511 2118 inventur
1534 2064 1581 2133 qui
1611 2065 1762 2134 sccipiunta

108 2160 172 2229 quiin
184 2158 309 2227 benignus
321 2163 346 2209 et
360 2156 509 2209 misericors
523 2162 572 2218 est,
586 2154 734 2224 potionum
750 2151 849 2208 stultus
860 2151 907 2206 mi-
954 2161 1054 2205 manus
1079 2148 1290 2219 impositionem,
1315 2151 1419 2223 ubsque
1438 2159 1560 2223 tmpore
1583 2153 1753 2225 baptisterii..

109 2249 266 2312 sericordio,
282 2255 305 2300 et
322 2243 492 2315 deprecobilis
507 2260 584 2314 super
601 2243 715 2298 inolitis.
735 2243 803 2298 Dlud
823 2244 905 2298 etium
956 2239 1060 2307 Quibus
1082 2250 1172 2311 potest
1189 2244 1361 2312 responderi,
1376 2252 1480 2314 quanto
1492 2254 1614 2316 tempore
1634 2263 1748 2319 generu-

110 2342 184 2409 quorl
210 2336 358 2407 subjungit,
382 2342 525 2405 propterea
550 2336 667 2405 septimo
686 2335 821 2391 liniendus
843 2335 906 2391 lluii
956 2332 1020 2388 liter
1035 2331 1069 2388 ab
1081 2332 1203 2390 Ecclesia
1217 2334 1371 2392 ouebnmr
1384 2338 1516 2394 adventus
1525 2338 1644 2409 Spiritus
1660 2342 1747 2397 minu

112 2430 256 2500 legendum
279 2427 421 2483 lectionem
435 2426 583 2497 Evangelii,
602 2427 628 2480 in
645 2442 697 2496 qun
716 2427 795 2482 datur
815 2441 907 2482 exem·
957 2437 1039 2492 super
1063 2422 1221 2492 apostolos,
1250 2432 1324 2481 tento
1352 2433 1472 2496 tempore
1497 2428 1649 2486 celebretur
1677 2432 1749 2503 upsd

111 2521 189 2592 pium
205 2521 330 2590 depone,
345 2534 407 2584 oto,
421 2529 449 2574 et
464 2520 545 2590 pisce,
566 2520 630 2588 quin
644 2534 677 2574 eo
693 2527 813 2590 ternpore
827 2521 909 2591 proli·¹
940 2529 1179 2585 unumquemque
1202 2516 1249 2585 qui
1271 2532 1333 2574 eum
1358 2519 1469 2590 occipit,
1492 2520 1546 2577 boc
1564 2528 1624 2586 ost,
1642 2532 1746 2592 septem

111 2615 199 2676 ciunt,
216 2619 245 2667 et
259 2627 308 2680 pro
322 2611 374 2666 iliis
386 2627 418 2666 eo
436 2620 557 2681 tempore
569 2610 699 2666 Dominus
721 2611 908 2680 deprecandus
958 2603 1065 2660 111111111-
1082 2605 1116 2659 Ei
1129 2620 1184 2662 11011
1207 2606 1353 2664 immerito·
1377 2608 1511 2676 0111111111
1525 2611 1556 2667 iti
1565 2619 1671 2682 suptom
1690 2630 1748 2669 mu·

112 2703 158 2765 sit,
178 2709 209 2755 ut
227 2701 325 2755 nostris
338 2701 430 2756 usibus
444 2708 647 2766 conserventur,
662 2702 724 2772 quis
743 2718 797 2757 non
818 2703 908 2758 videus
954 2697 1069 2754 lieribus
1082 2697 1156 2754 venit
1169 2698 1203 2755 nd
1219 2699 1353 2770 hospitem
1366 2717 1457 2768 munt,
1472 2701 1515 2759 ins
1527 2712 1570 2761 est
1583 2711 1614 2760 ut
1641 2705 1748 2762 uuicui-

105 2802 216 2862 ,qunnto
235 2793 291 2847 risu
305 2792 414 2859 dignum
427 2793 473 2856 sit,
489 2806 521 2847 eo
535 2793 608 2862 quod
623 2806 762 2863 nunqnam
777 2792 908 2848 Dominus
957 2802 1009 2857 quo
1027 2788 1134 2845 mulieri
1153 2789 1307 2846 convivium
1328 2806 1407 2849 suum
1431 2802 1544 2864 paretur
1567 2810 1616 2866 per
1629 2796 1767 2868 singulos

114 2899 164 2953 pro
176 2884 367 2938 innovationes
380 2884 501 2952 publicus
524 2884 583 2939 fieri
594 2882 722 2952 jusserim
738 2900 829 2941 cume
844 2900 908 2941 con-
957 2879 1015 2937 dies
1029 2899 1036 2933 :
1049 2880 1084 2936 do
1104 2880 1205 2952 quibus
1216 2881 1375 2938 mulieribus
1396 2883 1463 2939 dicit
1480 2883 1564 2941 buius
1580 2885 1764 2956 :Appuleio-v-

115 2976 199 3029 trurio
213 2976 394 3044 preceperit:
415 2975 504 3030 Nolite
525 2992 641 3047 querere
654 2976 718 3047 quid
731 2975 907 3042 manducetis,
958 2970 1022 3025 dent
1041 2981 1139 3042 septem
1150 2971 1273 3027 mulieres
1293 2974 1378 3028 uirum
1392 2991 1489 3030 οιιιιιο.7
1512 2975 1672 3037 Conuiuium
1691 2979 1751 3037 ittu-

114 3077 161 3120 out
177 3066 240 3136 quid
258 3065 362 3130 bibatis,
381 3074 404 3120 et
419 3066 500 3120 nolim
515 3067 543 3120 in
559 3066 670 3121 sublime
680 3065 747 3121 tolli.
761 3064 827 3120 licre
839 3068 909 3122 enim
960 3075 1021 3115 rum
1034 3061 1179 3117 mulierum
1193 3070 1246 3130 est,
1258 3062 1366 3132 quondo
1380 3064 1446 3134 ipsae
1459 3064 1493 3121 (le
1504 3080 1533 3121 sc
1546 3066 1647 3122 satient
1660 3068 1752 3138 bospi-

115 3163 205 3214 omnin
215 3167 303 3230 gentes
317 3161 406 3215 ruendi
418 3169 549 3231 querunt.
566 3158 648 3214 Pater
662 3170 750 3214 cutem
763 3168 847 3214 vestm
860 3160 908 3214 sris
922 3134 945 3198 C
961 3162 1016 3210 ten
1031 3170 1121 3210 suum.
1135 3156 1211 3213 Talin
1224 3158 1350 3214 convivia
1368 3161 1516 3218 exercebat
1532 3160 1657 3220 Christus
1676 3166 1751 3235 epod

115 3254 240 3323 quonium
260 3253 300 3306 iris
317 3251 449 3319 indigetis.
477 3249 662 3306 Verumtamen
679 3251 788 3323 merite
802 3267 910 3321 regnum
959 3247 1090 3303 convivas
1115 3262 1190 3316 suos,
1217 3249 1281 3306 tulin
1304 3257 1333 3306 et
1353 3249 1472 3320 Spiritus
1495 3263 1606 3310 sunmus
1631 3264 1750 3314 esemel.

118 3345 175 3407 Dei,
193 3353 217 3397 et
238 3345 293 3399 huc
308 3345 397 3398 ontrriu
425 3343 585 3414 adjicientur
607 3344 688 3399 uobis·
704 3343 771 3399 Nam
793 3344 844 3400 etsi
860 3359 910 3414 pro
960 3338 1064 3411 Hospes
1075 3340 1194 3410 Spiritus
1204 3343 1302 3410 suncti,
1314 3346 1589 3403 mensesthonrinis.
1603 3347 1752 3406 Densus-

117 3435 240 3506 frugibus
251 3443 329 3491 terroe
340 3444 367 3490 et
376 3451 425 3506 pro
436 3436 619 3490 aninmntibus
628 3435 781 3505 quibusque
791 3435 909 3491 urendus
960 3435 1243 3505 toentpiiussotintur
1264 3438 1387 3510 arigim
1411 3436 1530 3508 Spiritus
1550 3441 1649 3509 munti,
1667 3456 1752 3512 quun·

117 3527 203 3591 Dens;
219 3526 339 3594 nunquid
356 3532 384 3578 et
407 3540 455 3595 pro
477 3525 596 3594 piscibus
610 3525 764 3594 rogationes
778 3523 908 3580 iaciendo
960 3531 990 3581 to
1005 3526 1094 3582 miuus
1114 3525 1197 3582 inerit
1227 3528 1317 3584 ductu
1341 3529 1498 3586 consulibus
1517 3530 1750 3590 delectationibus.

116 3626 190 3682 sunt,
204 3627 233 3671 ut
248 3624 445 3672 conserventur
456 3624 567 3687 propter
580 3617 646 3672 uos?
959 3615 999 3672 ltu
1008 3618 1135 3673 observet
1148 3619 1283 3690 accipiens
1296 3629 1403 3690 tempus
1414 3621 1547 3678 adrentus
1556 3620 1674 3690 Spiritus
1687 3638 1751 3679 sen-

153 3709 197 3763 lii.
210 3709 283 3763 Dicit
302 3710 400 3764 iterum
427 3708 581 3763 Amoinrius
599 3709 626 3763 in
654 3709 727 3764 libro
748 3709 846 3780 primo,
862 3724 909 3764 cn-
960 3711 1009 3775 cti,
1032 3719 1063 3764 ut
1079 3710 1149 3766 solet
1173 3711 1478 3768 eburneumicuscircu
1502 3714 1616 3769 obortum
1630 3714 1763 3769 unicum

117 3803 205 3872 pitulo
229 3802 360 3856 vicesimo
385 3801 522 3871 septimo:
546 3818 555 3852 ι
581 3801 651 3855 Ειιιιι
676 3816 758 3871 quern
783 3800 908 3869 superius
960 3800 1765 3870 observareitunndonliquischarusednmicumchurum.

116 3903 245 3963 precatus
256 3902 297 3949 est
309 3891 431 3963 pontifex
443 3898 473 3945 ut
488 3893 609 3946 mitteret
622 3889 755 3960 Spiritum
774 3897 908 3952 sonetum,
961 3889 1044 3953 venit,
1060 3888 1087 3942 in
1107 3887 1181 3942 nullo
1198 3889 1257 3944 vult
1271 3888 1317 3945 ille
1330 3891 1377 3960 qui
1398 3890 1522 3960 suscipit,
1534 3890 1619 3962 ,illurn
1634 3892 1755 3956 olleudo¹

118 3986 146 4039 in
162 3985 335 4053 sequentibus
354 3983 422 4052 petit
441 3991 471 4036 ut
485 3982 677 4052 suscipientem
693 3981 820 4050 dignetur
846 3994 911 4033 con-
961 3992 1002 4044 re‚
1015 3980 1063 4035 sed
1075 3978 1208 4049 quidquid
1218 3981 1295 4036 novit
1303 3981 1330 4036 ei
1341 3982 1471 4052 placitum
1481 3996 1552 4049 esse,
1564 3983 1617 4040 boc
1629 3985 1766 4042 ex2corde=

118 4076 228 4143 sigrium
253 4075 281 4128 in
296 4074 380 4128 vitum
394 4083 545 4136 veternam
562 4071 656 4135 idest,
680 4071 805 4126 eumdem
820 4067 909 4140 Spiri-
960 4071 1079 4142 benigno
1102 4070 1128 4126 ei
1155 4071 1275 4127 adhibet.
1290 4071 1330 4128 ltu
1342 4073 1474 4144 quidquid
1484 4076 1650 4146 cognoverit
1667 4078 1755 4134 sumi-

119 4175 176 4218 tum
206 4180 259 4219 nou
286 4165 394 4219 amittat
409 4162 570 4233 suscipiens,
597 4163 765 4231 usquedum
780 4162 911 4233 perduou
960 4162 1040 4233 piens
1053 4160 1187 4232 Spiritum
1206 4170 1346 4231 sunctum,
1360 4163 1491 4233 placitum
1503 4165 1529 4222 ei
1547 4182 1621 4234 esse,
1639 4169 1692 4224 boc
1715 4167 1761 4225 nto

119 4256 253 4325 hospitem
265 4271 344 4311 suum
359 4255 393 4309 ud
404 4254 488 4309 ritum
499 4262 640 4308 aetermm.
660 4273 669 4306 ι
686 4253 720 4308 Et
731 4262 792 4325 post
806 4268 907 4325 ponec:
960 4255 1216 4326 exhibeatquunutu
1226 4270 1288 4312 oum
1298 4255 1405 4313 uuest
1419 4255 1627 4327 Sibooteucrit,
1642 4259 1754 4317 forsitan

122 4368 132 4401 ι
162 4348 226 4405 Sine
249 4350 303 4405 isto
318 4348 456 4420 signaculo
476 4364 531 4404 non
551 4356 659 4418 oportet
682 4365 732 4404 nos
750 4350 909 4419 praesenturi
962 4348 1043 4403 citius
1064 4348 1166 4417 poterit
1179 4348 1206 4405 ei
1229 4349 1387 4416 conciliari,
1405 4350 1515 4420 quondo
1539 4351 1630 4420 ulique
1652 4350 1753 4407 οίιοιιοο

120 4449 184 4497 unte
198 4443 291 4497 Deum.
306 4441 345 4498 De
360 4456 413 4510 quo
426 4441 504 4511 qumi
531 4442 565 4497 de
580 4440 670 4511 aliquo
692 4441 855 4497 vestimento
870 4442 910 4497 di·
924 4479 951 4539 D
963 4440 1150 4498 recesserunt)
1160 4454 1202 4495 eo.
1219 4439 1333 4507 Quando
1344 4439 1470 4497 Christus
1479 4443 1640 4496 recordetur
1649 4442 1756 4497 unctio

120 4535 200 4589 cubat
214 4533 313 4589 Pontus
326 4534 361 4588 ud
377 4532 554 4589 Corinthios:
574 4533 680 4587 Etenim
707 4533 752 4604 qui
773 4550 863 4590 eumue
884 4535 913 4589 in
963 4545 1027 4587 netu
1039 4529 1196 4586 chrismatis
1208 4530 1260 4587 sibi
1274 4532 1380 4595 edesse,
1394 4539 1460 4586 tune
1477 4530 1648 4602 potissimum
1660 4532 1758 4589 recolit

120 4626 171 4682 isto
183 4644 300 4697 corpore,
312 4628 505 4699 ingemiscimus
519 4627 646 4699 ,qroooti,·
661 4643 691 4681 eo
703 4629 773 4698 quod
791 4629 912 4684 nolumus
963 4623 1063 4679 debere
1074 4638 1104 4678 se
1117 4636 1178 4678 esse
1187 4622 1238 4677 snb
1249 4621 1390 4692 discipline
1410 4620 1530 4692 Spiritus
1542 4623 1638 4678 suncti
1656 4622 1762 4680 linctio-

121 4717 244 4786 spoiiori,
265 4717 310 4771 sed
331 4719 516 4789 supervestiri‚·
536 4726 566 4771 ut
590 4717 762 4771 absorbentur
774 4719 913 4774 mortnlen
964 4712 1010 4767 iiii
1035 4711 1097 4769 111οο
1111 4712 1153 4780 iil,
1168 4718 1198 4766 ut
1211 4712 1333 4767 1111111111
1347 4711 1421 4781 duod
1441 4711 1617 4769 invisibiliter
1628 4722 1759 4784 operetur

120 4810 185 4862 vita.
203 4806 241 4862 De
254 4823 309 4878 qno
328 4809 489 4864 vestimento
501 4808 584 4873 dicut,
600 4807 629 4861 in
643 4808 819 4878 sequentibus
836 4825 913 4864 mon-
965 4803 1083 4874 Spiritus
1112 4812 1224 4861 muetos
1248 4804 1276 4860 in
1294 4804 1382 4860 nobis.
1412 4803 1508 4861 Oleum
1529 4805 1599 4862 solet
1621 4804 1755 4865 sessorum

122 4907 191 4952 scrut
208 4918 214 4951 ι
233 4898 285 4964 Qui
301 4909 390 4955 erstem
402 4898 761 4971 perficitnorintrocinmm
774 4898 913 4970 Deumqrn'
967 4897 1089 4952 membru
1117 4896 1219 4952 iuvere.
1244 4895 1387 4953 balsamus
1413 4895 1484 4952 solet
1511 4895 1645 4959 redolere.
1674 4895 1756 4954 ressa

122 4991 193 5043 dedit
217 4991 290 5044 nobis
299 4993 392 5060 monuo
405 4988 530 5060 Spiritui.
548 5009 558 5042 s
967 4996 1031 5043 sunt
1042 4986 1163 5042 membru
1175 4986 1272 5042 eninm
1280 4993 1389 5050 nostru,
1401 4987 1510 5058 quando
1523 4988 1638 5059 poenitet
1647 5001 1678 5042 se
1690 4985 1758 5055 egis

156 5078 200 5134 ill.
229 5078 530 5135 Daeeverbudmelarii
551 5080 641 5149 qualia
667 5080 731 5146 sint,
757 5082 845 5137 omnis
867 5083 913 5151 qui
969 5094 998 5134 se
1013 5079 1085 5148 quod
1100 5077 1255 5133 contruDei
1278 5077 1663 5148 voluntatenrestzudquum
1689 5077 1759 5170 solet

122 5187 186 5241 urge
202 5172 389 5227 sinceritatem
400 5168 462 5227 idei
479 5173 611 5228 sollicitus
632 5180 685 5236 est,
703 5174 852 5243 dijudicare
867 5187 915 5243 po-
968 5170 1086 5240 Spiritus
1096 5176 1206 5224 sanctus
1216 5169 1320 5235 venire,
1332 5178 1361 5225 et
1372 5169 1399 5224 ei
1409 5177 1561 5223 monstrare
1571 5167 1682 5227 dimissu
1695 5183 1758 5240 pes-

123 5271 185 5317 trst.
218 5262 320 5318 Tamen
337 5263 389 5318 hoo
412 5262 484 5332 qnod
507 5261 646 5333 subjungit
668 5263 763 5318 diceus
780 5264 839 5318 :De
863 5281 914 5335 quo
967 5259 1291 5327 cuo‚siveuinittenuu.
1309 5258 1386 5316 llnde
1408 5258 1506 5329 etipse
1522 5255 1640 5330 Spiritus
1663 5273 1758 5316 tonso

122 5351 260 5420 signaculo
274 5354 350 5423 quusi
364 5352 397 5407 de
417 5351 506 5423 otique
523 5353 674 5407 uestimento
696 5352 798 5408 dicebat
810 5352 914 5409 Paulos
969 5352 1040 5408 lutor
1051 5352 1160 5408 dicitur.
1180 5370 1189 5404 s

123 5442 158 5494 od
179 5440 350 5497 Corinthios:
371 5442 477 5497 Etenim
501 5443 545 5514 qui
568 5459 659 5497 sumus
679 5444 914 5514 minaeorum,
1005 5441 1068 5498 lime
1097 5441 1179 5497 verbu
1199 5441 1330 5496 Amulurii
1356 5438 1469 5496 contusa
1494 5449 1523 5496 et
1547 5440 1653 5497 inutiiiu
1677 5456 1758 5496 unus-

123 5533 317 5602 ingemiscimus
334 5534 446 5604 qrcvoti,
460 5550 489 5588 eo
503 5533 572 5604 quod
593 5532 714 5588 nolumus
736 5535 856 5604 spoliari,
871 5537 916 5590 sed
970 5537 1086 5607 quisque
1096 5536 1142 5604 qui
1157 5535 1242 5598 audit,
1256 5535 1345 5587 vident
1356 5533 1491 5602 quomodo
1501 5534 1630 5605 corriget,
1642 5534 1758 5604 qrrnliter

128 5627 307 5696 supervestiri,
326 5637 355 5680 nt
379 5625 550 5680 absorbentur
574 5624 713 5680 mortales
735 5628 804 5689 cito,
836 5628 916 5684 talem
970 5627 1110 5684 derident:
1126 5626 1188 5696 quia
1204 5624 1402 5680 nonaediircunt
1424 5623 1514 5692 fidem,
1530 5625 1578 5682 sed
1599 5626 1757 5686 destruuut;

126 5733 237 5775 sevisum
258 5719 359 5776 bebere
379 5718 485 5792 qrrniern
500 5716 544 5772 illc
557 5715 714 5773 intromittit
725 5718 748 5773 si
764 5720 862 5777 alicubi
879 5721 916 5777 le·
971 5734 1020 5776 ner.
1034 5718 1156 5787 plantent
1175 5715 1290 5771 virtutes
1306 5715 1332 5770 in
1357 5715 1493 5773 mentibus
1515 5715 1690 5781 audientium,
1711 5715 1758 5773 scil
