3810 6120
125 358 180 417 233
683 363 783 422 huben
802 364 939 422 CONTRA
958 366 1119 425 tuoictbit
1137 368 1201 427 nm.
1704 370 1759 428 iil

126 474 284 546 iutelliqene.
307 475 342 530 Et
363 477 391 530 in
413 476 466 532 aiio
491 474 570 531 loco:
587 475 731 532 Multitudo
750 479 917 550 sapientium,
932 481 1017 544 Atiat
1031 483 1178 550 inmundo,
1191 484 1312 539 nisiben
1326 491 1372 539 ant
1388 483 1571 555 dispensante,
1588 494 1634 541 aut
1648 489 1761 557 permit·

128 566 229 619 sanitas
255 573 294 620 ert
317 565 388 619 orbis
412 575 563 632 terrorum;
582 576 605 621 et
629 583 674 621 ree
696 568 808 638 sapiens,
830 567 920 639 populi
971 580 1057 637 tente;
1074 587 1136 627 eum
1150 583 1177 628 et
1194 574 1281 643 capilli
1297 558 1393 646 eapitis
1407 573 1525 630 fidelium
1546 591 1640 632 omues
1662 593 1759 634 utilite·

128 654 336 710 stabilimentum
355 665 404 712 est.
430 657 463 711 Et
483 657 582 713 iterum
597 672 605 712 :
622 656 717 712 blelior
733 666 770 711 est
790 657 919 728 sapientia
970 662 1020 716 rati
1040 662 1102 728 sint,
1118 672 1147 719 et
1158 679 1229 719 unus
1241 680 1274 719 eu
1287 663 1391 720 duobus
1406 673 1452 720 ant
1469 665 1588 736 quinque
1604 667 1762 735 passeribus

127 764 206 818 quam
219 748 297 812 eires,
309 757 334 801 et
350 748 389 802 uir
405 747 519 819 prudeus
537 750 708 820 manisquom
723 748 808 816 tortis.
824 748 920 804 Audite
969 766 1023 807 non
1036 753 1116 808 cadat
1127 754 1153 808 in
1168 762 1267 810 terram
1283 755 1341 809 sinc
1353 753 1420 821 Deo,
1437 762 1465 809 et
1483 755 1553 810 sicut
1567 756 1675 826 quidam
1696 773 1761 811 sau·

129 852 294 907 erpereqes,
303 845 328 888 et
338 835 482 907 iutelligite,
491 838 591 899 discite,
596 836 711 907 judices,
724 836 818 905 finirem
830 845 917 892 terra.
968 850 1073 898 ntorum
1090 845 1127 897 ait
1142 843 1220 916 (ing,
1237 844 1264 898 in
1284 843 1381 898 Murri,
1395 861 1473 899 serm.
1495 844 1521 916 6)
1536 860 1543 899 :
1561 865 1570 895 u
1589 844 1643 901 Nec
1665 844 1759 901 solium

127 927 272 997 itemque:
288 925 397 981 Habebo
420 938 524 999 propter
544 929 610 983 banc
633 928 716 999 (haud
730 926 840 981 dubium
854 927 919 996 quin
969 933 1002 989 dc
1016 935 1112 990 arbore
1138 936 1196 990 sino
1213 943 1279 989 nutu
1293 935 1340 989 Dei
1355 936 1470 991 decidat.
1490 955 1499 987 r
1515 935 1616 990 Tamen
1632 936 1696 1005 qnia
1710 951 1760 991 no-

129 1033 243 1092 prnpter
257 1021 430 1094 sapientiam)
441 1020 586 1075 claritatem
597 1020 632 1074 ad
646 1021 748 1088 turbas,
762 1033 785 1076 et
796 1023 919 1076 bonorem
969 1024 1103 1080 tissimum
1117 1031 1159 1078 est
1168 1024 1278 1079 bonoso
1291 1024 1370 1079 malis
1381 1024 1506 1088 interfici,
1517 1040 1654 1092 nunquam
1668 1032 1759 1078 autem
1792 1089 1796 1097 ¹

128 1112 202 1185 opud
222 1113 336 1167 seniores
355 1112 470 1182 jansenio,
492 1120 515 1165 et
528 1119 620 1165 ocutus
636 1111 754 1165 inveniar
768 1111 794 1165 in
804 1110 917 1181 judicio.
968 1114 1055 1170 malos
1066 1131 1082 1170 a
1093 1114 1184 1180 bonis,
1194 1114 1246 1169 nisi
1267 1114 1293 1168 in
1313 1113 1391 1169 hellis
1407 1112 1521 1183 publicis
1533 1121 1560 1167 ct
1572 1114 1701 1184 legalibus
1714 1112 1759 1182 iu-

129 1199 169 1257 De
183 1216 237 1271 quo
250 1202 346 1256 beatum
367 1215 474 1270 quoque
493 1198 544 1255 Iob
562 1198 662 1254 labetur
676 1200 770 1254 dicens
785 1217 791 1253 τ
809 1199 839 1255 St'
854 1216 918 1253 ccu-
969 1206 1058 1272 dialis,
1073 1207 1189 1278 pertinet
1200 1208 1251 1262 hoc
1266 1207 1300 1260 ad
1317 1205 1421 1261 occulta
1431 1204 1531 1273 judicia
1545 1204 1605 1269 Dei,
1620 1220 1679 1274 quae
1694 1213 1759 1262 sunt

129 1293 224 1362 ¹‘mi’ii
244 1290 330 1345 ‘illle
352 1289 486 1359 t'ss‘ll'cllm
510 1304 567 1343 Cim
592 1305 664 1342 *ΜΟ
690 1305 758 1352 mw,
778 1297 802 1342 et
821 1287 920 1342 “ncilla
969 1295 1039 1353 sicut
1051 1296 1329 1368 abyssusmulta,ncc
1344 1303 1385 1350 est
1402 1296 1495 1350 datum
1508 1293 1662 1350 hominihus
1676 1311 1757 1352 nosse

128 1399 201 1447 mea,
227 1398 287 1436 eum
309 1380 481 1450 disceptarent
507 1379 643 1433 aduersum
667 1393 716 1431 me.
740 1375 832 1446 Neque
847 1377 920 1434 enim
968 1403 1018 1443 nnn
1040 1387 1210 1458 omnipotens
1234 1386 1271 1442 ira
1291 1388 1432 1457 penninas
1456 1387 1525 1441 fieri,
1549 1385 1643 1441 sotere
1666 1396 1757 1442 aurem

127 1479 246 1526 sanetus
257 1469 306 1526 iob
319 1486 378 1526 corn
394 1469 481 1526 semis
495 1468 654 1538 ancillisque
669 1467 765 1538 gladiis
778 1474 826 1523 ant
839 1465 919 1522 iusti·
965 1477 1054 1550 jussos
1073 1480 1107 1534 ει)
1127 1479 1225 1548 iniquis
1248 1477 1365 1533 interfici
1386 1485 1502 1531 restatur
1525 1475 1660 1540 erbaria,
1677 1490 1762 1545 snper

127 1564 181 1617 ΜΒ
199 1560 376 1633 ⁰⁰¹¹ffiil⁰h³li
401 1576 461 1616 ium
485 1559 568 1615 Sillii
590 1557 745 1627 aelllllliiem
767 1570 820 1611 ¹¹⁰⁰
838 1556 919 1612 caedl·
967 1570 1059 1626 Abuer
1080 1569 1200 1637 interitu,
1224 1569 1318 1624 dicens
1331 1586 1337 1621 :
1351 1567 1524 1639 Nequaquam
1538 1577 1566 1621 ut
1584 1569 1651 1621 mori
1673 1567 1759 1622 solent

128 1652 193 1717 bus»
214 1651 262 1707 sed
288 1651 420 1723 salbienna
444 1657 472 1705 il
495 1648 679 1705 misellfflldla
693 1648 917 1718 ⁰⁰fflii⁰¹¹0¹¹d³m2
968 1659 1066 1731 quoi,
1080 1669 1198 1713 mortuus
1213 1666 1252 1712 est
1265 1657 1362 1724 Abner,·
1373 1657 1419 1711 sed
1429 1659 1495 1712 sieut
1508 1656 1591 1711 soleat
1607 1657 1699 1711 cadere
1711 1674 1761 1711 co·

128 1756 189 1812 qllae
200 1757 252 1813 pet·
271 1741 387 1811 §elilim
406 1739 525 1811 loquitur
542 1740 652 1795 dicensi
667 1738 755 1793 licum
774 1746 811 1793 eil
831 1739 919 1792 mliii·
968 1767 1025 1805 rant
1037 1749 1099 1820 pillis
1113 1748 1269 1820 iniquitatis,
1286 1748 1393 1802 corruit.
1407 1746 1471 1813 Sed,
1493 1755 1522 1801 ut
1543 1747 1671 1812 diximus,
1691 1745 1760 1802 nulli

128 1831 205 1898 llum,
219 1840 244 1886 ⁶⁸
256 1832 376 1902 &insiliit
398 1847 455 1885 Μ
478 1839 515 1885 ⁶⁸¹
539 1829 687 1901 prudentio,
707 1844 765 1882 Μ
787 1837 825 1882 ⁰³¹
840 1827 916 1896 foret·
929 1839 953 1899 B
966 1840 1025 1896 haee
1039 1838 1200 1910 inuestigare
1211 1852 1370 1893 concessum
1385 1843 1436 1901 est,
1452 1836 1560 1908 quando
1577 1844 1605 1892 et
1618 1837 1675 1908 ipse
1687 1836 1757 1892 Pau-

128 1925 201 1980 tudo.
232 1921 285 1978 Per
307 1941 348 1979 me
374 1941 446 1995 repes
470 1931 590 1995 renuant,
616 1928 641 1976 et
666 1919 750 1992 lepurn
769 1919 918 1977 conditores
968 1930 1020 1995 ius,
1040 1930 1074 1984 ad
1100 1929 1208 1984 serrium
1227 1927 1325 1983 centum
1349 1935 1452 1997 raptus,
1477 1935 1504 1982 er
1520 1927 1617 1981 irenem
1636 1927 1662 1980 in
1677 1941 1759 1997 pm.

125 2015 200 2085 iusto
222 2015 376 2070 decernunt.
392 2014 444 2070 Per
454 2033 494 2069 me
517 2016 647 2085 principer
668 2015 809 2084 imperati,
826 2018 852 2066 et
868 2029 917 2083 po-
967 2019 1026 2075 diso
1040 2018 1188 2083 admirans,
1201 2016 1343 2082 exclamet,
1364 2017 1456 2071 dicens
1473 2013 1758 2085 incomprehensibilia

128 2117 209 2162 tentes
223 2107 365 2162 decernunt
384 2107 525 2177 justitiam.
548 2104 617 2159 Hinc
639 2112 728 2158 aulem
750 2109 851 2158 amena
869 2100 918 2156 Del
966 2108 1196 2180 essejudicialici
1207 2107 1445 2180 etinvestigabiles
1459 2107 1516 2162 rias
1529 2105 1598 2175 ejus.
1612 2105 1676 2172 Quis
1688 2105 1759 2160 enirn

129 2196 260 2266 sapientia
277 2196 439 2251 indubitanti
453 2194 504 2250 lide
514 2195 658 2266 quaerenda
672 2201 723 2259 cst,
748 2193 875 2264 precibus
889 2201 918 2248 et
966 2200 1084 2271 caynonis
1106 2215 1211 2254 sensum
1226 2198 1353 2255 Domini?
1372 2207 1417 2253 ant
1439 2198 1496 2270 quir
1513 2195 1679 2253 consiliarius
1697 2197 1760 2268 eius

128 2288 290 2345 lectionibus
312 2286 430 2343 assiduis
447 2286 592 2342 obtinenda
608 2293 660 2350 est,
672 2282 801 2353 Apostolo
815 2280 917 2338 taooho
967 2289 1037 2360 [uiri

128 2388 314 2451 protestante:
328 2377 437 2448 siqua,
457 2377 553 2446 inquit,
568 2385 680 2430 oestrum
698 2371 795 2443 iudipet
811 2370 917 2443 sapien
1002 2379 1045 2435 vt,
1067 2379 1131 2437 nunc
1146 2380 1191 2452 pie
1207 2380 1398 2450 humiliterque
1421 2381 1653 2437 considerantibus
1674 2394 1759 2452 appa-

128 2471 176 2536 tio,
199 2469 310 2542 postulet
323 2487 340 2523 a
355 2468 408 2522 Deo
421 2467 466 2539 qui
478 2467 523 2520 dat
536 2464 653 2521 omnibus
666 2465 810 2535 affluenter,
825 2471 849 2516 et
863 2477 917 2516 nou
966 2452 1009 2525 re'r
1021 2484 1074 2525 non
1095 2485 1174 2540 posse
1193 2471 1322 2534 nudibus,
1346 2469 1419 2524 terro
1432 2470 1474 2524 rei
1496 2484 1576 2540 aqua,
1597 2468 1716 2526 (incutias
1728 2480 1757 2526 er

128 2565 335 2633 improperabit!
351 2558 500 2613 ‘illiciet'-
515 2554 633 2611 Pvtltltl
646 2563 732 2609 aliem
748 2552 775 2606 ln
788 2551 841 2621 file
851 2550 916 2606 bibli
966 2560 1081 2614 latentes
1092 2575 1137 2614 res
1149 2559 1275 2613 inveniri.
1292 2557 1359 2613 Nanr
1374 2559 1398 2613 si
1413 2568 1529 2628 possent,
1545 2559 1590 2614 ubi
1606 2569 1696 2615 essent
1710 2575 1757 2616 oe·

127 2651 265 2706 limam·
281 2648 355 2716 0¹¹⁰d
368 2663 434 2704 vell)
451 2647 561 2702 ῑῐιὸῑθῐῑῑῑ
580 2644 695 2701 'wilini
713 2643 747 2698 Sil
764 2643 858 2698 eadem
871 2656 915 2699 ii·
967 2654 1036 2710 eulta
1050 2651 1098 2708 bei
1111 2649 1229 2721 judicia?
1251 2649 1364 2704 baberet
1387 2664 1450 2720 ergo
1476 2650 1547 2703 inter
1567 2650 1712 2704 catholicos
1727 2658 1755 2706 et

128 2739 232 2810 Nimia
250 2736 437 2809 perquirendi·
459 2737 496 2790 lla
515 2735 644 2791 Dominus
666 2731 747 2788 J⁰S¹10
763 2739 918 2789 ⁰⁰⁰le³⁵l³1¹i
966 2744 1107 2800 haereticos
1117 2743 1164 2798 tali
1174 2740 1297 2797 examine
1306 2741 1405 2796 ventus
1420 2740 1550 2812 indagari,
1565 2740 1633 2797 sieut
1645 2740 1754 2812 quidam

126 2827 266 2885 ostendit:
281 2825 434 2898 Consortarc
452 2827 543 2896 iqiter,
562 2833 585 2880 et
605 2835 659 2879 esto
682 2823 803 2877 robustus
825 2821 915 2886 ualde,
967 2835 1099 2904 superbus
1122 2850 1153 2889 π
1176 2832 1274 2888 seuleus
1289 2845 1302 2874 ι
1317 2832 1462 2888 haererjcus
1486 2831 1666 2887 Gundopadus
1687 2832 1754 2886 Bur.

127 2934 155 2975 ιι
179 2918 313 2974 ‘nillill'ssi
332 2928 356 2973 θ’
374 2919 457 2988 iiiiii
478 2935 580 2972 Omnem
599 2917 681 2988 leiim
701 2931 779 2985 quom
796 2913 917 2984 pracepit
966 2927 1132 2998 guardionum
1153 2940 1200 2980 rex
1231 2925 1353 2979 tentabat
1378 2931 1503 2993 expetere
1523 2939 1539 2976 a
1561 2922 1640 2978 heato
1664 2922 1752 2988 Auito,

127 3014 173 3069 riti
190 3012 293 3085 diopros
311 3029 399 3067 seruus
411 3027 493 3066 merus.
514 3009 555 3063 Ne
567 3009 679 3063 declines
694 3007 726 3062 ab
741 3023 771 3061 ea
785 3006 820 3059 ad
832 3004 918 3060 deute·
966 3017 1074 3088 egregio
1091 3025 1118 3071 ee
1132 3012 1480 3082 0r1h0doxnpraeuljcn10n0‚
1492 3013 1536 3081 qui
1548 3011 1606 3081 njns
1618 3013 1755 3067 vesaniam

128 3121 204 3171 '⁰⁸¹2
232 3105 269 3159 iel
292 3102 326 3158 cll
348 3101 500 3165 cinereum,
529 3109 556 3153 αἱ
580 3098 712 3168 intollipos
740 3105 835 3150 cuncta
857 3109 916 3165 Μ
967 3107 1167 3177 sapientissime
1186 3102 1410 3173 laudabiliterque
1428 3104 1556 3172 repressit
1569 3111 1649 3172 atque
1664 3103 1756 3157 redar-

128 3194 196 3263 aeis,
219 3191 245 3247 Ν
247 3210 280 3247 0²2
296 3193 399 3246 “sedai
412 3195 531 3246 Wlfflin
552 3187 614 3260 llil*
638 3188 718 3257 'liiii
741 3185 773 3239 ‘¹⁶
787 3200 831 3238 ⁰i⁶
848 3192 893 3237 tuo
905 3198 915 3236 ·'
929 3190 951 3253 C
967 3199 1033 3270 guit.
1047 3197 1124 3265 Quod
1138 3197 1161 3252 si
1174 3197 1273 3251 talibus
1291 3193 1534 3258 adinventionibus,
1549 3200 1578 3246 nt
1597 3207 1667 3261 supe
1682 3192 1755 3247 dixi·

128 3283 174 3337 tccl
204 3281 419 3337 meditaberisin
442 3280 636 3336 codiciacus
660 3277 801 3342 docibili,
831 3285 919 3330 utcu·
969 3307 1041 3359 mm,
1052 3290 1173 3346 ualerent
1186 3288 1300 3343 latentes
1310 3287 1395 3356 eulpa
1409 3285 1534 3350 inueniri,
1548 3299 1599 3339 nee
1613 3283 1754 3354 sapientia,

128 3372 228 3426 “iiiiii
243 3381 268 3425 θ’
281 3370 364 3442 iiiiii
379 3372 465 3426 ‘’mil‘'
477 3386 535 3442 illi
548 3371 645 3441 “llil“
656 3377 716 3425 illl
735 3367 762 3423 5¹¹
776 3383 817 3422 ²⁰·
968 3397 1018 3437 nec
1037 3382 1181 3450 sapientes,
1204 3393 1292 3450 aeque
1302 3377 1419 3448 judices,
1430 3391 1517 3445 neque
1529 3375 1652 3445 magistri
1665 3381 1756 3430 essent
1855 3445 1859 3452 Ι

161 3480 206 3537 lv.
218 3480 311 3553 Neque
332 3482 480 3553 putandum
501 3479 636 3551 estquod
657 3487 704 3534 aaut
721 3478 748 3532 in
767 3477 827 3533 istis
839 3475 919 3532 bellis
968 3470 1126 3527 necessarii.
1146 3468 1199 3524 Sed
1221 3469 1284 3540 quia
1307 3466 1477 3521 verissimum
1492 3473 1535 3520 est
1552 3465 1623 3535 quod
1646 3463 1680 3519 de
1701 3463 1756 3519 Deo

127 3573 292 3640 domesticis,
305 3582 351 3627 aut
362 3574 389 3628 in
407 3574 511 3629 insidiis
524 3572 668 3637 latronum,
688 3579 734 3626 aut
754 3569 920 3641 quibuslibet
969 3562 1085 3618 dicitur:
1102 3561 1177 3632 Apud
1199 3563 1284 3632 ipsum
1305 3569 1343 3615 est
1365 3559 1492 3629 fortitudo
1511 3566 1536 3611 et
1549 3558 1688 3627 sapientia,
1702 3557 1756 3626 ipre

128 3664 329 3720 rixiscitilihus
344 3666 400 3720 sive
413 3663 568 3720 domesticis
582 3664 660 3718 cadat
672 3663 765 3727 homo,
788 3661 839 3717 nisi
862 3659 918 3717 lieo
969 3656 1037 3710 uouit
1052 3663 1076 3708 ct
1088 3653 1255 3723 decipientem
1270 3661 1365 3706 ereum
1388 3651 1432 3721 qui
1448 3649 1591 3718 decipitnr;
1605 3647 1639 3700 ab
1651 3647 1709 3715 ipso
1727 3653 1756 3701 et

127 3755 251 3809 tradente
272 3753 300 3808 in
321 3768 417 3808 manus
437 3753 551 3823 proximi
567 3751 619 3818 sni,
635 3750 776 3821 sicutipse
793 3764 842 3819 per
852 3749 919 3804 Pro-
968 3743 1115 3801 seeundum
1131 3744 1219 3813 ipsum
1234 3741 1378 3812 quaerenda
1392 3748 1433 3795 est
1442 3753 1530 3793 reram
1550 3746 1577 3792 ct
1591 3737 1755 3805 judiciorum

125 3842 235 3912 phetam
254 3840 397 3897 adversam
418 3840 502 3895 malos
522 3847 646 3910 pastores
659 3837 788 3910 loquitur,
805 3838 916 3893 dicens:
967 3836 1079 3889 ueritas.
1093 3829 1152 3885 lam
1168 3846 1239 3885 nunc
1250 3831 1264 3870 b
1277 3829 1407 3900 ponendae
1421 3835 1484 3883 sunt
1496 3828 1560 3896 ipsae
1579 3826 1677 3881 divine
1691 3840 1754 3881 sen·

126 3930 161 3985 m
171 3939 291 4003 pastores
304 3947 395 3987 eorum
408 3947 460 3985 nou
474 3930 616 4001 parcebant
631 3930 680 3995 eis,
696 3938 721 3982 et
731 3944 779 3998 eqo
792 3944 844 3982 non
857 3944 918 3998 par·
968 3925 1069 3990 tentiae,
1083 3930 1110 3977 et
1120 3921 1336 3993 perspiciendum
1350 3920 1376 3972 in
1389 3918 1428 3974 eis
1446 3917 1539 3987 quales
1555 3925 1649 3972 auctor
1661 3930 1754 3972 earum

125 4037 182 4075 eom
206 4019 278 4077 ultro
302 4037 380 4091 super
395 4021 542 4075 tentantes
563 4031 672 4084 terram,
695 4018 758 4072 dicit
777 4017 915 4073 dominae.
968 4013 1031 4070 velit
1042 4027 1112 4079 esse,
1127 4013 1169 4067 vel
1182 4010 1246 4082 quid
1257 4017 1304 4065 unt
1316 4009 1429 4079 qualiter
1443 4024 1523 4080 agere
1535 4008 1649 4064 debeant
1660 4021 1754 4063 recon-

126 4109 194 4167 Eece
217 4129 264 4183 epo
285 4111 390 4167 tradam
409 4112 536 4176 leoninus,
560 4125 769 4182 unumquemque
790 4109 818 4162 in
837 4123 917 4162 manu
968 4103 1172 4180 ciliatipopulps
1184 4101 1379 4173 acquisitionis,
1399 4099 1445 4155 iulii
1457 4101 1673 4166 resurrectionis,
1689 4114 1755 4156 oves

125 4201 238 4269 memmi
251 4202 304 4266 sui,
317 4203 380 4256 etin
391 4217 471 4255 manu
483 4202 549 4271 roais
562 4202 614 4265 sui,
625 4208 650 4255 et
661 4200 796 4254 concident
808 4207 916 4264 terram,
968 4197 1065 4252 samnii
1079 4195 1204 4266 pastoris,
1221 4202 1249 4250 et
1268 4208 1332 4266 erga
1345 4209 1373 4249 se
1386 4192 1501 4248 inuicem
1513 4200 1541 4248 et
1554 4207 1618 4263 erga
1631 4191 1708 4263 lupos
1722 4207 1754 4247 ac

126 4299 150 4344 et
164 4307 217 4345 non
238 4306 330 4345 mm
343 4290 376 4346 de
387 4307 467 4346 manu
483 4306 583 4357 eorem,
598 4298 623 4344 et
637 4304 743 4361 pascum
757 4304 834 4359 pecus
847 4287 917 4342 occi·
967 4290 1070 4346 bestias
1080 4289 1250 4345 insidiantes.

124 4382 206 4436 sienis
218 4392 325 4453 propter
336 4382 395 4447 boe,
410 4398 425 4436 a
438 4397 564 4453 pauperes
583 4381 678 4453 propia.
695 4378 748 4435 Sed
765 4387 793 4435 et
807 4378 872 4433 illud
888 4377 917 4433 iu
1138 4420 1351 4490 SEQUUNTUR
1370 4417 1584 4474 SENTENTIAE·

126 4474 176 4529 hae
190 4475 327 4530 sententia
341 4475 489 4530 notandum
502 4473 625 4543 estquod
638 4471 717 4527 elceti
734 4471 860 4526 dicantur
874 4483 919 4540 pe·
1360 4544 1383 4588 a
1398 4535 1425 4587 in
1445 4543 1514 4586 mm
1533 4547 1584 4600 W
1607 4530 1753 4584 kann-niba,

126 4578 189 4619 oora
199 4565 354 4631 occisionis,
368 4565 438 4620 sicut
448 4572 476 4618 et
485 4562 629 4633 Apostolus
644 4561 678 4617 de
691 4560 795 4631 psalmo
806 4537 956 4614 sumensD
1002 4541 1093 4597 Gllm'ss
1108 4540 1136 4594 lb
1148 4536 1256 4639 ⁶3⁶⁶&ss
1274 4536 1339 4603 ⁰2⁰,

126 4655 310 4710 testimouium
324 4653 390 4710 dicit
402 4671 409 4708 :
426 4652 495 4719 Quia
508 4663 613 4725 propter
627 4663 651 4706 te
664 4651 853 4720 mortificamur
863 4656 919 4703 tote
968 4632 1042 4687 ⁶⁰²³ae
1054 4629 1204 4686 imiimi·

125 4745 176 4809 die,
192 4747 316 4801 aestimati
325 4763 416 4801 sumus
429 4755 458 4799 at
470 4761 527 4799 oues
541 4744 686 4799 occisionis.
698 4743 732 4796 Et
742 4742 769 4795 in
783 4741 840 4811 lege
850 4754 918 4810 prae-
1003 4723 1116 4791 Q¹¹²¹¹d⁰
1132 4729 1207 4778 ⁸1³¹st
1226 4719 1280 4776 (¹¹¹⁰
1300 4717 1461 4772 allllflfflcus
1483 4722 1570 4784 iiiiii
1585 4712 1619 4766 id
1633 4721 1753 4813 mutuum

126 4843 233 4905 ceptum
248 4844 310 4891 est:
328 4834 380 4901 Oui
398 4835 554 4908 percusserit
578 4833 721 4897 bromiuem,
744 4830 831 4886 notens
850 4829 920 4883 occi-
968 4819 1079 4880 effidem·
1109 4831 1163 4870 n⁰n
1185 4820 1228 4870 esi
1249 4811 1290 4868 015
1312 4810 1369 4865 ¹¹aess
1391 4810 1461 4864 ¹³0⁰ss
1483 4805 1620 4868 l⁰¹1¹¹114133
1640 4810 1674 4905 '0¹
1694 4803 1754 4855 llll)

127 4932 196 4990 ecre,
211 4936 296 4981 morte
311 4928 449 4981 moriatur.
467 4925 518 4991 Qui
540 4932 692 4978 autemnon
709 4929 747 4975 est
764 4919 918 4985 insidiatur,
969 4909 1057 4980 angeli
1081 4908 1157 4978 pacis
1178 4920 1232 4960 noa
1251 4903 1349 4959 adsunt
1371 4899 1423 4954 illis
1447 4908 1547 4953 aeterna
1569 4894 1664 4964 gaudia
1687 4890 1756 4946 olie-

126 5014 172 5067 κει
183 5014 254 5070 liene
265 5015 341 5069 illum
353 5014 462 5068 tradidit
476 5015 504 5068 in
517 5028 598 5066 mauu
609 5012 683 5082 ejue5
703 5009 860 5064 consideant
871 5006 919 5063 tibi
970 5009 1069 5055 renoes.
1706 5076 1711 5087 .

127 5103 211 5158 locum
224 5122 276 5177 quo
291 5106 382 5177 supere
393 5104 495 5159 debeat.
1006 5087 1066 5145 Paa
1077 5086 1161 5142 multe
1173 5083 1339 5158 diligentibus
1356 5083 1436 5154 lepem
1456 5091 1537 5145 tuam,
1551 5087 1574 5132 et
1591 5092 1642 5130 non
1654 5084 1690 5129 est
1703 5074 1755 5128 riirr

164 5194 193 5250 il.
208 5196 276 5252 Tota
296 5210 413 5267 namque
425 5193 478 5250 lide
492 5193 601 5249 credere
619 5192 748 5248 dehemus
761 5188 833 5261 qnod
849 5185 918 5244 nihil
971 5180 1136 5239 scandalum.

798 5299 937 5357 unhuzti
956 5294 1073 5353 NOTAE.

162 5414 176 5442 ⁸
194 5401 340 5457 lloereticus
352 5398 541 5455 Gundobadus.
557 5398 625 5454 Vide
639 5413 721 5469 supra
742 5397 768 5450 in
787 5394 855 5449 libro
868 5393 918 5450 ad·
969 5392 1029 5445 bine
1043 5398 1067 5442 et
1085 5387 1157 5440 illinc
1169 5401 1183 5438 e
1196 5383 1342 5454 Scriptura,
1357 5380 1388 5433 de
1403 5393 1475 5448 pace,
1485 5375 1520 5458 de
1533 5368 1656 5452 sedandis
1669 5368 1756 5424 cordus

128 5486 222 5527 versun
235 5471 323 5542 legem
336 5469 493 5524 Gunulobadi
507 5483 566 5537 cap.
582 5468 625 5521 t5.
969 5458 1116 5528 affectibus,
1139 5465 1162 5510 cl
1181 5455 1298 5532 apprime
1317 5451 1349 5504 de
1366 5458 1419 5501 tota
1438 5446 1522 5525 cilicet
1541 5441 1702 5521 Cillibam,
1724 5439 1756 5520 ᾇ·

163 5542 176 5582 b
196 5540 333 5595 Ponenda
350 5549 411 5594 suut
430 5540 573 5594 ununtia.
594 5535 643 5591 Vel
664 5536 760 5591 unicus
780 5533 825 5589 bic
844 5532 921 5588 locus
970 5528 1141 5588 Antichristo,
1164 5525 1196 5577 de
1218 5522 1319 5590 iniens,
1341 5520 1374 5600 de
1393 5512 1621 5600 persecutionibus.
1642 5507 1708 5564 Nam
1728 5524 1756 5561 un

128 5611 244 5667 ostendit
263 5609 413 5665 sententias
424 5624 485 5678 quae
497 5615 646 5678 smuurutnr
657 5621 710 5660 non
724 5619 785 5660 esso
798 5602 920 5659 diriden-
969 5599 1062 5654 cortice
1077 5595 1160 5650 roten
1175 5591 1242 5672 niihil
1256 5590 1355 5659 legitur
1368 5587 1528 5672 istiusmodi,
1544 5596 1594 5637 nec
1607 5595 1675 5662 opus
1686 5586 1754 5632 eraut.

129 5680 176 5736 slas
195 5681 229 5735 ab
246 5679 300 5736 boc
320 5678 409 5734 libro:
425 5677 497 5749 quod
518 5685 606 5731 tamen
623 5675 687 5732 lecit
707 5674 857 5731 hlnssonns.
872 5671 918 5745 qui
969 5669 1024 5723 Nos
1043 5675 1132 5722 tanuen
1147 5672 1179 5718 ut
1190 5676 1260 5715 nam
1281 5663 1377 5716 lecton
1388 5673 1447 5715 com
1466 5656 1630 5736 lanuremus,
1651 5649 1695 5704 bre
1712 5648 1753 5700 ad

129 5747 200 5808 mue
218 5750 328 5806 titulum
343 5748 376 5803 de
394 5762 444 5805 sno
462 5744 560 5817 adiecit
573 5762 581 5800 a
595 5743 728 5817 deobnrdi
745 5742 918 5814 executiones
969 5739 1086 5794 didimus
1099 5735 1156 5789 hsce
1168 5732 1259 5795 uerba,
1276 5729 1425 5801 Sequuntur
1475 5734 1590 5780 nterrteee.
