3832 6120
134 264 184 323 G'll
665 261 805 320 CLAUDII
823 261 1053 323 samonensis
1071 260 1244 320 remmom·
1287 284 1303 311 .·
1704 262 1766 321 sta

134 382 249 453 largum
261 381 374 436 insanin
382 377 521 447 mitigatur
533 390 542 430 a
556 387 645 445 nequo
667 376 740 431 enirn
752 375 921 446 negligenter
933 374 1232 445 Aieeitdiabolrm.1n
1246 373 1339 429 leonte
1350 373 1497 443 percussit,
1507 381 1541 430 et
1553 368 1657 443 cecidit
1669 388 1705 430 ea
1729 389 1768 431 eo

135 468 293 525 intuendum
304 476 357 533 est.
371 466 441 536 quod
459 476 523 520 eum
545 462 654 519 Saulem
667 465 779 533 spiritus
791 464 920 521 adversas
971 463 1032 520 loeo
1051 465 1185 535 corporis,
1199 463 1244 519 ubi
1257 464 1364 536 signum
1378 463 1482 521 Christi
1501 478 1558 521 non
1570 462 1689 521 babuit:
1710 464 1767 521 boe

135 557 284 618 invaderet,
299 556 467 624 apprehensa
482 554 567 609 David
585 553 699 619 eithara,
711 553 770 623 ejus
782 554 920 610 vesaniam
971 571 1078 628 qnoque
1092 556 1295 620 licetattendus,
1307 554 1426 626 quinque
1439 553 1542 625 lapides
1551 554 1644 626 posuit
1655 568 1765 613 :mato

134 646 256 702 sedabat.
270 645 340 711 erid
355 647 428 700 enim
447 661 496 715 per
510 644 630 711 Saulem,
654 645 705 701 nisi
727 644 808 700 elatio
825 654 922 714 poten·
970 646 1054 701 misit.
1069 644 1194 715 Quinque
1209 645 1272 699 libri
1293 655 1304 683 ι
1328 644 1394 715 legis
1414 646 1553 711 suntsed
1572 645 1665 705 unitas
1683 644 1765 705 aicit.

135 734 220 789 11111111
233 734 269 787 iit
281 733 346 803 quid
358 749 407 803 per
419 734 503 790 David
518 734 648 798 innuitur,
667 735 718 790 nisi
734 734 844 791 humilis
864 735 921 791 vite
972 733 1061 806 (llam.
1085 734 1129 790 15.
1144 733 1189 806 to)
1205 733 1346 789 Plenitudo
1368 735 1437 789 eninr
1447 734 1512 807 legia
1523 736 1651 801 oburitur,
1667 744 1700 791 nt
1726 736 1767 791 ait

133 823 307 877 sanomruml
318 822 384 878 Gum
402 838 467 893 crgo
486 822 550 878 Saul
561 823 597 877 ab
610 823 749 879 immundo
762 825 857 894 spiritu
873 834 921 881 ar·
970 823 1116 893 Apostolus
1137 843 1143 878 :
1159 823 1238 896 (liplr.
1254 823 1281 877 tl.
1297 823 1351 879 det
1373 823 1401 897 5)
1423 825 1578 894 sufferentes
1601 825 1714 881 inuicem
1734 827 1765 881 ιί

135 912 244 983 ripitur,
266 913 351 968 David
372 921 503 977 currente,
524 911 582 981 ojus
602 913 712 967 vesania
731 918 919 981 temperatur:
971 913 1119 978 dilectione,
1130 914 1261 969 studentes
1278 931 1381 970 seruare
1395 925 1523 970 unrtutem
1537 916 1647 986 spiritus
1662 917 1691 972 in
1706 917 1766 973 aia-

132 1003 198 1071 quia
208 1017 270 1057 eum
284 1016 380 1058 sensus
396 1003 546 1072 potentium
564 1016 612 1070 per
628 1001 772 1056 elationem
791 1002 820 1055 iu
847 1001 922 1058 luro-
971 1003 1030 1058 culo
1044 1005 1127 1068 pacis.
1142 1005 1255 1060 beorum
1268 1004 1314 1060 illo
1323 1021 1463 1076 percussa,
1478 1015 1560 1076 atque
1572 1006 1690 1076 dejecto,
1707 1007 1764 1079 gia·

134 1109 192 1150 rem
217 1094 342 1159 vertitur,
357 1093 468 1164 dignum
485 1101 587 1157 est‚ut
608 1091 777 1147 adsalutem
799 1092 920 1158 mentis,
972 1093 1045 1148 dium
1058 1092 1245 1162 ejusabstulit,
1261 1103 1356 1149 otmar
1365 1102 1445 1165 capnt
1456 1094 1492 1150 illi
1511 1095 1628 1151 abscidit
1644 1110 1652 1150 t
1668 1104 1699 1151 et
1711 1096 1767 1153 irae

134 1185 212 1254 quasi
223 1183 365 1239 dulcedine
374 1184 496 1248 citharae,
509 1183 759 1239 locutionisuostrae
769 1181 921 1252 tranquilli-
972 1179 1036 1236 lacit
1050 1190 1143 1238 noster
1154 1182 1248 1248 David,
1259 1181 1350 1251 dejicit
1362 1184 1499 1240 diabolum
1513 1185 1546 1241 de
1557 1186 1614 1241 suis
1631 1203 1638 1239 :
1654 1186 1764 1256 qrmndo

135 1284 190 1331 tate
201 1282 352 1330 revocetur.
375 1292 385 1327 r
971 1278 1062 1325 autem
1072 1270 1187 1326 creduut
1204 1272 1296 1342 maguti
1308 1272 1377 1343 ojus,
1393 1288 1461 1342 quos
1473 1272 1518 1329 ille
1537 1273 1564 1327 in
1579 1287 1661 1341 manu
1683 1274 1765 1331 baba

170 1363 196 1435 (l
212 1363 277 1433 lieu.
306 1362 362 1435 li.)
377 1363 442 1418 Post
460 1363 616 1419 heobano
630 1362 657 1416 in
671 1361 764 1432 praelio
784 1362 921 1433 gigantem
970 1358 1029 1425 bat,
1045 1369 1073 1415 et
1086 1361 1118 1415 de
1132 1361 1231 1430 quibus
1253 1372 1365 1418 caeteras
1377 1364 1482 1419 animas
1504 1365 1672 1427 trucidabat,
1697 1379 1763 1421 con·

134 1455 311 1527 superarit·
329 1454 423 1511 «Cum
452 1438 584 1509 adversus
610 1453 738 1524 populum
762 1452 811 1508 ilci
826 1452 921 1509 alieni·
972 1457 1081 1505 rcrtunt
1093 1450 1199 1523 linguas
1211 1467 1275 1507 suas
1296 1460 1390 1507 contra
1414 1452 1562 1519 diabolum,
1582 1454 1663 1510 etsie
1678 1452 1764 1529 Golia

135 1559 211 1616 genae
223 1544 395 1608 dimicarent,
412 1544 570 1614 provocavit
583 1544 708 1613 superbia
720 1543 920 1607 bumilitatem,
972 1538 1006 1594 de
1019 1538 1107 1609 gladio
1132 1556 1181 1595 suo
1199 1550 1280 1610 caput
1295 1542 1399 1598 incidit.
1420 1542 1433 1582 ‘¹
1454 1544 1587 1600 Convenit
1605 1547 1691 1601 etiarn
1712 1544 1763 1603 hae

134 1636 292 1707 provocavit
309 1636 432 1691 diabolus
449 1635 597 1691 Christum.
614 1636 725 1705 Accepit
738 1650 813 1689 arma
826 1635 921 1691 bellica
973 1630 1010 1685 illi
1031 1631 1097 1696 viro,
1113 1633 1160 1701 qui
1179 1642 1254 1688 recta
1267 1633 1319 1691 fide
1334 1631 1404 1706 (qua
1417 1635 1555 1706 plerisque
1577 1637 1683 1692 sanctis
1697 1636 1763 1693 solet

134 1736 244 1785 sanetus
255 1728 351 1792 David,
365 1736 393 1782 ut
407 1727 536 1782 adversus
545 1726 650 1782 Goliam
677 1712 848 1797 procederet,
862 1728 920 1783 baec
934 1713 957 1773 11
971 1721 1005 1775 ad
1013 1719 1149 1788 iustitiam
1162 1723 1296 1794 deputari)
1310 1738 1342 1778 ea
1358 1725 1415 1796 ipsa
1431 1723 1579 1796 Scriptura}
1593 1741 1691 1791 sacrae,
1705 1742 1762 1798 qua

134 1835 210 1875 arma
221 1835 270 1890 per
283 1827 391 1874 aetatem
413 1828 440 1874 et
452 1833 564 1887 parram
584 1826 716 1873 staturam
727 1819 849 1888 corporis
860 1833 923 1888 poe-
973 1813 1117 1869 haerctieus
1131 1815 1219 1880 allert,
1237 1817 1390 1871 testimonia
1412 1817 1522 1888 colligit,
1538 1825 1566 1873 ct
1580 1819 1687 1874 erroris
1707 1819 1762 1891 ejus

134 1923 193 1967 tare
206 1928 259 1968 non
272 1911 371 1975 valuit;
393 1909 492 1979 abjecit
509 1911 664 1975 onerantia,
679 1910 785 1979 accepit
803 1910 923 1978 quinque
973 1903 1150 1973 pertinaciam
1176 1916 1188 1943 0
1210 1921 1274 1960 mox
1297 1907 1443 1961 convincit.
1458 1906 1559 1963 Contra
1581 1922 1635 1963 nos
1648 1923 1761 1979 namque

134 2002 238 2071 lapides
249 2003 283 2056 de
295 2000 406 2056 tiumine
424 2008 453 2055 et
476 2001 566 2069 posuit
586 2000 613 2054 in
623 2002 697 2054 'vase
718 1999 846 2068 pastorali
860 2017 866 2052 :
880 1998 923 2053 bis
973 1993 1036 2048 dum
1047 2008 1132 2049 sacrm
1150 1993 1217 2066 legis
1236 1997 1392 2051 testimonia
1406 2007 1562 2068 apportant,
1578 2012 1674 2053 seeum
1688 1998 1761 2053 nobis

51 2076 58 2084 ’
135 2088 923 2160 armatusprocessit,etvieit:bocquidemilleDavid;sed
973 2080 1101 2148 aiseium,
1120 2084 1761 2159 anteconseranttudcetnaviutypumne

134 2180 921 2252 mysteriaperscrutemur.lnDavidiibristusintelligitur,
973 2174 1039 2228 mini
1057 2173 1066 2212 ¹
1083 2176 1157 2245 (quia
1186 2176 1312 2232 videlieet
1338 2194 1419 2232 mono
1439 2178 1516 2249 torris
1543 2177 1760 2251 interpretatur),

134 2274 179 2343 qui
192 2282 313 2342 tempore
324 2272 496 2327 rere¹ationis
506 2272 573 2327 Novi
584 2272 765 2338 Testamenti,
783 2271 924 2326 insinuan—
972 2261 1137 2319 Geliasrcro
1148 2265 1337 2322 baereticorum
1350 2268 1503 2338 superbiam
1509 2270 1622 2341 signans
1636 2288 1643 2325 r
1660 2269 1714 2325 boe
1723 2285 1761 2327 rc

133 2362 175 2416 dec
184 2362 439 2419 etcommeudanda·
454 2364 780 2434 gratimprovidensarma
788 2362 922 2433 deposuit,
973 2353 1023 2408 bus
1040 2354 1123 2409 locuti
1140 2364 1214 2421 sunl,
1234 2359 1305 2427 (100ιί
1325 2372 1374 2413 nos
1388 2359 1478 2414 verbis
1496 2361 1657 2416 asseriano&
1674 2359 1761 2416 Colias

66 2434 70 2449 ”
133 2449 254 2520 quinque
272 2451 375 2520 lapides
386 2452 447 2505 tulit
463 2453 609 2522 :deposuit
620 2467 685 2524 ergo
698 2454 849 2522 corporalia
873 2452 923 2509 Sa-
973 2444 1073 2514 ‘inille
1090 2447 1263 2517 οι1111113610,
1278 2448 1362 2502 David
1380 2464 1445 2503 atro
1469 2465 1530 2504 cum
1550 2466 1618 2521 pera
1636 2452 1762 2535 pastoraii

132 2549 272 2596 eramenta
298 2541 383 2613 legis,
402 2560 462 2613 qum
481 2559 535 2598 no„
556 2553 620 2598 sung
634 2545 758 2615 jmmstgg
779 2547 921 2616 geurien„
972 2535 1048 2588 venit
1061 2535 1094 2589 ad
1109 2535 1249 2605 praelium:
1267 2538 1314 2593 sed
1326 2539 1450 2593 eumdem
1465 2538 1570 2594 Goliam
1584 2538 1673 2595 David
1684 2556 1760 2613 supe·

132 2630 259 2701 deposuit
276 2647 335 2701 qum
356 2649 408 2687 non
428 2635 624 2690 observamus:
638 2651 687 2692 nos
708 2637 781 2690 enim
803 2646 923 2693 retorem
973 2638 1047 2689 ”¹¹⁵2
1059 2639 1108 2680 ⁸¹¹⁰
1118 2626 1218 2681 ⁰⁰⁰i<lii
1232 2625 1321 2696 illidi)
1339 2644 1346 2680 ²
1362 2628 1435 2697 duod
1449 2644 1500 2683 ¹¹⁰⁵
1513 2644 1623 2699 ili¹⁰il¹¹⁸
1637 2631 1759 2703 3111111115·

134 2718 219 2790 legem
231 2721 359 2792 tegimus,
387 2730 415 2777 er
437 2737 491 2776 non
510 2724 695 2779 observamus,
712 2723 766 2779 sed
781 2732 870 2781 tame„
888 2725 923 2781 ad
973 2715 1019 2784 qui
1033 2716 1159 2785 promissi
1172 2716 1256 2771 David
1272 2718 1404 2776 membra,
1416 2733 1449 2772 ou
1465 2717 1524 2788 ejus
1536 2719 1596 2774 lucri
1609 2719 1762 2790 dignatione

134 2809 254 2880 adquam
277 2811 501 2882 significationem
524 2816 685 2884 promissam
699 2823 727 2870 et
739 2816 858 2884 positam
879 2818 923 2873 in-
974 2810 1132 2866 meruimus.
1148 2809 1215 2865 Nam
1229 2826 1289 2866 cum
1309 2811 1497 2882 superbientes
1509 2812 1666 2881 lraeretieos,
1680 2823 1708 2869 et
1725 2830 1763 2893 sa·

134 2899 290 2971 telligiruus.
319 2901 442 2973 Denique
465 2904 523 2959 lianc
548 2920 622 2960 arma
643 2904 770 2974 deposuit
792 2917 921 2978 tanquam
973 2914 1027 2954 erae
1048 2895 1359 2970 Scripturm‘seutentias
1375 2900 1538 2968 deserentes,
1552 2902 1656 2957 eisdem
1674 2902 1762 2981 verbis

133 3003 218 3043 onera
229 2999 460 3045 sacramentorum
474 2993 574 3047 vectoris
591 2993 673 3064 inglu
687 3001 714 3047 et
727 2994 813 3062 ipsam
835 2995 923 3067 legem
975 2999 1056 3060 atque
1078 2990 1235 3058 sententiis,
1260 3007 1327 3061 quas
1348 2990 1497 3061 proferunt,
1525 2992 1672 3059 vincimus,
1689 2993 1762 3069 quami

134 3081 240 3150 aceepit
254 3099 261 3133 ε
276 3081 396 3152 quinque
408 3083 480 3136 enim
491 3083 596 3153 lapides
607 3083 727 3154 quinque
741 3084 827 3141 libros
838 3053 959 3157 ilaysiC
975 3082 1075 3138 elatum
1089 3081 1191 3139 Goliam
1204 3100 1252 3137 suo
1265 3082 1353 3154 gladio
1368 3083 1565 3138 detruncemus.

134 3170 297 3241 signilrcaut.
314 3172 386 3228 Tulit
405 3189 470 3244 ergo
482 3174 542 3230 illos
556 3175 677 3247 quinque
698 3176 802 3246 lapides
818 3178 853 3233 de
872 3176 922 3235 tta·
1010 3173 1037 3245 (Ι
1051 3173 1114 3244 liee-
1140 3174 1183 3229 18·
1204 3173 1244 3246 7.)
1260 3192 1270 3225 r
1290 3174 1395 3230 interea
1408 3176 1523 3231 victoria
1540 3176 1627 3233 David
1642 3177 1760 3251 animum

136 3260 221 3326 mine,
237 3262 316 3318 idest
329 3263 363 3318 de
377 3264 821 3324 saeculotlabiturenimmortale
834 3283 922 3325 saecu·
974 3263 1040 3320 Saul
1063 3280 1154 3335 regern
1174 3265 1294 3333 offendit,
1319 3266 1502 3338 indignantis,
1523 3269 1536 3308 ὅ
1557 3268 1630 3337 quod
1658 3269 1711 3325 sibi
1736 3270 1763 3323 ia

134 3349 200 3415 lrrm,
213 3358 241 3406 et
253 3353 411 3420 praterlluit
422 3355 552 3423 quidquid
562 3355 636 3410 venit
647 3355 674 3410 in
685 3355 826 3411 mnndum.
837 3357 923 3414 Erant
973 3354 1053 3421 mille,
1070 3365 1093 3410 et
1106 3355 1190 3409 Dauid
1200 3357 1228 3410 lu
1238 3357 1326 3410 decem
1338 3356 1422 3412 millio
1437 3355 1640 3413 declamantium
1648 3359 1761 3429 publica

131 3441 205 3494 enim
220 3441 248 3495 iu
263 3442 383 3509 litamine,
400 3453 526 3514 munuum
542 3445 570 3500 in
584 3445 684 3515 populo
699 3445 748 3502 illo
760 3448 860 3515 primo,
885 3447 923 3503 la·
973 3447 1161 3518 gratulationis
1180 3463 1228 3503 ore
1250 3448 1410 3503 insonarent
1430 3448 1517 3504 :binc
1531 3448 1635 3504 insidia
1661 3448 1760 3511 Saulis.

131 3527 209 3598 pides
229 3539 309 3585 erant
328 3531 383 3587 illic
403 3533 522 3599 inutiles,
546 3543 573 3590 et
594 3536 727 3590 secabant
739 3554 745 3588 :
759 3535 924 3593 Transibant
972 3548 1001 3596 et
1013 3555 1106 3597 semen
1120 3542 1244 3598 odiorum
1258 3543 1388 3599 adversus
1401 3543 1489 3598 Dauid
1505 3561 1511 3596 :
1527 3544 1602 3614 qnod
1622 3544 1764 3601 insidiator

131 3634 212 3688 supra
224 3619 331 3688 duvios,
343 3623 390 3678 sed
403 3624 469 3694 quid
480 3623 545 3679 lecit
559 3623 660 3691 lbavid,
676 3634 707 3681 ut
720 3625 762 3680 lea
776 3625 834 3695 ipsa
848 3626 923 3682 utilis
973 3633 1097 3699 callidus,
1112 3641 1141 3688 ut
1164 3635 1225 3690 sine
1236 3635 1344 3691 insidiis
1361 3636 1419 3691 suis
1440 3636 1527 3706 possit
1548 3634 1649 3693 offerre
1670 3638 1765 3695 discri-

130 3710 224 3763 caseti
247 3712 352 3780 accepit
369 3714 485 3782 gratiam
501 3731 507 3767 :
525 3711 633 3785 (Romu.
655 3714 682 3769 5.
712 3716 766 3788 to)
789 3717 832 3773 let
849 3718 922 3774 enim
974 3723 1119 3795 mini,(18.
1137 3723 1230 3779 1115
1248 3734 1273 3779 et
1287 3725 1403 3798 subseq.)
1425 3728 1521 3781 statuit
1535 3742 1598 3785 cum
1620 3727 1765 3785 ilicbolss·

131 3799 191 3854 sine
202 3802 290 3871 gratia
303 3803 407 3874 impleri
419 3821 472 3860 non
486 3814 591 3876 poteet;
604 3807 743 3879 plenitudo
759 3809 833 3865 enim
852 3808 923 3882 legis
973 3815 1016 3871 liae
1028 3831 1084 3871 suae
1094 3816 1196 3886 nuptiis
1212 3816 1329 3885 alligari,
1344 3818 1369 3871 si
1383 3828 1493 3874 centum
1507 3819 1560 3874 sibi
1573 3819 1764 3891 allophilorum

132 3891 265 3948 ebaritas.
277 3894 344 3960 Quia
354 3910 420 3968 ergo
431 3896 590 3968 gratialeeit
600 3899 712 3969 implere
722 3899 809 3969 legem
821 3919 828 3954 ε
839 3902 928 3973 signi-4
973 3904 1106 3973 praeputia
1116 3905 1202 3960 victor
1210 3904 1331 3969 allerrct,
1342 3921 1392 3975 pro
1402 3908 1501 3976 quibus
1512 3916 1637 3977 centum,
1647 3910 1763 3967 ducenta

132 3979 231 4035 fleatur
250 3990 339 4037 11111111
355 3987 442 4055 gratia
452 3986 523 4043 lacte
536 4006 543 4043 t
557 3990 609 4046 boc
631 3990 705 4044 enim
728 4000 769 4046 est
792 3991 820 4045 in
841 4006 923 4059 carne
973 3993 1048 4049 dedit
1063 4013 1070 4049 :
1084 3996 1196 4051 ctuude
1210 3997 1330 4053 creditas
1344 4005 1387 4052 est
1404 3998 1481 4068 regio
1492 3998 1584 4068 perire
1604 4008 1679 4065 roto,
1703 4016 1764 4059 mox

131 4072 290 4140 gratuitum,
303 4073 350 4127 ubi
364 4084 451 4130 mater
464 4093 519 4131 non
530 4080 627 4147 quaerit
637 4080 771 4151 accipere,
784 4081 833 4136 sed
847 4089 922 4137 sata·
974 4094 1070 4142 auctus
1083 4096 1126 4144 est
1140 4088 1293 4158 gloriosiori
1308 4089 1453 4159 triumpho.
1477 4089 1516 4145 lta
1541 4098 1568 4145 ct
1581 4091 1681 4158 ludaei,
1702 4092 1764 4149 dum

132 4164 171 4232 git
184 4164 263 4228 dare;
285 4164 337 4218 boe
352 4174 438 4221 mater
451 4170 536 4236 gratis
561 4172 617 4237 dat,
638 4180 668 4227 et
685 4171 875 4238 contristatur,
899 4173 922 4229 si
973 4180 1297 4237 contravoluntatemlici
1319 4183 1764 4247 Christumintcrficerenituntur.

133 4252 205 4307 desit
218 4252 265 4320 qui
278 4253 403 4323 accipiat.
416 4255 556 4322 Quomodo
568 4276 632 4333 ergo
651 4262 737 4317 David
748 4262 867 4320 ostendit
881 4262 922 4318 le-
973 4283 1023 4338 por
1045 4271 1072 4326 id
1086 4271 1200 4327 salutem
1212 4273 1332 4344 gentium
1348 4283 1472 4343 egerunt,
1486 4290 1536 4345 per
1548 4276 1622 4345 quod
1641 4276 1764 4335 credite

132 4357 194 4415 gem
215 4343 275 4398 sine
293 4347 382 4414 gratia
396 4349 504 4418 operari
518 4365 571 4406 non
585 4355 682 4423 pessel
706 4356 758 4411 nisi
777 4370 840 4412 eam
860 4354 961 4455 illosD
975 4368 1039 4415 runt
1052 4363 1236 4434 exstinguere.
1249 4362 1325 4431 Quod
1338 4381 1403 4420 vero
1415 4365 1499 4421 bario
1510 4368 1586 4436 prius
1597 4367 1764 4441 alienigena-

132 4433 236 4503 lapidcs
255 4434 387 4507 quinque,
411 4438 509 4509 quibus
530 4442 699 4513 significatur
725 4446 769 4503 lex
797 4447 825 4502 in
844 4447 922 4503 libris
973 4465 1033 4504 rum
1046 4454 1178 4522 praeputia
1191 4454 1291 4520 attulit,
1303 4463 1331 4510 ct
1344 4456 1384 4511 sic
1399 4456 1488 4512 denuo
1501 4457 1562 4513 lulio
1580 4458 1647 4514 Saul
1665 4459 1765 4530 nuptiis

132 4526 261 4597 quinque,
278 4544 346 4598 quos
368 4532 531 4604 conjungere
553 4539 637 4593 roluit
655 4541 759 4610 gratie,
782 4542 873 4611 posuit
893 4544 921 4599 in
972 4541 1061 4607 bmsit,
1080 4544 1263 4614 signilleabat,
1281 4547 1352 4616 qrrod
1378 4547 1504 4604 Christus
1516 4564 1570 4604 non
1589 4550 1668 4620 prius
1686 4564 1766 4628 syna·

131 4634 196 4674 rasc
208 4622 347 4689 pastorali,
360 4639 415 4693 quo
427 4625 469 4680 lae
479 4629 601 4698 mulgere
612 4641 800 4687 consueverat.
813 4634 862 4689 His
878 4649 922 4688 ar·
972 4649 1068 4705 gogam
1080 4639 1216 4693 connubio
1233 4654 1283 4695 suo
1297 4640 1453 4710 sponderet,
1468 4641 1521 4696 nisi
1543 4649 1608 4695 ante
1630 4641 1765 4712 gloriosas

132 4717 221 4764 matus
233 4713 364 4779 prooessit
377 4713 507 4769 adversus
521 4715 628 4772 Goliam
638 4720 754 4787 superbe
768 4728 919 4787 putantem,
971 4726 1000 4780 iu
1012 4726 1137 4796 gentibus
1149 4727 1236 4783 lueret.
1252 4729 1330 4785 Prius
1348 4730 1460 4787 enimin
1482 4730 1639 4787 nationibus
1653 4744 1763 4787 reseca·

131 4801 164 4856 do
178 4817 207 4858 sc
218 4812 437 4872 praesumentem.
454 4806 528 4860 Tulit
544 4823 628 4863 unum
652 4809 781 4879 lapidem,
797 4812 811 4852 ¹²
833 4821 861 4867 et
874 4813 920 4868 de-
972 4815 1113 4872 vitcarnis
1124 4816 1310 4887 pollutionem,
1321 4825 1349 4874 et
1361 4828 1455 4888 postea
1470 4817 1613 4890 copulatus
1626 4828 1671 4875 est
1681 4834 1762 4890 syna·

166 5018 179 5047 ⁸
198 5005 364 5077 Augustinus
376 5007 420 5063 bic
441 5024 610 5081 quinquenos
632 5014 721 5078 docet,
742 5029 822 5085 artem
843 5018 916 5074 scili·
1004 5031 1016 5060 ι
1039 5022 1136 5078 Editus
1156 5023 1238 5078 lecti:
1257 5024 1427 5095 putealique
1441 5023 1583 5095 legendum
1597 5040 1662 5081 eum
1679 5026 1763 5083 Glau-

133 5085 174 5133 ect
184 5078 363 5146 explicantem
379 5078 450 5133 Psal.
466 5083 712 5152 extrrr.‹lescripsit
723 5086 859 5153 Claudius,
869 5090 917 5144 sed
969 5091 1014 5145 dio
1030 5091 1104 5161 legia.

131 5163 185 5201 rron
214 5157 382 5211 constanter,
396 5150 433 5203 nti
457 5152 520 5205 abbi
542 5152 621 5217 solet,
637 5157 811 5218 adamrtssim,
826 5166 853 5211 ct
877 5159 915 5212 uti
1002 5160 1015 5199 d
1031 5162 1130 5216 blesum
1152 5170 1179 5216 ta
1194 5171 1258 5217 stant
1270 5163 1323 5218 ista
1341 5179 1373 5219 ex
1388 5179 1463 5218 num.
1480 5164 1514 5219 21
1526 5162 1605 5236 [alias
1629 5180 1692 5236 cap.
1708 5164 1764 5238 to]

130 5215 184 5271 dici
197 5230 256 5273 mos
266 5228 319 5287 cst,
332 5218 366 5274 ud
379 5218 493 5277 litterum
507 5237 606 5291 usque;
620 5224 748 5279 norrnulla
766 5240 799 5280 ex
814 5242 847 5280 eo
865 5243 915 5283 ct·
969 5229 1015 5283 lib.
1031 5247 1097 5285 11111
1123 5232 1152 5287 b.
1166 5232 1289 5303 Gregorii
1308 5232 1449 5289 lioralium
1462 5234 1489 5288 in
1502 5232 1561 5291 lob.

131 5286 227 5354 oerpit,
240 5289 383 5344 etbrevius
398 5291 489 5356 tradit,
504 5292 554 5346 alia
562 5306 674 5360 prorsus
686 5295 824 5350 exscribit.
834 5296 914 5353 Gorn-
1008 5311 1019 5338 0
1033 5301 1128 5355 Editus
1144 5321 1149 5355 :
1168 5303 1237 5356 inde.

131 5368 208 5434 pura,
223 5358 348 5421 obsecro,
361 5360 427 5424 brec,
443 5376 504 5431 quiae
518 5361 600 5417 babet
611 5359 748 5427 Claudius,
756 5381 818 5419 enm
831 5366 917 5421 Errar-
1008 5369 1017 5408 s
1031 5370 1096 5436 Qua>
1109 5373 1266 5440 parenthesi
1286 5374 1495 5440 concluduntur,
1510 5373 1537 5431 itt
1556 5373 1691 5447 Gregorio
1710 5391 1764 5431 nott

132 5426 383 5497 rauonetogustini
397 5430 667 5501 illuminandarum
680 5434 733 5490 dixi
748 5451 841 5491 111111.
850 5435 915 5497 seo.
969 5448 1085 5494 exstant.
1551 5460 1564 5469 ·

132 5494 469 5570 ιιιιιτὴίιτοικιΙεὶιίοω
490 5511 586 5573 claust.
607 5502 637 5557 ld
661 5504 688 5557 in
705 5505 793 5575 rllcg.
812 5506 916 5561 caseri·
1007 5512 1018 5548 ἕ
1044 5510 1103 5565 lber
1122 5513 1248 5582 perquire
1275 5530 1334 5583 cap.
1362 5515 1402 5579 ll,
1431 5524 1456 5568 et
1476 5515 1640 5585 scq.isitlori
1670 5518 1696 5573 in
1717 5518 1764 5573 lib.

133 5559 254 5627 psrtbaec
271 5563 407 5621 Claudius.
970 5596 980 5637 t
997 5580 1060 5652 [tog.

170 5629 456 5701 1ιΑιιιιιιειίιιιιεοιίἰῑιιε
470 5657 476 5695 :
491 5641 625 5699 ininricttnt
638 5645 664 5698 in
681 5644 767 5715 {rorrte
776 5648 913 5719 percrtssit.
