<?xml version="1.0" encoding="UTF-8"?>
<!DOCTYPE html PUBLIC "-//W3C//DTD XHTML 1.0 Transitional//EN"
    "http://www.w3.org/TR/xhtml1/DTD/xhtml1-transitional.dtd">
<html xmlns="http://www.w3.org/1999/xhtml" xml:lang="en" lang="en">
 <head>
  <title>
</title>
<meta http-equiv="Content-Type" content="text/html;charset=utf-8" />
  <meta name='ocr-system' content='tesseract 3.04.00' />
  <meta name='ocr-capabilities' content='ocr_page ocr_carea ocr_par ocr_line ocrx_word'/>
</head>
<body>
  <div class='ocr_page' id='page_1' title='image "./patrologiaecurs103migngoog/patrologiaecurs103migngoog_0497.png"; bbox 0 0 3832 6120; ppageno 0'>
   <div class='ocr_carea' id='block_1_1' title="bbox 131 360 921 1501">
    <p class='ocr_par' dir='ltr' id='par_1_1' title="bbox 131 360 921 1501">
     <span class='ocr_line' id='line_1_1' title="bbox 268 360 786 420; baseline -0.006 0"><span class='ocrx_word' id='word_1_1' title='bbox 268 363 475 420; x_wconf 68' lang='lat' dir='ltr'>mursuflium</span> <span class='ocrx_word' id='word_1_2' title='bbox 503 360 665 418; x_wconf 79' lang='lat' dir='ltr'>LUliOllCl</span> <span class='ocrx_word' id='word_1_3' title='bbox 684 361 786 417; x_wconf 73' lang='lat' dir='ltr'>lllJGiS</span> 
     </span>
     <span class='ocr_line' id='line_1_2' title="bbox 375 429 676 498; baseline -0.007 -11"><span class='ocrx_word' id='word_1_4' title='bbox 375 432 421 487; x_wconf 83' lang='lat' dir='ltr'>ET</span> <span class='ocrx_word' id='word_1_5' title='bbox 434 429 676 498; x_wconf 68' lang='lat' dir='ltr'>intentionis,</span> 
     </span>
     <span class='ocr_line' id='line_1_3' title="bbox 134 523 919 592; baseline -0.009 -8"><span class='ocrx_word' id='word_1_6' title='bbox 134 546 178 592; x_wconf 86' lang='lat' dir='ltr'>our</span> <span class='ocrx_word' id='word_1_7' title='bbox 190 540 270 582; x_wconf 78' lang='lat' dir='ltr'>arcer</span> <span class='ocrx_word' id='word_1_8' title='bbox 287 540 315 580; x_wconf 80' lang='lat' dir='ltr'>rs</span> <span class='ocrx_word' id='word_1_9' title='bbox 336 537 508 579; x_wconf 75' lang='lat' dir='ltr'>uontsremo</span> <span class='ocrx_word' id='word_1_10' title='bbox 527 539 621 579; x_wconf 76' lang='lat' dir='ltr'>sineri</span> <span class='ocrx_word' id='word_1_11' title='bbox 646 539 760 579; x_wconf 74' lang='lat' dir='ltr'>inuuunt</span> <span class='ocrx_word' id='word_1_12' title='bbox 780 523 919 579; x_wconf 76' lang='lat' dir='ltr'>cerensis.</span> 
     </span>
     <span class='ocr_line' id='line_1_4' title="bbox 132 614 781 689; baseline -0.006 -16"><span class='ocrx_word' id='word_1_13' title='bbox 132 617 241 689; x_wconf 87' lang='lat' dir='ltr'>imperii</span> <span class='ocrx_word' id='word_1_14' title='bbox 254 614 368 678; x_wconf 86' lang='lat' dir='ltr'>iulmen,</span> <span class='ocrx_word' id='word_1_15' title='bbox 382 615 550 672; x_wconf 77' lang='lat' dir='ltr'>Francorum</span> <span class='ocrx_word' id='word_1_16' title='bbox 564 615 654 671; x_wconf 81' lang='lat' dir='ltr'>nobile</span> <span class='ocrx_word' id='word_1_17' title='bbox 665 615 781 679; x_wconf 89' lang='lat' dir='ltr'>culmen,</span> 
     </span>
     <span class='ocr_line' id='line_1_5' title="bbox 167 704 711 763; baseline -0.007 -1"><span class='ocrx_word' id='word_1_18' title='bbox 167 706 267 762; x_wconf 70' lang='lat' dir='ltr'>brutus</span> <span class='ocrx_word' id='word_1_19' title='bbox 280 721 295 763; x_wconf 89' lang='lat' dir='ltr'>a</span> <span class='ocrx_word' id='word_1_20' title='bbox 308 705 389 762; x_wconf 73' lang='lat' dir='ltr'>seclo</span> <span class='ocrx_word' id='word_1_21' title='bbox 400 706 524 762; x_wconf 89' lang='lat' dir='ltr'>conditur</span> <span class='ocrx_word' id='word_1_22' title='bbox 535 707 587 761; x_wconf 89' lang='lat' dir='ltr'>boc</span> <span class='ocrx_word' id='word_1_23' title='bbox 600 704 711 760; x_wconf 80' lang='lat' dir='ltr'>tumulo.</span> 
     </span>
     <span class='ocr_line' id='line_1_6' title="bbox 131 795 708 866; baseline -0.007 -14"><span class='ocrx_word' id='word_1_24' title='bbox 131 797 188 853; x_wconf 81' lang='lat' dir='ltr'>ilex</span> <span class='ocrx_word' id='word_1_25' title='bbox 202 796 353 863; x_wconf 74' lang='lat' dir='ltr'>hunericus</span> <span class='ocrx_word' id='word_1_26' title='bbox 366 795 475 866; x_wconf 82' lang='lat' dir='ltr'>pietatis</span> <span class='ocrx_word' id='word_1_27' title='bbox 489 803 581 850; x_wconf 78' lang='lat' dir='ltr'>tantus</span> <span class='ocrx_word' id='word_1_28' title='bbox 595 795 708 857; x_wconf 83' lang='lat' dir='ltr'>amicus,</span> 
     </span>
     <span class='ocr_line' id='line_1_7' title="bbox 167 883 718 957; baseline -0.016 -12"><span class='ocrx_word' id='word_1_29' title='bbox 167 887 244 955; x_wconf 82' lang='lat' dir='ltr'>Quod</span> <span class='ocrx_word' id='word_1_30' title='bbox 255 887 320 943; x_wconf 85' lang='lat' dir='ltr'>Pius</span> <span class='ocrx_word' id='word_1_31' title='bbox 333 902 348 941; x_wconf 94' lang='lat' dir='ltr'>a</span> <span class='ocrx_word' id='word_1_32' title='bbox 359 885 458 957; x_wconf 91' lang='lat' dir='ltr'>populo</span> <span class='ocrx_word' id='word_1_33' title='bbox 473 886 571 941; x_wconf 89' lang='lat' dir='ltr'>dicitur</span> <span class='ocrx_word' id='word_1_34' title='bbox 589 892 617 939; x_wconf 91' lang='lat' dir='ltr'>et</span> <span class='ocrx_word' id='word_1_35' title='bbox 629 883 718 939; x_wconf 88' lang='lat' dir='ltr'>titulo.</span> 
     </span>
     <span class='ocr_line' id='line_1_8' title="bbox 131 971 786 1046; baseline -0.008 -15"><span class='ocrx_word' id='word_1_36' title='bbox 131 975 278 1046; x_wconf 84' lang='lat' dir='ltr'>iiiidegard</span> <span class='ocrx_word' id='word_1_37' title='bbox 291 974 408 1040; x_wconf 81' lang='lat' dir='ltr'>soboles,</span> <span class='ocrx_word' id='word_1_38' title='bbox 423 973 513 1030; x_wconf 84' lang='lat' dir='ltr'>Caroli</span> <span class='ocrx_word' id='word_1_39' title='bbox 529 973 618 1043; x_wconf 81' lang='lat' dir='ltr'>biagni</span> <span class='ocrx_word' id='word_1_40' title='bbox 632 973 676 1043; x_wconf 83' lang='lat' dir='ltr'>pia</span> <span class='ocrx_word' id='word_1_41' title='bbox 687 971 786 1042; x_wconf 66' lang='lat' dir='ltr'>proles</span> 
     </span>
     <span class='ocr_line' id='line_1_9' title="bbox 167 1066 707 1138; baseline -0.007 -15"><span class='ocrx_word' id='word_1_42' title='bbox 167 1069 197 1124; x_wconf 94' lang='lat' dir='ltr'>lu</span> <span class='ocrx_word' id='word_1_43' title='bbox 210 1067 286 1138; x_wconf 87' lang='lat' dir='ltr'>pucis</span> <span class='ocrx_word' id='word_1_44' title='bbox 297 1076 385 1123; x_wconf 87' lang='lat' dir='ltr'>metas</span> <span class='ocrx_word' id='word_1_45' title='bbox 405 1066 506 1137; x_wconf 77' lang='lat' dir='ltr'>colligit</span> <span class='ocrx_word' id='word_1_46' title='bbox 527 1066 707 1137; x_wconf 79' lang='lat' dir='ltr'>buncpietus.</span> 
     </span>
     <span class='ocr_line' id='line_1_10' title="bbox 131 1153 872 1226; baseline -0.005 -12"><span class='ocrx_word' id='word_1_47' title='bbox 131 1157 302 1215; x_wconf 89' lang='lat' dir='ltr'>llumelicum</span> <span class='ocrx_word' id='word_1_48' title='bbox 312 1157 413 1224; x_wconf 79' lang='lat' dir='ltr'>viliam,</span> <span class='ocrx_word' id='word_1_49' title='bbox 428 1157 594 1226; x_wconf 74' lang='lat' dir='ltr'>quidquidve</span> <span class='ocrx_word' id='word_1_50' title='bbox 609 1157 726 1211; x_wconf 90' lang='lat' dir='ltr'>rcicrtur</span> <span class='ocrx_word' id='word_1_51' title='bbox 740 1153 774 1209; x_wconf 86' lang='lat' dir='ltr'>ud</span> <span class='ocrx_word' id='word_1_52' title='bbox 790 1155 872 1220; x_wconf 82' lang='lat' dir='ltr'>ilioni,</span> 
     </span>
     <span class='ocr_line' id='line_1_11' title="bbox 167 1247 743 1318; baseline -0.003 -15"><span class='ocrx_word' id='word_1_53' title='bbox 167 1248 280 1305; x_wconf 72' lang='lat' dir='ltr'>Amulio</span> <span class='ocrx_word' id='word_1_54' title='bbox 294 1256 390 1305; x_wconf 81' lang='lat' dir='ltr'>sancto</span> <span class='ocrx_word' id='word_1_55' title='bbox 404 1247 529 1313; x_wconf 89' lang='lat' dir='ltr'>cuntulit,</span> <span class='ocrx_word' id='word_1_56' title='bbox 543 1247 661 1318; x_wconf 81' lang='lat' dir='ltr'>huicque</span> <span class='ocrx_word' id='word_1_57' title='bbox 674 1249 743 1304; x_wconf 86' lang='lat' dir='ltr'>loco.</span> 
     </span>
     <span class='ocr_line' id='line_1_12' title="bbox 132 1338 921 1410; baseline -0.005 -14"><span class='ocrx_word' id='word_1_58' title='bbox 132 1340 222 1410; x_wconf 86' lang='lat' dir='ltr'>Stirps</span> <span class='ocrx_word' id='word_1_59' title='bbox 237 1355 254 1394; x_wconf 84' lang='lat' dir='ltr'>a</span> <span class='ocrx_word' id='word_1_60' title='bbox 267 1354 321 1410; x_wconf 93' lang='lat' dir='ltr'>quo</span> <span class='ocrx_word' id='word_1_61' title='bbox 332 1353 486 1410; x_wconf 87' lang='lat' dir='ltr'>procerum,</span> <span class='ocrx_word' id='word_1_62' title='bbox 502 1353 649 1410; x_wconf 86' lang='lat' dir='ltr'>regumque</span> <span class='ocrx_word' id='word_1_63' title='bbox 662 1338 705 1394; x_wconf 84' lang='lat' dir='ltr'>vel</span> <span class='ocrx_word' id='word_1_64' title='bbox 717 1338 921 1408; x_wconf 90' lang='lat' dir='ltr'>imperatorum,</span> 
     </span>
     <span class='ocr_line' id='line_1_13' title="bbox 166 1431 742 1501; baseline 0 -13"><span class='ocrx_word' id='word_1_65' title='bbox 166 1431 287 1501; x_wconf 82' lang='lat' dir='ltr'>Quorum</span> <span class='ocrx_word' id='word_1_66' title='bbox 302 1433 461 1489; x_wconf 83' lang='lat' dir='ltr'>muneribus</span> <span class='ocrx_word' id='word_1_67' title='bbox 473 1432 578 1488; x_wconf 88' lang='lat' dir='ltr'>sistitur</span> <span class='ocrx_word' id='word_1_68' title='bbox 592 1432 644 1488; x_wconf 90' lang='lat' dir='ltr'>iste</span> <span class='ocrx_word' id='word_1_69' title='bbox 656 1431 742 1489; x_wconf 87' lang='lat' dir='ltr'>lucus.</span> 
     </span>
    </p>
   </div>
   <div class='ocr_carea' id='block_1_2' title="bbox 257 1561 782 1620">
    <p class='ocr_par' dir='ltr' id='par_1_2' title="bbox 257 1561 782 1620">
     <span class='ocr_line' id='line_1_14' title="bbox 257 1561 782 1620; baseline -0.002 -2"><span class='ocrx_word' id='word_1_70' title='bbox 257 1563 362 1620; x_wconf 76' lang='lat' dir='ltr'>Atilii)</span> <span class='ocrx_word' id='word_1_71' title='bbox 381 1561 593 1619; x_wconf 78' lang='lat' dir='ltr'>EPlTAPlllUM</span> <span class='ocrx_word' id='word_1_72' title='bbox 611 1561 782 1618; x_wconf 77' lang='lat' dir='ltr'>tunditur.</span> 
     </span>
    </p>
   </div>
   <div class='ocr_carea' id='block_1_3' title="bbox 698 247 1679 432">
    <p class='ocr_par' dir='ltr' id='par_1_3' title="bbox 698 247 1679 432">
     <span class='ocr_line' id='line_1_15' title="bbox 698 247 1201 308; baseline -0.004 0"><span class='ocrx_word' id='word_1_73' title='bbox 698 249 858 308; x_wconf 80' lang='lat' dir='ltr'>Lubuvtdi</span> <span class='ocrx_word' id='word_1_74' title='bbox 876 249 887 306; x_wconf 94' lang='lat' dir='ltr'>l</span> <span class='ocrx_word' id='word_1_75' title='bbox 905 247 1140 306; x_wconf 73' lang='lat' dir='ltr'>COGNOMENTO</span> <span class='ocrx_word' id='word_1_76' title='bbox 1158 248 1201 306; x_wconf 88' lang='lat' dir='ltr'>Pll</span> 
     </span>
     <span class='ocr_line' id='line_1_16' title="bbox 933 358 1679 432; baseline 0.003 -17"><span class='ocrx_word' id='word_1_77' title='bbox 933 364 958 423; x_wconf 75' lang='grc' dir='ltr'><strong>Α</strong></span> <span class='ocrx_word' id='word_1_78' title='bbox 970 358 1098 429; x_wconf 89' lang='lat' dir='ltr'>Corporis</span> <span class='ocrx_word' id='word_1_79' title='bbox 1103 361 1153 419; x_wconf 85' lang='lat' dir='ltr'>iric</span> <span class='ocrx_word' id='word_1_80' title='bbox 1164 369 1240 417; x_wconf 86' lang='lat' dir='ltr'>artus</span> <span class='ocrx_word' id='word_1_81' title='bbox 1251 359 1352 417; x_wconf 87' lang='lat' dir='ltr'>clausit</span> <span class='ocrx_word' id='word_1_82' title='bbox 1362 361 1472 432; x_wconf 87' lang='lat' dir='ltr'>quando</span> <span class='ocrx_word' id='word_1_83' title='bbox 1485 361 1582 417; x_wconf 83' lang='lat' dir='ltr'>ultima</span> <span class='ocrx_word' id='word_1_84' title='bbox 1592 359 1679 419; x_wconf 83' lang='lat' dir='ltr'>solvit</span> 
     </span>
    </p>
   </div>
   <div class='ocr_carea' id='block_1_4' title="bbox 971 448 1745 1429">
    <p class='ocr_par' dir='ltr' id='par_1_4' title="bbox 971 448 1745 1429">
     <span class='ocr_line' id='line_1_17' title="bbox 1006 448 1528 522; baseline 0.008 -19"><span class='ocrx_word' id='word_1_85' title='bbox 1006 448 1136 505; x_wconf 79' lang='lat' dir='ltr'>llumauae</span> <span class='ocrx_word' id='word_1_86' title='bbox 1150 450 1213 505; x_wconf 81' lang='lat' dir='ltr'>uitae</span> <span class='ocrx_word' id='word_1_87' title='bbox 1224 458 1253 506; x_wconf 90' lang='lat' dir='ltr'>et</span> <span class='ocrx_word' id='word_1_88' title='bbox 1266 466 1350 521; x_wconf 81' lang='lat' dir='ltr'>super</span> <span class='ocrx_word' id='word_1_89' title='bbox 1362 459 1439 507; x_wconf 88' lang='lat' dir='ltr'>astra</span> <span class='ocrx_word' id='word_1_90' title='bbox 1450 452 1528 522; x_wconf 90' lang='lat' dir='ltr'>petit.</span> 
     </span>
     <span class='ocr_line' id='line_1_18' title="bbox 971 537 1563 614; baseline 0.012 -21"><span class='ocrx_word' id='word_1_91' title='bbox 971 537 1022 594; x_wconf 90' lang='lat' dir='ltr'>iiic</span> <span class='ocrx_word' id='word_1_92' title='bbox 1033 539 1113 606; x_wconf 88' lang='lat' dir='ltr'>lidus,</span> <span class='ocrx_word' id='word_1_93' title='bbox 1128 538 1217 606; x_wconf 92' lang='lat' dir='ltr'>iortis,</span> <span class='ocrx_word' id='word_1_94' title='bbox 1229 541 1408 614; x_wconf 85' lang='lat' dir='ltr'>nuliipietute</span> <span class='ocrx_word' id='word_1_95' title='bbox 1417 543 1563 610; x_wconf 84' lang='lat' dir='ltr'>sccundus,</span> 
     </span>
     <span class='ocr_line' id='line_1_19' title="bbox 1007 628 1636 704; baseline 0.005 -20"><span class='ocrx_word' id='word_1_96' title='bbox 1007 628 1141 696; x_wconf 86' lang='lat' dir='ltr'>Clemens,</span> <span class='ocrx_word' id='word_1_97' title='bbox 1152 638 1181 686; x_wconf 88' lang='lat' dir='ltr'>et</span> <span class='ocrx_word' id='word_1_98' title='bbox 1196 631 1313 701; x_wconf 87' lang='lat' dir='ltr'>patiens,</span> <span class='ocrx_word' id='word_1_99' title='bbox 1325 640 1408 704; x_wconf 76' lang='lat' dir='ltr'>etque</span> <span class='ocrx_word' id='word_1_100' title='bbox 1418 633 1550 704; x_wconf 86' lang='lat' dir='ltr'>benignus</span> <span class='ocrx_word' id='word_1_101' title='bbox 1564 642 1636 688; x_wconf 83' lang='lat' dir='ltr'>erat.</span> 
     </span>
     <span class='ocr_line' id='line_1_20' title="bbox 971 717 1608 789; baseline 0.009 -15"><span class='ocrx_word' id='word_1_102' title='bbox 971 719 1108 775; x_wconf 85' lang='lat' dir='ltr'>Ecclesias</span> <span class='ocrx_word' id='word_1_103' title='bbox 1119 717 1221 775; x_wconf 77' lang='lat' dir='ltr'>Christi</span> <span class='ocrx_word' id='word_1_104' title='bbox 1235 721 1289 776; x_wconf 90' lang='lat' dir='ltr'>ritu</span> <span class='ocrx_word' id='word_1_105' title='bbox 1303 721 1445 777; x_wconf 78' lang='lat' dir='ltr'>renovarit</span> <span class='ocrx_word' id='word_1_106' title='bbox 1457 721 1581 789; x_wconf 79' lang='lat' dir='ltr'>honeste,</span> <span class='ocrx_word' id='word_1_107' title='bbox 1598 767 1608 780; x_wconf 87' lang='lat'>.</span> 
     </span>
     <span class='ocr_line' id='line_1_21' title="bbox 1007 811 1513 885; baseline 0.008 -20"><span class='ocrx_word' id='word_1_108' title='bbox 1007 811 1093 882; x_wconf 89' lang='lat' dir='ltr'>ipsius</span> <span class='ocrx_word' id='word_1_109' title='bbox 1107 819 1134 867; x_wconf 92' lang='lat' dir='ltr'>et</span> <span class='ocrx_word' id='word_1_110' title='bbox 1148 812 1237 869; x_wconf 89' lang='lat' dir='ltr'>cultor</span> <span class='ocrx_word' id='word_1_111' title='bbox 1249 829 1332 870; x_wconf 78' lang='lat' dir='ltr'>verus</span> <span class='ocrx_word' id='word_1_112' title='bbox 1343 815 1443 885; x_wconf 90' lang='lat' dir='ltr'>ubique</span> <span class='ocrx_word' id='word_1_113' title='bbox 1452 813 1513 870; x_wconf 89' lang='lat' dir='ltr'>iuit.</span> 
     </span>
     <span class='ocr_line' id='line_1_22' title="bbox 971 901 1709 976; baseline 0.005 -18"><span class='ocrx_word' id='word_1_114' title='bbox 971 901 1086 958; x_wconf 80' lang='lat' dir='ltr'>Caesaris</span> <span class='ocrx_word' id='word_1_115' title='bbox 1100 902 1145 958; x_wconf 90' lang='lat' dir='ltr'>lric</span> <span class='ocrx_word' id='word_1_116' title='bbox 1163 905 1270 974; x_wconf 85' lang='lat' dir='ltr'>genitus</span> <span class='ocrx_word' id='word_1_117' title='bbox 1282 902 1372 960; x_wconf 87' lang='lat' dir='ltr'>Caroli</span> <span class='ocrx_word' id='word_1_118' title='bbox 1383 904 1553 976; x_wconf 71' lang='lat' dir='ltr'>Augustique</span> <span class='ocrx_word' id='word_1_119' title='bbox 1562 913 1709 976; x_wconf 86' lang='lat' dir='ltr'>superstes</span> 
     </span>
     <span class='ocr_line' id='line_1_23' title="bbox 1008 991 1668 1065; baseline 0 -17"><span class='ocrx_word' id='word_1_120' title='bbox 1008 991 1144 1049; x_wconf 83' lang='lat' dir='ltr'>Successit</span> <span class='ocrx_word' id='word_1_121' title='bbox 1157 1007 1242 1064; x_wconf 89' lang='lat' dir='ltr'>regno</span> <span class='ocrx_word' id='word_1_122' title='bbox 1252 994 1316 1050; x_wconf 90' lang='lat' dir='ltr'>lruic</span> <span class='ocrx_word' id='word_1_123' title='bbox 1327 1001 1435 1064; x_wconf 82' lang='lat' dir='ltr'>sceptra</span> <span class='ocrx_word' id='word_1_124' title='bbox 1448 1008 1547 1065; x_wconf 85' lang='lat' dir='ltr'>regens</span> <span class='ocrx_word' id='word_1_125' title='bbox 1559 994 1668 1065; x_wconf 87' lang='lat' dir='ltr'>pupuli.</span> 
     </span>
     <span class='ocr_line' id='line_1_24' title="bbox 971 1084 1745 1156; baseline 0.005 -15"><span class='ocrx_word' id='word_1_126' title='bbox 971 1084 1056 1152; x_wconf 87' lang='lat' dir='ltr'>Quem</span> <span class='ocrx_word' id='word_1_127' title='bbox 1071 1100 1145 1141; x_wconf 88' lang='lat' dir='ltr'>nuuc</span> <span class='ocrx_word' id='word_1_128' title='bbox 1160 1086 1309 1156; x_wconf 78' lang='lat' dir='ltr'>prosectis</span> <span class='ocrx_word' id='word_1_129' title='bbox 1322 1085 1493 1156; x_wconf 83' lang='lat' dir='ltr'>meritisjrm</span> <span class='ocrx_word' id='word_1_130' title='bbox 1508 1085 1627 1142; x_wconf 87' lang='lat' dir='ltr'>credere</span> <span class='ocrx_word' id='word_1_131' title='bbox 1644 1085 1690 1143; x_wconf 86' lang='lat' dir='ltr'>ias</span> <span class='ocrx_word' id='word_1_132' title='bbox 1702 1096 1745 1145; x_wconf 85' lang='lat' dir='ltr'>est</span> 
     </span>
     <span class='ocr_line' id='line_1_25' title="bbox 1007 1176 1611 1249; baseline -0.003 -17"><span class='ocrx_word' id='word_1_133' title='bbox 1007 1177 1074 1233; x_wconf 89' lang='lat' dir='ltr'>Cum</span> <span class='ocrx_word' id='word_1_134' title='bbox 1087 1177 1197 1234; x_wconf 88' lang='lat' dir='ltr'>Christo</span> <span class='ocrx_word' id='word_1_135' title='bbox 1210 1178 1325 1234; x_wconf 84' lang='lat' dir='ltr'>bomine</span> <span class='ocrx_word' id='word_1_136' title='bbox 1338 1192 1422 1249; x_wconf 84' lang='lat' dir='ltr'>regna</span> <span class='ocrx_word' id='word_1_137' title='bbox 1433 1185 1528 1234; x_wconf 87' lang='lat' dir='ltr'>tenere</span> <span class='ocrx_word' id='word_1_138' title='bbox 1543 1176 1611 1246; x_wconf 89' lang='lat' dir='ltr'>poli.</span> 
     </span>
     <span class='ocr_line' id='line_1_26' title="bbox 972 1267 1633 1340; baseline 0 -16"><span class='ocrx_word' id='word_1_139' title='bbox 972 1268 1055 1336; x_wconf 80' lang='lat' dir='ltr'>Cuius</span> <span class='ocrx_word' id='word_1_140' title='bbox 1067 1284 1213 1340; x_wconf 77' lang='lat' dir='ltr'>germanus</span> <span class='ocrx_word' id='word_1_141' title='bbox 1228 1270 1316 1339; x_wconf 85' lang='lat' dir='ltr'>Drogo</span> <span class='ocrx_word' id='word_1_142' title='bbox 1329 1267 1486 1340; x_wconf 72' lang='lat' dir='ltr'>Christique</span> <span class='ocrx_word' id='word_1_143' title='bbox 1497 1268 1633 1324; x_wconf 81' lang='lat' dir='ltr'>sacerdos</span> 
     </span>
     <span class='ocr_line' id='line_1_27' title="bbox 1008 1356 1683 1429; baseline -0.003 -16"><span class='ocrx_word' id='word_1_144' title='bbox 1008 1359 1158 1414; x_wconf 78' lang='lat' dir='ltr'>Transtulit</span> <span class='ocrx_word' id='word_1_145' title='bbox 1170 1359 1224 1414; x_wconf 90' lang='lat' dir='ltr'>buc</span> <span class='ocrx_word' id='word_1_146' title='bbox 1237 1373 1345 1429; x_wconf 86' lang='lat' dir='ltr'>corpus,</span> <span class='ocrx_word' id='word_1_147' title='bbox 1357 1358 1478 1415; x_wconf 86' lang='lat' dir='ltr'>condidit</span> <span class='ocrx_word' id='word_1_148' title='bbox 1490 1358 1545 1413; x_wconf 90' lang='lat' dir='ltr'>boe</span> <span class='ocrx_word' id='word_1_149' title='bbox 1559 1356 1683 1413; x_wconf 88' lang='lat' dir='ltr'>tumulo.</span> 
     </span>
    </p>
   </div>
   <div class='ocr_carea' id='block_1_5' title="bbox 974 1467 1772 1611">
    <p class='ocr_par' dir='ltr' id='par_1_5' title="bbox 974 1467 1772 1611">
     <span class='ocr_line' id='line_1_28' title="bbox 1008 1467 1772 1538; baseline 0.001 -15"><span class='ocrx_word' id='word_1_150' title='bbox 1008 1467 1130 1524; x_wconf 81' lang='lat' dir='ltr'>Decessit</span> <span class='ocrx_word' id='word_1_151' title='bbox 1156 1476 1245 1524; x_wconf 82' lang='lat' dir='ltr'>autem</span> <span class='ocrx_word' id='word_1_152' title='bbox 1270 1484 1341 1524; x_wconf 91' lang='lat' dir='ltr'>anno</span> <span class='ocrx_word' id='word_1_153' title='bbox 1363 1468 1469 1538; x_wconf 89' lang='lat' dir='ltr'>imperii</span> <span class='ocrx_word' id='word_1_154' title='bbox 1495 1468 1538 1523; x_wconf 87' lang='lat' dir='ltr'>sui</span> <span class='ocrx_word' id='word_1_155' title='bbox 1554 1483 1649 1534; x_wconf 80' lang='lat' dir='ltr'>nvn,</span> <span class='ocrx_word' id='word_1_156' title='bbox 1668 1468 1714 1524; x_wconf 86' lang='lat' dir='ltr'>die</span> <span class='ocrx_word' id='word_1_157' title='bbox 1735 1485 1772 1524; x_wconf 76' lang='lat' dir='ltr'>ru</span> 
     </span>
     <span class='ocr_line' id='line_1_29' title="bbox 974 1537 1772 1611; baseline 0.003 -18"><span class='ocrx_word' id='word_1_158' title='bbox 974 1537 1032 1593; x_wconf 84' lang='lat' dir='ltr'>ilnl.</span> <span class='ocrx_word' id='word_1_159' title='bbox 1044 1538 1119 1606; x_wconf 84' lang='lat' dir='ltr'>iulii,</span> <span class='ocrx_word' id='word_1_160' title='bbox 1133 1554 1205 1594; x_wconf 85' lang='lat' dir='ltr'>anno</span> <span class='ocrx_word' id='word_1_161' title='bbox 1214 1553 1279 1594; x_wconf 83' lang='lat' dir='ltr'>vero</span> <span class='ocrx_word' id='word_1_162' title='bbox 1290 1539 1379 1595; x_wconf 76' lang='lat' dir='ltr'>emtis</span> <span class='ocrx_word' id='word_1_163' title='bbox 1392 1539 1644 1610; x_wconf 77' lang='lat' dir='ltr'>uxrr,quiesitqrre</span> <span class='ocrx_word' id='word_1_164' title='bbox 1654 1539 1684 1595; x_wconf 85' lang='lat' dir='ltr'>in</span> <span class='ocrx_word' id='word_1_165' title='bbox 1696 1554 1772 1611; x_wconf 84' lang='lat' dir='ltr'>pace.</span> 
     </span>
    </p>
   </div>
   <div class='ocr_carea' id='block_1_6' title="bbox 132 1652 1635 1746">
    <p class='ocr_par' dir='ltr' id='par_1_6' title="bbox 132 1652 1635 1746">
     <span class='ocr_line' id='line_1_30' title="bbox 132 1652 1635 1746; baseline -0.007 -18"><span class='ocrx_word' id='word_1_166' title='bbox 132 1673 188 1746; x_wconf 76' lang='lat' dir='ltr'>(Ex</span> <span class='ocrx_word' id='word_1_167' title='bbox 206 1676 286 1730; x_wconf 84' lang='lat' dir='ltr'>reteri</span> <span class='ocrx_word' id='word_1_168' title='bbox 302 1673 454 1730; x_wconf 82' lang='lat' dir='ltr'>membrano</span> <span class='ocrx_word' id='word_1_169' title='bbox 468 1673 497 1729; x_wconf 88' lang='lat' dir='ltr'>S.</span> <span class='ocrx_word' id='word_1_170' title='bbox 512 1675 615 1744; x_wconf 77' lang='lat' dir='ltr'>druulfi</span> <span class='ocrx_word' id='word_1_171' title='bbox 638 1674 773 1737; x_wconf 74' lang='lat' dir='ltr'>distensis,</span> <span class='ocrx_word' id='word_1_172' title='bbox 787 1676 857 1746; x_wconf 85' lang='lat' dir='ltr'>opud</span> <span class='ocrx_word' id='word_1_173' title='bbox 868 1673 921 1730; x_wconf 79' lang='lat' dir='ltr'>ita-</span> <span class='ocrx_word' id='word_1_174' title='bbox 973 1655 1061 1725; x_wconf 72' lang='lat' dir='ltr'>H³¹¹⁰r</span> <span class='ocrx_word' id='word_1_175' title='bbox 1074 1662 1176 1711; x_wconf 57' lang='lat' dir='ltr'>‘⁸¹0¹&#39;ssss</span> <span class='ocrx_word' id='word_1_176' title='bbox 1191 1654 1274 1720; x_wconf 64' lang='lat'><strong>9⁸⁰⁵·</strong></span> <span class='ocrx_word' id='word_1_177' title='bbox 1285 1652 1378 1710; x_wconf 57' lang='grc' dir='ltr'>ΕΜ</span> <span class='ocrx_word' id='word_1_178' title='bbox 1391 1652 1537 1709; x_wconf 59' lang='grc' dir='ltr'>Μῑὶὶἃῐῖῦῦ</span> <span class='ocrx_word' id='word_1_179' title='bbox 1551 1667 1635 1708; x_wconf 66' lang='lat' dir='ltr'>mm</span> 
     </span>
    </p>
   </div>
   <div class='ocr_carea' id='block_1_7' title="bbox 131 1743 810 1997">
    <p class='ocr_par' dir='ltr' id='par_1_7' title="bbox 131 1743 810 1997">
     <span class='ocr_line' id='line_1_31' title="bbox 255 1743 805 1818; baseline 0.005 -20"><span class='ocrx_word' id='word_1_180' title='bbox 255 1744 365 1809; x_wconf 70' lang='lat' dir='ltr'>latrium,</span> <span class='ocrx_word' id='word_1_181' title='bbox 380 1743 494 1816; x_wconf 81' lang='lat' dir='ltr'>Capitol.</span> <span class='ocrx_word' id='word_1_182' title='bbox 508 1753 571 1798; x_wconf 88' lang='lat' dir='ltr'>tom.</span> <span class='ocrx_word' id='word_1_183' title='bbox 584 1744 628 1810; x_wconf 86' lang='lat' dir='ltr'>li,</span> <span class='ocrx_word' id='word_1_184' title='bbox 641 1761 701 1816; x_wconf 81' lang='lat' dir='ltr'>paq.</span> <span class='ocrx_word' id='word_1_185' title='bbox 713 1745 805 1818; x_wconf 81' lang='lat'><strong>1566.)</strong></span> 
     </span>
     <span class='ocr_line' id='line_1_32' title="bbox 131 1834 810 1903; baseline 0.003 -13"><span class='ocrx_word' id='word_1_186' title='bbox 131 1834 281 1891; x_wconf 83' lang='lat' dir='ltr'>Praeceisus</span> <span class='ocrx_word' id='word_1_187' title='bbox 294 1836 410 1901; x_wconf 90' lang='lat' dir='ltr'>meritis,</span> <span class='ocrx_word' id='word_1_188' title='bbox 424 1835 528 1892; x_wconf 85' lang='lat' dir='ltr'>lamoso</span> <span class='ocrx_word' id='word_1_189' title='bbox 545 1845 573 1892; x_wconf 91' lang='lat' dir='ltr'>et</span> <span class='ocrx_word' id='word_1_190' title='bbox 584 1837 693 1892; x_wconf 89' lang='lat' dir='ltr'>nomine</span> <span class='ocrx_word' id='word_1_191' title='bbox 708 1837 810 1903; x_wconf 86' lang='lat' dir='ltr'>clarus,</span> 
     </span>
     <span class='ocr_line' id='line_1_33' title="bbox 168 1925 698 1997; baseline -0.004 -16"><span class='ocrx_word' id='word_1_192' title='bbox 168 1925 243 1981; x_wconf 80' lang='lat' dir='ltr'>Felix</span> <span class='ocrx_word' id='word_1_193' title='bbox 257 1925 395 1997; x_wconf 81' lang='lat' dir='ltr'>Augustus</span> <span class='ocrx_word' id='word_1_194' title='bbox 406 1925 452 1981; x_wconf 92' lang='lat' dir='ltr'>iric</span> <span class='ocrx_word' id='word_1_195' title='bbox 464 1925 600 1981; x_wconf 78' lang='lat' dir='ltr'>Lucioicus</span> <span class='ocrx_word' id='word_1_196' title='bbox 611 1925 698 1982; x_wconf 73' lang='lat' dir='ltr'>adest.</span> 
     </span>
    </p>
   </div>
   <div class='ocr_carea' id='block_1_8' title="bbox 935 1734 1485 1817">
    <p class='ocr_par' dir='ltr' id='par_1_8' title="bbox 935 1734 1485 1817">
     <span class='ocr_line' id='line_1_34' title="bbox 935 1734 1485 1817; baseline 0.004 -23"><span class='ocrx_word' id='word_1_197' title='bbox 935 1734 960 1794; x_wconf 87' lang='lat' dir='ltr'><strong>B</strong></span> <span class='ocrx_word' id='word_1_198' title='bbox 1010 1746 1111 1801; x_wconf 84' lang='lat' dir='ltr'>beruto</span> <span class='ocrx_word' id='word_1_199' title='bbox 1123 1745 1204 1817; x_wconf 78' lang='lat' dir='ltr'>jussit</span> <span class='ocrx_word' id='word_1_200' title='bbox 1215 1745 1298 1800; x_wconf 88' lang='lat' dir='ltr'>corde</span> <span class='ocrx_word' id='word_1_201' title='bbox 1310 1759 1408 1814; x_wconf 83' lang='lat' dir='ltr'>parare</span> <span class='ocrx_word' id='word_1_202' title='bbox 1420 1743 1485 1808; x_wconf 85' lang='lat' dir='ltr'>tibi;</span> 
     </span>
    </p>
   </div>
   <div class='ocr_carea' id='block_1_9' title="bbox 975 1834 1590 1997">
    <p class='ocr_par' dir='ltr' id='par_1_9' title="bbox 975 1834 1590 1997">
     <span class='ocr_line' id='line_1_35' title="bbox 975 1834 1580 1904; baseline -0.005 -13"><span class='ocrx_word' id='word_1_203' title='bbox 975 1834 1032 1891; x_wconf 90' lang='lat' dir='ltr'>lllic</span> <span class='ocrx_word' id='word_1_204' title='bbox 1046 1850 1124 1890; x_wconf 77' lang='lat' dir='ltr'>sacra</span> <span class='ocrx_word' id='word_1_205' title='bbox 1139 1835 1178 1888; x_wconf 89' lang='lat' dir='ltr'>tui</span> <span class='ocrx_word' id='word_1_206' title='bbox 1197 1849 1251 1904; x_wconf 89' lang='lat' dir='ltr'>quo</span> <span class='ocrx_word' id='word_1_207' title='bbox 1263 1834 1374 1889; x_wconf 76' lang='lat' dir='ltr'>victima</span> <span class='ocrx_word' id='word_1_208' title='bbox 1388 1834 1440 1889; x_wconf 88' lang='lat' dir='ltr'>rite</span> <span class='ocrx_word' id='word_1_209' title='bbox 1453 1841 1580 1889; x_wconf 77' lang='lat' dir='ltr'>sacretur</span> 
     </span>
     <span class='ocr_line' id='line_1_36' title="bbox 1010 1925 1590 1997; baseline -0.002 -17"><span class='ocrx_word' id='word_1_210' title='bbox 1010 1925 1147 1996; x_wconf 84' lang='lat' dir='ltr'>Corporis,</span> <span class='ocrx_word' id='word_1_211' title='bbox 1164 1935 1191 1982; x_wconf 91' lang='lat' dir='ltr'>et</span> <span class='ocrx_word' id='word_1_212' title='bbox 1208 1926 1256 1980; x_wconf 84' lang='lat' dir='ltr'>liat</span> <span class='ocrx_word' id='word_1_213' title='bbox 1270 1926 1401 1997; x_wconf 78' lang='lat' dir='ltr'>sanguine</span> <span class='ocrx_word' id='word_1_214' title='bbox 1416 1927 1516 1980; x_wconf 87' lang='lat' dir='ltr'>munda</span> <span class='ocrx_word' id='word_1_215' title='bbox 1530 1933 1590 1982; x_wconf 85' lang='lat' dir='ltr'>tuo.</span> 
     </span>
    </p>
   </div>
   <div class='ocr_carea' id='block_1_10' title="bbox 693 2108 1199 2270">
    <p class='ocr_par' dir='ltr' id='par_1_10' title="bbox 693 2108 1199 2270">
     <span class='ocr_line' id='line_1_37' title="bbox 693 2108 1199 2270; baseline 0 -4"><span class='ocrx_word' id='word_1_216' title='bbox 693 2108 1127 2270; x_wconf 74' lang='lat' dir='ltr'>monovrer</span> <span class='ocrx_word' id='word_1_217' title='bbox 1163 2156 1199 2266; x_wconf 91' lang='lat'>1</span> 
     </span>
    </p>
   </div>
   <div class='ocr_carea' id='block_1_11' title="bbox 385 2401 1551 2504">
    <p class='ocr_par' dir='ltr' id='par_1_11' title="bbox 385 2401 1551 2504">
     <span class='ocr_line' id='line_1_38' title="bbox 385 2401 1551 2504; baseline 0 -21"><span class='ocrx_word' id='word_1_218' title='bbox 385 2401 739 2484; x_wconf 86' lang='lat' dir='ltr'>COGNOMENTO</span> <span class='ocrx_word' id='word_1_219' title='bbox 767 2402 841 2480; x_wconf 88' lang='lat' dir='ltr'>Pil</span> <span class='ocrx_word' id='word_1_220' title='bbox 862 2459 873 2497; x_wconf 93' lang='lat'>,</span> <span class='ocrx_word' id='word_1_221' title='bbox 911 2401 1257 2500; x_wconf 73' lang='lat' dir='ltr'>lMPbmtTuuis</span> <span class='ocrx_word' id='word_1_222' title='bbox 1297 2402 1551 2504; x_wconf 69' lang='grc' dir='ltr'>ΑΙΠΠῙΒΤΙΙ</span> 
     </span>
    </p>
   </div>
   <div class='ocr_carea' id='block_1_12' title="bbox 391 2619 1518 3027">
    <p class='ocr_par' dir='ltr' id='par_1_12' title="bbox 391 2619 1518 3027">
     <span class='ocr_line' id='line_1_39' title="bbox 506 2619 1389 2757; baseline 0.003 -22"><span class='ocrx_word' id='word_1_223' title='bbox 506 2619 794 2735; x_wconf 73' lang='lat' dir='ltr'>brunon</span> <span class='ocrx_word' id='word_1_224' title='bbox 837 2620 1180 2757; x_wconf 71' lang='lat' dir='ltr'>Pretorium</span> <span class='ocrx_word' id='word_1_225' title='bbox 1223 2621 1389 2740; x_wconf 79' lang='lat' dir='ltr'>Eius</span> 
     </span>
     <span class='ocr_line' id='line_1_40' title="bbox 391 2867 1518 3027; baseline 0.004 -52"><span class='ocrx_word' id='word_1_226' title='bbox 391 2868 851 2975; x_wconf 69' lang='lat' dir='ltr'>urrunnun</span> <span class='ocrx_word' id='word_1_227' title='bbox 916 2867 1518 3027; x_wconf 75' lang='lat' dir='ltr'>uecnnsrrsrreu</span> 
     </span>
    </p>
   </div>
   <div class='ocr_carea' id='block_1_13' title="bbox 468 3085 1434 3162">
    <p class='ocr_par' dir='ltr' id='par_1_13' title="bbox 468 3085 1434 3162">
     <span class='ocr_line' id='line_1_41' title="bbox 468 3085 1434 3162; baseline 0 -12"><span class='ocrx_word' id='word_1_228' title='bbox 468 3087 597 3162; x_wconf 73' lang='lat' dir='ltr'>usulis</span> <span class='ocrx_word' id='word_1_229' title='bbox 618 3086 673 3149; x_wconf 77' lang='lat' dir='ltr'>Ab</span> <span class='ocrx_word' id='word_1_230' title='bbox 698 3085 936 3149; x_wconf 72' lang='lat' dir='ltr'>Divisionum</span> <span class='ocrx_word' id='word_1_231' title='bbox 957 3087 1111 3150; x_wconf 73' lang='lat' dir='ltr'>intrusit</span> <span class='ocrx_word' id='word_1_232' title='bbox 1135 3088 1244 3150; x_wconf 89' lang='lat' dir='ltr'>iiNNO</span> <span class='ocrx_word' id='word_1_233' title='bbox 1266 3088 1434 3151; x_wconf 84' lang='lat' dir='ltr'>DCCCXL.</span> 
     </span>
    </p>
   </div>
   <div class='ocr_carea' id='block_1_14' title="bbox 847 3251 1049 3266">
    <p class='ocr_par' dir='ltr' id='par_1_14' title="bbox 847 3251 1049 3266">
     <span class='ocr_line' id='line_1_42' title="bbox 847 3251 1049 3266; baseline 0 -1"><span class='ocrx_word' id='word_1_234' title='bbox 847 3251 1049 3266; x_wconf 48' lang='grc' dir='ltr'>*ι-</span> 
     </span>
    </p>
   </div>
   <div class='ocr_carea' id='block_1_15' title="bbox 300 3494 751 3545">
    <p class='ocr_par' dir='ltr' id='par_1_15' title="bbox 300 3494 751 3545">
     <span class='ocr_line' id='line_1_43' title="bbox 300 3494 751 3545; baseline -0.02 -2"><span class='ocrx_word' id='word_1_235' title='bbox 300 3502 352 3545; x_wconf 69' lang='lat' dir='ltr'>PRO</span> <span class='ocrx_word' id='word_1_236' title='bbox 370 3497 550 3543; x_wconf 75' lang='lat' dir='ltr'>nosttlbctib&#39;sr</span> <span class='ocrx_word' id='word_1_237' title='bbox 572 3494 751 3538; x_wconf 68' lang='lat' dir='ltr'>uouisrtsnto.</span> 
     </span>
    </p>
   </div>
   <div class='ocr_carea' id='block_1_16' title="bbox 433 3593 613 3670">
    <p class='ocr_par' dir='ltr' id='par_1_16' title="bbox 433 3593 613 3670">
     <span class='ocr_line' id='line_1_44' title="bbox 433 3593 613 3670; baseline -0.017 -19"><span class='ocrx_word' id='word_1_238' title='bbox 433 3595 520 3670; x_wconf 73' lang='lat' dir='ltr'>(mm</span> <span class='ocrx_word' id='word_1_239' title='bbox 538 3593 613 3666; x_wconf 75' lang='lat' dir='ltr'>res.)</span> 
     </span>
    </p>
   </div>
   <div class='ocr_carea' id='block_1_17' title="bbox 132 3700 920 3872">
    <p class='ocr_par' dir='ltr' id='par_1_17' title="bbox 132 3700 920 3872">
     <span class='ocr_line' id='line_1_45' title="bbox 132 3700 920 3790; baseline -0.018 -19"><span class='ocrx_word' id='word_1_240' title='bbox 132 3710 259 3790; x_wconf 77' lang='lat' dir='ltr'>illabili,</span> <span class='ocrx_word' id='word_1_241' title='bbox 271 3708 369 3765; x_wconf 75' lang='lat' dir='ltr'>innui.</span> <span class='ocrx_word' id='word_1_242' title='bbox 392 3706 450 3764; x_wconf 85' lang='lat' dir='ltr'>oni.</span> <span class='ocrx_word' id='word_1_243' title='bbox 465 3705 496 3763; x_wconf 84' lang='lat' dir='ltr'>S.</span> <span class='ocrx_word' id='word_1_244' title='bbox 514 3704 623 3769; x_wconf 76' lang='lat' dir='ltr'>bened,</span> <span class='ocrx_word' id='word_1_245' title='bbox 639 3705 758 3773; x_wconf 76' lang='lat' dir='ltr'>tom-ill,</span> <span class='ocrx_word' id='word_1_246' title='bbox 767 3717 829 3774; x_wconf 85' lang='lat' dir='ltr'>pag.</span> <span class='ocrx_word' id='word_1_247' title='bbox 845 3700 920 3774; x_wconf 70' lang='lat' dir='ltr'>tib]</span> 
     </span>
     <span class='ocr_line' id='line_1_46' title="bbox 165 3796 766 3872; baseline -0.022 -11"><span class='ocrx_word' id='word_1_248' title='bbox 165 3801 319 3861; x_wconf 84' lang='lat' dir='ltr'>Ludoricus</span> <span class='ocrx_word' id='word_1_249' title='bbox 330 3800 417 3872; x_wconf 76' lang='lat' dir='ltr'>gratia</span> <span class='ocrx_word' id='word_1_250' title='bbox 431 3797 479 3853; x_wconf 86' lang='lat' dir='ltr'>bei</span> <span class='ocrx_word' id='word_1_251' title='bbox 498 3810 546 3853; x_wconf 82' lang='lat' dir='ltr'>rex</span> <span class='ocrx_word' id='word_1_252' title='bbox 559 3796 766 3866; x_wconf 80' lang='lat' dir='ltr'>hquitauorum.</span> 
     </span>
    </p>
   </div>
   <div class='ocr_carea' id='block_1_18' title="bbox 131 3909 923 4708">
    <p class='ocr_par' dir='ltr' id='par_1_18' title="bbox 131 3909 923 4708">
     <span class='ocr_line' id='line_1_47' title="bbox 168 3909 922 3974; baseline -0.016 0"><span class='ocrx_word' id='word_1_253' title='bbox 168 3918 197 3974; x_wconf 91' lang='lat' dir='ltr'>ln</span> <span class='ocrx_word' id='word_1_254' title='bbox 212 3915 313 3973; x_wconf 82' lang='lat' dir='ltr'>Christi</span> <span class='ocrx_word' id='word_1_255' title='bbox 335 3913 445 3971; x_wconf 89' lang='lat' dir='ltr'>nomine</span> <span class='ocrx_word' id='word_1_256' title='bbox 468 3911 545 3968; x_wconf 92' lang='lat' dir='ltr'>nobis</span> <span class='ocrx_word' id='word_1_257' title='bbox 559 3918 663 3965; x_wconf 86' lang='lat' dir='ltr'>rectum</span> <span class='ocrx_word' id='word_1_258' title='bbox 677 3923 737 3964; x_wconf 89' lang='lat' dir='ltr'>esse</span> <span class='ocrx_word' id='word_1_259' title='bbox 759 3909 875 3973; x_wconf 79' lang='lat' dir='ltr'>videtur,</span> <span class='ocrx_word' id='word_1_260' title='bbox 891 3916 922 3962; x_wconf 92' lang='lat' dir='ltr'>ut</span> 
     </span>
     <span class='ocr_line' id='line_1_48' title="bbox 131 4001 923 4080; baseline -0.013 -16"><span class='ocrx_word' id='word_1_261' title='bbox 131 4008 292 4080; x_wconf 86' lang='lat' dir='ltr'>quandoque</span> <span class='ocrx_word' id='word_1_262' title='bbox 314 4004 493 4062; x_wconf 79' lang='lat' dir='ltr'>ecclesiastici</span> <span class='ocrx_word' id='word_1_263' title='bbox 507 4002 558 4057; x_wconf 89' lang='lat' dir='ltr'>riri</span> <span class='ocrx_word' id='word_1_264' title='bbox 582 4001 710 4056; x_wconf 84' lang='lat' dir='ltr'>catholici</span> <span class='ocrx_word' id='word_1_265' title='bbox 727 4009 755 4055; x_wconf 89' lang='lat' dir='ltr'>et</span> <span class='ocrx_word' id='word_1_266' title='bbox 767 4001 814 4056; x_wconf 86' lang='lat' dir='ltr'>liei</span> <span class='ocrx_word' id='word_1_267' title='bbox 830 4015 923 4055; x_wconf 81' lang='lat' dir='ltr'>sacer·</span> 
     </span>
     <span class='ocr_line' id='line_1_49' title="bbox 131 4092 921 4164; baseline -0.011 -9"><span class='ocrx_word' id='word_1_268' title='bbox 131 4100 219 4162; x_wconf 90' lang='lat' dir='ltr'>dotes,</span> <span class='ocrx_word' id='word_1_269' title='bbox 234 4096 326 4152; x_wconf 81' lang='lat' dir='ltr'>clerici</span> <span class='ocrx_word' id='word_1_270' title='bbox 350 4103 378 4150; x_wconf 89' lang='lat' dir='ltr'>et</span> <span class='ocrx_word' id='word_1_271' title='bbox 398 4107 541 4164; x_wconf 81' lang='lat' dir='ltr'>pauperes,</span> <span class='ocrx_word' id='word_1_272' title='bbox 558 4092 591 4148; x_wconf 81' lang='lat' dir='ltr'>ud</span> <span class='ocrx_word' id='word_1_273' title='bbox 616 4098 737 4146; x_wconf 80' lang='lat' dir='ltr'>nostram</span> <span class='ocrx_word' id='word_1_274' title='bbox 751 4099 843 4160; x_wconf 87' lang='lat' dir='ltr'>petent</span> <span class='ocrx_word' id='word_1_275' title='bbox 865 4092 921 4147; x_wconf 84' lang='lat' dir='ltr'>oie·</span> 
     </span>
     <span class='ocr_line' id='line_1_50' title="bbox 131 4182 921 4256; baseline -0.009 -11"><span class='ocrx_word' id='word_1_276' title='bbox 131 4188 273 4251; x_wconf 79' lang='lat' dir='ltr'>mentium,</span> <span class='ocrx_word' id='word_1_277' title='bbox 297 4186 338 4241; x_wconf 88' lang='lat' dir='ltr'>eis</span> <span class='ocrx_word' id='word_1_278' title='bbox 351 4183 450 4256; x_wconf 82' lang='lat' dir='ltr'>regulis</span> <span class='ocrx_word' id='word_1_279' title='bbox 462 4191 583 4253; x_wconf 87' lang='lat' dir='ltr'>potestas</span> <span class='ocrx_word' id='word_1_280' title='bbox 606 4182 748 4238; x_wconf 87' lang='lat' dir='ltr'>tuitionem</span> <span class='ocrx_word' id='word_1_281' title='bbox 773 4183 921 4251; x_wconf 80' lang='lat' dir='ltr'>impertiet,</span> 
     </span>
     <span class='ocr_line' id='line_1_51' title="bbox 131 4272 922 4347; baseline -0.003 -16"><span class='ocrx_word' id='word_1_282' title='bbox 131 4277 180 4347; x_wconf 92' lang='lat' dir='ltr'>qui</span> <span class='ocrx_word' id='word_1_283' title='bbox 195 4272 310 4329; x_wconf 88' lang='lat' dir='ltr'>lideiiter</span> <span class='ocrx_word' id='word_1_284' title='bbox 324 4273 359 4329; x_wconf 87' lang='lat' dir='ltr'>ad</span> <span class='ocrx_word' id='word_1_285' title='bbox 382 4281 504 4329; x_wconf 88' lang='lat' dir='ltr'>nostram</span> <span class='ocrx_word' id='word_1_286' title='bbox 521 4274 678 4330; x_wconf 83' lang='lat' dir='ltr'>desiderant</span> <span class='ocrx_word' id='word_1_287' title='bbox 696 4273 851 4344; x_wconf 86' lang='lat' dir='ltr'>pertingere</span> <span class='ocrx_word' id='word_1_288' title='bbox 863 4289 922 4329; x_wconf 84' lang='lat' dir='ltr'>mn-</span> 
     </span>
     <span class='ocr_line' id='line_1_52' title="bbox 131 4362 921 4437; baseline -0.001 -17"><span class='ocrx_word' id='word_1_289' title='bbox 131 4362 325 4437; x_wconf 83' lang='lat' dir='ltr'>guidcentiam.</span> <span class='ocrx_word' id='word_1_290' title='bbox 339 4362 373 4419; x_wconf 78' lang='lat' dir='ltr'>iit</span> <span class='ocrx_word' id='word_1_291' title='bbox 385 4362 493 4419; x_wconf 85' lang='lat' dir='ltr'>Christo</span> <span class='ocrx_word' id='word_1_292' title='bbox 510 4363 613 4434; x_wconf 80' lang='lat' dir='ltr'>auspici</span> <span class='ocrx_word' id='word_1_293' title='bbox 635 4364 694 4419; x_wconf 86' lang='lat' dir='ltr'>sinc</span> <span class='ocrx_word' id='word_1_294' title='bbox 715 4364 798 4419; x_wconf 91' lang='lat' dir='ltr'>dubio</span> <span class='ocrx_word' id='word_1_295' title='bbox 814 4363 921 4433; x_wconf 81' lang='lat' dir='ltr'>plenius</span> 
     </span>
     <span class='ocr_line' id='line_1_53' title="bbox 131 4454 921 4526; baseline 0 -16"><span class='ocrx_word' id='word_1_296' title='bbox 131 4455 269 4512; x_wconf 88' lang='lat' dir='ltr'>credimus</span> <span class='ocrx_word' id='word_1_297' title='bbox 280 4454 371 4511; x_wconf 85' lang='lat' dir='ltr'>dirim</span> <span class='ocrx_word' id='word_1_298' title='bbox 385 4455 572 4512; x_wconf 83' lang='lat' dir='ltr'>misericordia</span> <span class='ocrx_word' id='word_1_299' title='bbox 587 4455 665 4511; x_wconf 90' lang='lat' dir='ltr'>nobis</span> <span class='ocrx_word' id='word_1_300' title='bbox 678 4455 818 4522; x_wconf 83' lang='lat' dir='ltr'>exaudire,</span> <span class='ocrx_word' id='word_1_301' title='bbox 833 4456 856 4510; x_wconf 91' lang='lat' dir='ltr'>si</span> <span class='ocrx_word' id='word_1_302' title='bbox 874 4464 921 4526; x_wconf 87' lang='lat' dir='ltr'>pe·</span> 
     </span>
     <span class='ocr_line' id='line_1_54' title="bbox 131 4544 920 4618; baseline 0 -17"><span class='ocrx_word' id='word_1_303' title='bbox 131 4544 272 4603; x_wconf 86' lang='lat' dir='ltr'>titionibus</span> <span class='ocrx_word' id='word_1_304' title='bbox 289 4546 460 4602; x_wconf 79' lang='lat' dir='ltr'>sacerdotum</span> <span class='ocrx_word' id='word_1_305' title='bbox 479 4547 586 4618; x_wconf 84' lang='lat' dir='ltr'>placitis</span> <span class='ocrx_word' id='word_1_306' title='bbox 608 4546 719 4601; x_wconf 83' lang='lat' dir='ltr'>nuribus</span> <span class='ocrx_word' id='word_1_307' title='bbox 732 4546 920 4610; x_wconf 80' lang='lat' dir='ltr'>obaudiamus,</span> 
     </span>
     <span class='ocr_line' id='line_1_55' title="bbox 131 4636 920 4708; baseline -0.001 -16"><span class='ocrx_word' id='word_1_308' title='bbox 131 4645 160 4693; x_wconf 92' lang='lat' dir='ltr'>et</span> <span class='ocrx_word' id='word_1_309' title='bbox 172 4651 205 4693; x_wconf 88' lang='lat' dir='ltr'>ea</span> <span class='ocrx_word' id='word_1_310' title='bbox 219 4650 280 4708; x_wconf 80' lang='lat' dir='ltr'>quae</span> <span class='ocrx_word' id='word_1_311' title='bbox 292 4647 367 4693; x_wconf 82' lang='lat' dir='ltr'>recta</span> <span class='ocrx_word' id='word_1_312' title='bbox 392 4640 575 4708; x_wconf 82' lang='lat' dir='ltr'>poposcerint,</span> <span class='ocrx_word' id='word_1_313' title='bbox 600 4639 634 4694; x_wconf 86' lang='lat' dir='ltr'>ad</span> <span class='ocrx_word' id='word_1_314' title='bbox 652 4637 778 4693; x_wconf 78' lang='lat' dir='ltr'>ellectum</span> <span class='ocrx_word' id='word_1_315' title='bbox 794 4636 920 4708; x_wconf 88' lang='lat' dir='ltr'>perduci·</span> 
     </span>
    </p>
   </div>
   <div class='ocr_carea' id='block_1_19' title="bbox 936 3364 1766 3438">
    <p class='ocr_par' dir='ltr' id='par_1_19' title="bbox 936 3364 1766 3438">
     <span class='ocr_line' id='line_1_56' title="bbox 936 3364 1766 3438; baseline 0.013 -18"><span class='ocrx_word' id='word_1_316' title='bbox 936 3374 959 3436; x_wconf 83' lang='lat' dir='ltr'><strong>c</strong></span> <span class='ocrx_word' id='word_1_317' title='bbox 975 3380 1036 3421; x_wconf 90' lang='lat' dir='ltr'>mus</span> <span class='ocrx_word' id='word_1_318' title='bbox 1050 3364 1160 3421; x_wconf 90' lang='lat' dir='ltr'>domiuo</span> <span class='ocrx_word' id='word_1_319' title='bbox 1174 3373 1202 3422; x_wconf 89' lang='lat' dir='ltr'>et</span> <span class='ocrx_word' id='word_1_320' title='bbox 1218 3367 1341 3438; x_wconf 88' lang='lat' dir='ltr'>genitore</span> <span class='ocrx_word' id='word_1_321' title='bbox 1355 3381 1415 3422; x_wconf 88' lang='lat' dir='ltr'>meo</span> <span class='ocrx_word' id='word_1_322' title='bbox 1429 3375 1457 3421; x_wconf 89' lang='lat' dir='ltr'>et</span> <span class='ocrx_word' id='word_1_323' title='bbox 1472 3374 1579 3434; x_wconf 88' lang='lat' dir='ltr'>noster,</span> <span class='ocrx_word' id='word_1_324' title='bbox 1594 3371 1675 3428; x_wconf 88' lang='lat' dir='ltr'>nobis</span> <span class='ocrx_word' id='word_1_325' title='bbox 1688 3373 1766 3430; x_wconf 81' lang='lat' dir='ltr'>mbu-</span> 
     </span>
    </p>
   </div>
   <div class='ocr_carea' id='block_1_20' title="bbox 971 3454 1765 4708">
    <p class='ocr_par' dir='ltr' id='par_1_20' title="bbox 971 3454 1765 4708">
     <span class='ocr_line' id='line_1_57' title="bbox 973 3454 1765 3534; baseline 0.014 -27"><span class='ocrx_word' id='word_1_326' title='bbox 973 3454 1036 3508; x_wconf 86' lang='lat' dir='ltr'>liter</span> <span class='ocrx_word' id='word_1_327' title='bbox 1048 3456 1190 3525; x_wconf 76' lang='lat' dir='ltr'>suggessit,</span> <span class='ocrx_word' id='word_1_328' title='bbox 1207 3464 1237 3510; x_wconf 91' lang='lat' dir='ltr'>ut</span> <span class='ocrx_word' id='word_1_329' title='bbox 1251 3456 1309 3526; x_wconf 87' lang='lat' dir='ltr'>ipso</span> <span class='ocrx_word' id='word_1_330' title='bbox 1330 3455 1397 3510; x_wconf 84' lang='lat' dir='ltr'>celin</span> <span class='ocrx_word' id='word_1_331' title='bbox 1423 3455 1465 3511; x_wconf 84' lang='lat' dir='ltr'>rei</span> <span class='ocrx_word' id='word_1_332' title='bbox 1481 3458 1616 3525; x_wconf 88' lang='lat' dir='ltr'>reiculas,</span> <span class='ocrx_word' id='word_1_333' title='bbox 1629 3477 1699 3531; x_wconf 82' lang='lat' dir='ltr'>quas</span> <span class='ocrx_word' id='word_1_334' title='bbox 1714 3464 1765 3534; x_wconf 80' lang='lat' dir='ltr'>ipse</span> 
     </span>
     <span class='ocr_line' id='line_1_58' title="bbox 974 3543 1764 3616; baseline 0.015 -19"><span class='ocrx_word' id='word_1_335' title='bbox 974 3543 1073 3598; x_wconf 89' lang='lat' dir='ltr'>ibidem</span> <span class='ocrx_word' id='word_1_336' title='bbox 1089 3544 1193 3608; x_wconf 90' lang='lat' dir='ltr'>detulit,</span> <span class='ocrx_word' id='word_1_337' title='bbox 1208 3560 1315 3600; x_wconf 90' lang='lat' dir='ltr'>necnon</span> <span class='ocrx_word' id='word_1_338' title='bbox 1340 3553 1368 3600; x_wconf 88' lang='lat' dir='ltr'>et</span> <span class='ocrx_word' id='word_1_339' title='bbox 1392 3546 1445 3602; x_wconf 89' lang='lat' dir='ltr'>boc</span> <span class='ocrx_word' id='word_1_340' title='bbox 1456 3547 1530 3616; x_wconf 91' lang='lat' dir='ltr'>quod</span> <span class='ocrx_word' id='word_1_341' title='bbox 1543 3546 1764 3608; x_wconf 77' lang='lat' dir='ltr'>ilermembertrt</span> 
     </span>
     <span class='ocr_line' id='line_1_59' title="bbox 973 3635 1763 3708; baseline 0.011 -18"><span class='ocrx_word' id='word_1_342' title='bbox 973 3635 1102 3691; x_wconf 83' lang='lat' dir='ltr'>sacerdus</span> <span class='ocrx_word' id='word_1_343' title='bbox 1113 3644 1203 3691; x_wconf 81' lang='lat' dir='ltr'>rector</span> <span class='ocrx_word' id='word_1_344' title='bbox 1215 3636 1301 3706; x_wconf 89' lang='lat' dir='ltr'>ipsius</span> <span class='ocrx_word' id='word_1_345' title='bbox 1316 3636 1418 3692; x_wconf 80' lang='lat' dir='ltr'>cellule</span> <span class='ocrx_word' id='word_1_346' title='bbox 1432 3637 1532 3693; x_wconf 90' lang='lat' dir='ltr'>ibidem</span> <span class='ocrx_word' id='word_1_347' title='bbox 1546 3640 1763 3708; x_wconf 66' lang='lat' dir='ltr'>continuante</span> 
     </span>
     <span class='ocr_line' id='line_1_60' title="bbox 973 3724 1763 3796; baseline 0.009 -17"><span class='ocrx_word' id='word_1_348' title='bbox 973 3725 1033 3780; x_wconf 85' lang='lat' dir='ltr'>ilios</span> <span class='ocrx_word' id='word_1_349' title='bbox 1045 3724 1259 3793; x_wconf 84' lang='lat' dir='ltr'>conjunctiones,</span> <span class='ocrx_word' id='word_1_350' title='bbox 1270 3741 1339 3794; x_wconf 87' lang='lat' dir='ltr'>quus</span> <span class='ocrx_word' id='word_1_351' title='bbox 1351 3726 1483 3780; x_wconf 87' lang='lat' dir='ltr'>anteriori</span> <span class='ocrx_word' id='word_1_352' title='bbox 1492 3729 1621 3796; x_wconf 90' lang='lat' dir='ltr'>pontiiici</span> <span class='ocrx_word' id='word_1_353' title='bbox 1633 3729 1763 3787; x_wconf 79' lang='lat' dir='ltr'>Pictarcr·</span> 
     </span>
     <span class='ocr_line' id='line_1_61' title="bbox 973 3816 1760 3887; baseline 0.009 -16"><span class='ocrx_word' id='word_1_354' title='bbox 973 3817 1022 3881; x_wconf 88' lang='lat' dir='ltr'>sis,</span> <span class='ocrx_word' id='word_1_355' title='bbox 1038 3832 1120 3887; x_wconf 89' lang='lat' dir='ltr'>quern</span> <span class='ocrx_word' id='word_1_356' title='bbox 1145 3830 1195 3872; x_wconf 90' lang='lat' dir='ltr'>uos</span> <span class='ocrx_word' id='word_1_357' title='bbox 1220 3816 1438 3887; x_wconf 83' lang='lat' dir='ltr'>recognovimus,</span> <span class='ocrx_word' id='word_1_358' title='bbox 1452 3816 1605 3885; x_wconf 79' lang='lat' dir='ltr'>Ansalrlus,</span> <span class='ocrx_word' id='word_1_359' title='bbox 1629 3821 1760 3885; x_wconf 80' lang='lat' dir='ltr'>Ebareius,</span> 
     </span>
     <span class='ocr_line' id='line_1_62' title="bbox 972 3904 1762 3977; baseline 0.006 -17"><span class='ocrx_word' id='word_1_360' title='bbox 972 3914 1001 3961; x_wconf 89' lang='lat' dir='ltr'>et</span> <span class='ocrx_word' id='word_1_361' title='bbox 1014 3904 1195 3971; x_wconf 86' lang='lat' dir='ltr'>Cunzbertus,</span> <span class='ocrx_word' id='word_1_362' title='bbox 1220 3906 1254 3962; x_wconf 89' lang='lat' dir='ltr'>ad</span> <span class='ocrx_word' id='word_1_363' title='bbox 1269 3906 1356 3977; x_wconf 81' lang='lat' dir='ltr'>ipsam</span> <span class='ocrx_word' id='word_1_364' title='bbox 1372 3906 1468 3962; x_wconf 86' lang='lat' dir='ltr'>cellam</span> <span class='ocrx_word' id='word_1_365' title='bbox 1482 3907 1658 3975; x_wconf 89' lang='lat' dir='ltr'>detulerunt,</span> <span class='ocrx_word' id='word_1_366' title='bbox 1671 3911 1712 3967; x_wconf 80' lang='lat' dir='ltr'>rei</span> <span class='ocrx_word' id='word_1_367' title='bbox 1722 3909 1762 3965; x_wconf 83' lang='lat' dir='ltr'>bei</span> 
     </span>
     <span class='ocr_line' id='line_1_63' title="bbox 973 3997 1761 4067; baseline 0.01 -15"><span class='ocrx_word' id='word_1_368' title='bbox 973 3997 1101 4052; x_wconf 87' lang='lat' dir='ltr'>timentes</span> <span class='ocrx_word' id='word_1_369' title='bbox 1112 4006 1140 4052; x_wconf 90' lang='lat' dir='ltr'>et</span> <span class='ocrx_word' id='word_1_370' title='bbox 1153 3998 1206 4053; x_wconf 85' lang='lat' dir='ltr'>riri</span> <span class='ocrx_word' id='word_1_371' title='bbox 1219 3998 1345 4053; x_wconf 77' lang='lat' dir='ltr'>catholici</span> <span class='ocrx_word' id='word_1_372' title='bbox 1361 3999 1470 4054; x_wconf 79' lang='lat' dir='ltr'>inantea</span> <span class='ocrx_word' id='word_1_373' title='bbox 1485 4000 1617 4058; x_wconf 83' lang='lat' dir='ltr'>conterre</span> <span class='ocrx_word' id='word_1_374' title='bbox 1626 4003 1761 4067; x_wconf 81' lang='lat' dir='ltr'>volueriut.</span> 
     </span>
     <span class='ocr_line' id='line_1_64' title="bbox 972 4089 1761 4165; baseline 0.011 -21"><span class='ocrx_word' id='word_1_375' title='bbox 972 4104 1022 4159; x_wconf 89' lang='lat' dir='ltr'>per</span> <span class='ocrx_word' id='word_1_376' title='bbox 1039 4098 1159 4144; x_wconf 89' lang='lat' dir='ltr'>nostram</span> <span class='ocrx_word' id='word_1_377' title='bbox 1180 4089 1395 4145; x_wconf 87' lang='lat' dir='ltr'>rnuniilceutlam</span> <span class='ocrx_word' id='word_1_378' title='bbox 1407 4105 1518 4161; x_wconf 86' lang='lat' dir='ltr'>semper</span> <span class='ocrx_word' id='word_1_379' title='bbox 1531 4093 1571 4147; x_wconf 88' lang='lat' dir='ltr'>sit</span> <span class='ocrx_word' id='word_1_380' title='bbox 1583 4094 1761 4165; x_wconf 79' lang='lat' dir='ltr'>eonjuuctuu.</span> 
     </span>
     <span class='ocr_line' id='line_1_65' title="bbox 972 4179 1764 4254; baseline 0.01 -21"><span class='ocrx_word' id='word_1_381' title='bbox 972 4186 1000 4233; x_wconf 90' lang='lat' dir='ltr'>et</span> <span class='ocrx_word' id='word_1_382' title='bbox 1014 4194 1153 4249; x_wconf 75' lang='lat' dir='ltr'>uunquam</span> <span class='ocrx_word' id='word_1_383' title='bbox 1178 4181 1214 4235; x_wconf 89' lang='lat' dir='ltr'>sit</span> <span class='ocrx_word' id='word_1_384' title='bbox 1229 4180 1419 4251; x_wconf 80' lang='lat' dir='ltr'>interruptum.</span> <span class='ocrx_word' id='word_1_385' title='bbox 1443 4179 1636 4253; x_wconf 74' lang='lat' dir='ltr'>Prtecipiendu</span> <span class='ocrx_word' id='word_1_386' title='bbox 1649 4183 1764 4254; x_wconf 71' lang='lat' dir='ltr'>pincipi-</span> 
     </span>
     <span class='ocr_line' id='line_1_66' title="bbox 972 4272 1761 4346; baseline 0.009 -20"><span class='ocrx_word' id='word_1_387' title='bbox 972 4287 1033 4327; x_wconf 88' lang='lat' dir='ltr'>nrus</span> <span class='ocrx_word' id='word_1_388' title='bbox 1046 4273 1180 4328; x_wconf 84' lang='lat' dir='ltr'>uniuersis</span> <span class='ocrx_word' id='word_1_389' title='bbox 1192 4272 1315 4329; x_wconf 89' lang='lat' dir='ltr'>lideiibus</span> <span class='ocrx_word' id='word_1_390' title='bbox 1335 4274 1437 4329; x_wconf 88' lang='lat' dir='ltr'>nostris</span> <span class='ocrx_word' id='word_1_391' title='bbox 1448 4275 1601 4346; x_wconf 85' lang='lat' dir='ltr'>episcopis,</span> <span class='ocrx_word' id='word_1_392' title='bbox 1616 4278 1761 4345; x_wconf 75' lang='lat' dir='ltr'>sirbetibos,</span> 
     </span>
     <span class='ocr_line' id='line_1_67' title="bbox 972 4365 1758 4433; baseline 0.008 -14"><span class='ocrx_word' id='word_1_393' title='bbox 972 4365 1098 4431; x_wconf 86' lang='lat' dir='ltr'>ducibus,</span> <span class='ocrx_word' id='word_1_394' title='bbox 1114 4366 1269 4430; x_wconf 89' lang='lat' dir='ltr'>comitibus,</span> <span class='ocrx_word' id='word_1_395' title='bbox 1286 4366 1405 4432; x_wconf 80' lang='lat' dir='ltr'>vicariis,</span> <span class='ocrx_word' id='word_1_396' title='bbox 1417 4370 1598 4433; x_wconf 78' lang='lat' dir='ltr'>centenariis,</span> <span class='ocrx_word' id='word_1_397' title='bbox 1615 4371 1758 4431; x_wconf 83' lang='lat' dir='ltr'>telomriis.</span> 
     </span>
     <span class='ocr_line' id='line_1_68' title="bbox 971 4453 1759 4532; baseline 0.013 -24"><span class='ocrx_word' id='word_1_398' title='bbox 971 4453 1014 4509; x_wconf 84' lang='lat' dir='ltr'>uel</span> <span class='ocrx_word' id='word_1_399' title='bbox 1032 4456 1158 4510; x_wconf 86' lang='lat' dir='ltr'>omnibus</span> <span class='ocrx_word' id='word_1_400' title='bbox 1173 4456 1264 4511; x_wconf 89' lang='lat' dir='ltr'>missis</span> <span class='ocrx_word' id='word_1_401' title='bbox 1287 4456 1387 4512; x_wconf 86' lang='lat' dir='ltr'>nostris</span> <span class='ocrx_word' id='word_1_402' title='bbox 1402 4457 1632 4527; x_wconf 83' lang='lat' dir='ltr'>discurrentibus,</span> <span class='ocrx_word' id='word_1_403' title='bbox 1657 4478 1705 4519; x_wconf 89' lang='lat' dir='ltr'>seu</span> <span class='ocrx_word' id='word_1_404' title='bbox 1718 4460 1759 4532; x_wconf 86' lang='lat' dir='ltr'>qui</span> 
     </span>
     <span class='ocr_line' id='line_1_69' title="bbox 972 4544 1758 4618; baseline 0.008 -20"><span class='ocrx_word' id='word_1_405' title='bbox 972 4558 1065 4598; x_wconf 83' lang='lat' dir='ltr'>curum</span> <span class='ocrx_word' id='word_1_406' title='bbox 1090 4544 1225 4614; x_wconf 87' lang='lat' dir='ltr'>publicum</span> <span class='ocrx_word' id='word_1_407' title='bbox 1240 4553 1269 4601; x_wconf 87' lang='lat' dir='ltr'>et</span> <span class='ocrx_word' id='word_1_408' title='bbox 1281 4546 1416 4618; x_wconf 83' lang='lat' dir='ltr'>priuatum</span> <span class='ocrx_word' id='word_1_409' title='bbox 1436 4546 1537 4605; x_wconf 83' lang='lat' dir='ltr'>habere</span> <span class='ocrx_word' id='word_1_410' title='bbox 1561 4561 1758 4617; x_wconf 87' lang='lat' dir='ltr'>noscuntur,rt</span> 
     </span>
     <span class='ocr_line' id='line_1_70' title="bbox 972 4636 1756 4708; baseline 0.008 -17"><span class='ocrx_word' id='word_1_411' title='bbox 972 4637 999 4691; x_wconf 93' lang='lat' dir='ltr'>in</span> <span class='ocrx_word' id='word_1_412' title='bbox 1014 4636 1132 4692; x_wconf 85' lang='lat' dir='ltr'>reiculos</span> <span class='ocrx_word' id='word_1_413' title='bbox 1147 4637 1267 4708; x_wconf 73' lang='lat' dir='ltr'>presiate</span> <span class='ocrx_word' id='word_1_414' title='bbox 1279 4638 1389 4703; x_wconf 73' lang='lat' dir='ltr'>cellule,</span> <span class='ocrx_word' id='word_1_415' title='bbox 1401 4639 1443 4694; x_wconf 81' lang='lat' dir='ltr'>rel</span> <span class='ocrx_word' id='word_1_416' title='bbox 1454 4639 1582 4698; x_wconf 89' lang='lat' dir='ltr'>homines</span> <span class='ocrx_word' id='word_1_417' title='bbox 1593 4658 1691 4698; x_wconf 88' lang='lat' dir='ltr'>eorum</span> <span class='ocrx_word' id='word_1_418' title='bbox 1703 4642 1756 4697; x_wconf 87' lang='lat' dir='ltr'>ubl·</span> 
     </span>
    </p>
   </div>
   <div class='ocr_carea' id='block_1_21' title="bbox 131 4727 1758 4802">
    <p class='ocr_par' dir='ltr' id='par_1_21' title="bbox 131 4727 1758 4802">
     <span class='ocr_line' id='line_1_71' title="bbox 131 4727 1758 4802; baseline 0.001 -21"><span class='ocrx_word' id='word_1_419' title='bbox 131 4742 202 4783; x_wconf 89' lang='lat' dir='ltr'>mus.</span> <span class='ocrx_word' id='word_1_420' title='bbox 216 4727 337 4798; x_wconf 85' lang='lat' dir='ltr'>benique</span> <span class='ocrx_word' id='word_1_421' title='bbox 349 4736 487 4785; x_wconf 89' lang='lat' dir='ltr'>ostensum</span> <span class='ocrx_word' id='word_1_422' title='bbox 507 4731 588 4786; x_wconf 88' lang='lat' dir='ltr'>estin</span> <span class='ocrx_word' id='word_1_423' title='bbox 604 4738 750 4800; x_wconf 88' lang='lat' dir='ltr'>conspectu</span> <span class='ocrx_word' id='word_1_424' title='bbox 765 4738 859 4786; x_wconf 91' lang='lat' dir='ltr'>nostro</span> <span class='ocrx_word' id='word_1_425' title='bbox 873 4744 921 4800; x_wconf 89' lang='lat' dir='ltr'>per</span> <span class='ocrx_word' id='word_1_426' title='bbox 932 4742 959 4802; x_wconf 83' lang='lat'>1)</span> <span class='ocrx_word' id='word_1_427' title='bbox 972 4740 1025 4796; x_wconf 89' lang='lat' dir='ltr'>que</span> <span class='ocrx_word' id='word_1_428' title='bbox 1051 4727 1296 4793; x_wconf 82' lang='lat' dir='ltr'>commonentibus,</span> <span class='ocrx_word' id='word_1_429' title='bbox 1321 4729 1367 4798; x_wconf 91' lang='lat' dir='ltr'>qui</span> <span class='ocrx_word' id='word_1_430' title='bbox 1393 4728 1493 4784; x_wconf 83' lang='lat' dir='ltr'>ibidem</span> <span class='ocrx_word' id='word_1_431' title='bbox 1519 4740 1598 4786; x_wconf 88' lang='lat' dir='ltr'>recte</span> <span class='ocrx_word' id='word_1_432' title='bbox 1620 4733 1758 4802; x_wconf 72' lang='lat' dir='ltr'>aspiciunt,</span> 
     </span>
    </p>
   </div>
   <div class='ocr_carea' id='block_1_22' title="bbox 131 4818 921 4891">
    <p class='ocr_par' dir='ltr' id='par_1_22' title="bbox 131 4818 921 4891">
     <span class='ocr_line' id='line_1_72' title="bbox 131 4818 921 4891; baseline 0.003 -17"><span class='ocrx_word' id='word_1_433' title='bbox 131 4818 276 4891; x_wconf 84' lang='lat' dir='ltr'>magnilico</span> <span class='ocrx_word' id='word_1_434' title='bbox 296 4821 357 4875; x_wconf 85' lang='lat' dir='ltr'>viro</span> <span class='ocrx_word' id='word_1_435' title='bbox 366 4828 393 4875; x_wconf 89' lang='lat' dir='ltr'>el</span> <span class='ocrx_word' id='word_1_436' title='bbox 405 4829 517 4891; x_wconf 80' lang='lat' dir='ltr'>parente</span> <span class='ocrx_word' id='word_1_437' title='bbox 543 4829 636 4877; x_wconf 90' lang='lat' dir='ltr'>nostro</span> <span class='ocrx_word' id='word_1_438' title='bbox 649 4820 736 4878; x_wconf 80' lang='lat' dir='ltr'>ritune</span> <span class='ocrx_word' id='word_1_439' title='bbox 750 4823 864 4878; x_wconf 87' lang='lat' dir='ltr'>diacono</span> <span class='ocrx_word' id='word_1_440' title='bbox 879 4830 921 4876; x_wconf 82' lang='lat' dir='ltr'>ut·</span> 
     </span>
    </p>
   </div>
   <div class='ocr_carea' id='block_1_23' title="bbox 973 4816 1759 4887">
    <p class='ocr_par' dir='ltr' id='par_1_23' title="bbox 973 4816 1759 4887">
     <span class='ocr_line' id='line_1_73' title="bbox 973 4816 1759 4887; baseline 0.004 -17"><span class='ocrx_word' id='word_1_441' title='bbox 973 4816 1047 4872; x_wconf 92' lang='lat' dir='ltr'>nulio</span> <span class='ocrx_word' id='word_1_442' title='bbox 1062 4832 1180 4886; x_wconf 80' lang='lat' dir='ltr'>unquam</span> <span class='ocrx_word' id='word_1_443' title='bbox 1193 4825 1314 4887; x_wconf 88' lang='lat' dir='ltr'>tempore</span> <span class='ocrx_word' id='word_1_444' title='bbox 1331 4817 1365 4871; x_wconf 80' lang='lat' dir='ltr'>ad</span> <span class='ocrx_word' id='word_1_445' title='bbox 1377 4831 1473 4873; x_wconf 76' lang='lat' dir='ltr'>musar</span> <span class='ocrx_word' id='word_1_446' title='bbox 1486 4818 1650 4885; x_wconf 86' lang='lat' dir='ltr'>audiendas,</span> <span class='ocrx_word' id='word_1_447' title='bbox 1661 4820 1703 4876; x_wconf 84' lang='lat' dir='ltr'>rei</span> <span class='ocrx_word' id='word_1_448' title='bbox 1714 4817 1759 4873; x_wconf 74' lang='lat' dir='ltr'>ire</span> 
     </span>
    </p>
   </div>
   <div class='ocr_carea' id='block_1_24' title="bbox 131 4908 1761 5726">
    <p class='ocr_par' dir='ltr' id='par_1_24' title="bbox 131 4908 1761 5726">
     <span class='ocr_line' id='line_1_74' title="bbox 132 4908 1759 4984; baseline -0.001 -18"><span class='ocrx_word' id='word_1_449' title='bbox 132 4926 185 4984; x_wconf 87' lang='lat' dir='ltr'>qne</span> <span class='ocrx_word' id='word_1_450' title='bbox 197 4910 294 4968; x_wconf 80' lang='lat' dir='ltr'>abbate</span> <span class='ocrx_word' id='word_1_451' title='bbox 315 4919 427 4979; x_wconf 77' lang='lat' dir='ltr'>statuta,</span> <span class='ocrx_word' id='word_1_452' title='bbox 441 4926 522 4982; x_wconf 79' lang='lat' dir='ltr'>quarn</span> <span class='ocrx_word' id='word_1_453' title='bbox 541 4912 599 4983; x_wconf 88' lang='lat' dir='ltr'>ipse</span> <span class='ocrx_word' id='word_1_454' title='bbox 613 4928 646 4968; x_wconf 81' lang='lat' dir='ltr'>er</span> <span class='ocrx_word' id='word_1_455' title='bbox 668 4927 715 4968; x_wconf 92' lang='lat' dir='ltr'>ore</span> <span class='ocrx_word' id='word_1_456' title='bbox 735 4912 921 4984; x_wconf 88' lang='lat' dir='ltr'>gloriosissimi</span> <span class='ocrx_word' id='word_1_457' title='bbox 973 4909 1006 4963; x_wconf 87' lang='lat' dir='ltr'>du</span> <span class='ocrx_word' id='word_1_458' title='bbox 1020 4908 1139 4979; x_wconf 80' lang='lat' dir='ltr'>undique</span> <span class='ocrx_word' id='word_1_459' title='bbox 1152 4908 1292 4978; x_wconf 83' lang='lat' dir='ltr'>exigenda,</span> <span class='ocrx_word' id='word_1_460' title='bbox 1306 4924 1354 4964; x_wconf 86' lang='lat' dir='ltr'>seu</span> <span class='ocrx_word' id='word_1_461' title='bbox 1367 4908 1523 4964; x_wconf 84' lang='lat' dir='ltr'>mansiones</span> <span class='ocrx_word' id='word_1_462' title='bbox 1538 4920 1589 4966; x_wconf 85' lang='lat' dir='ltr'>aut</span> <span class='ocrx_word' id='word_1_463' title='bbox 1601 4920 1712 4981; x_wconf 74' lang='lat' dir='ltr'>paratas</span> <span class='ocrx_word' id='word_1_464' title='bbox 1722 4909 1759 4964; x_wconf 85' lang='lat' dir='ltr'>ia·</span> 
     </span>
     <span class='ocr_line' id='line_1_75' title="bbox 131 4998 1758 5075; baseline 0.002 -18"><span class='ocrx_word' id='word_1_465' title='bbox 131 5011 160 5058; x_wconf 92' lang='lat' dir='ltr'>ct</span> <span class='ocrx_word' id='word_1_466' title='bbox 170 5002 300 5075; x_wconf 84' lang='lat' dir='ltr'>genituris</span> <span class='ocrx_word' id='word_1_467' title='bbox 310 5002 364 5058; x_wconf 91' lang='lat' dir='ltr'>mei</span> <span class='ocrx_word' id='word_1_468' title='bbox 375 5003 447 5075; x_wconf 88' lang='lat' dir='ltr'>regis</span> <span class='ocrx_word' id='word_1_469' title='bbox 457 5001 548 5059; x_wconf 82' lang='lat' dir='ltr'>Caroli</span> <span class='ocrx_word' id='word_1_470' title='bbox 558 5017 749 5073; x_wconf 86' lang='lat' dir='ltr'>sunrmumquc</span> <span class='ocrx_word' id='word_1_471' title='bbox 758 5003 921 5058; x_wconf 87' lang='lat' dir='ltr'>catholicum</span> <span class='ocrx_word' id='word_1_472' title='bbox 974 4998 1109 5063; x_wconf 83' lang='lat' dir='ltr'>ciendum,</span> <span class='ocrx_word' id='word_1_473' title='bbox 1121 4998 1163 5053; x_wconf 75' lang='lat' dir='ltr'>vel</span> <span class='ocrx_word' id='word_1_474' title='bbox 1173 5012 1348 5069; x_wconf 74' lang='lat' dir='ltr'>quttscuuque</span> <span class='ocrx_word' id='word_1_475' title='bbox 1358 4999 1561 5057; x_wconf 79' lang='lat' dir='ltr'>reddibutiones</span> <span class='ocrx_word' id='word_1_476' title='bbox 1575 5001 1758 5072; x_wconf 69' lang='lat' dir='ltr'>requirendas.</span> 
     </span>
     <span class='ocr_line' id='line_1_76' title="bbox 132 5089 1760 5166; baseline -0.003 -18"><span class='ocrx_word' id='word_1_477' title='bbox 132 5094 257 5166; x_wconf 87' lang='lat' dir='ltr'>sumpsit,</span> <span class='ocrx_word' id='word_1_478' title='bbox 271 5094 391 5166; x_wconf 79' lang='lat' dir='ltr'>qualiter</span> <span class='ocrx_word' id='word_1_479' title='bbox 413 5094 518 5160; x_wconf 83' lang='lat' dir='ltr'>cellola,</span> <span class='ocrx_word' id='word_1_480' title='bbox 543 5094 622 5165; x_wconf 79' lang='lat' dir='ltr'>cujus</span> <span class='ocrx_word' id='word_1_481' title='bbox 635 5095 795 5150; x_wconf 80' lang='lat' dir='ltr'>vocabulum</span> <span class='ocrx_word' id='word_1_482' title='bbox 812 5104 856 5150; x_wconf 89' lang='lat' dir='ltr'>est</span> <span class='ocrx_word' id='word_1_483' title='bbox 869 5093 922 5149; x_wconf 86' lang='lat' dir='ltr'>ilo-</span> <span class='ocrx_word' id='word_1_484' title='bbox 974 5089 1078 5160; x_wconf 84' lang='lat' dir='ltr'>ingredi</span> <span class='ocrx_word' id='word_1_485' title='bbox 1093 5104 1146 5144; x_wconf 91' lang='lat' dir='ltr'>non</span> <span class='ocrx_word' id='word_1_486' title='bbox 1170 5097 1349 5160; x_wconf 75' lang='lat' dir='ltr'>presumau13</span> <span class='ocrx_word' id='word_1_487' title='bbox 1375 5091 1422 5145; x_wconf 86' lang='lat' dir='ltr'>sed</span> <span class='ocrx_word' id='word_1_488' title='bbox 1435 5105 1486 5160; x_wconf 89' lang='lat' dir='ltr'>pro</span> <span class='ocrx_word' id='word_1_489' title='bbox 1507 5091 1616 5163; x_wconf 82' lang='lat' dir='ltr'>integra</span> <span class='ocrx_word' id='word_1_490' title='bbox 1639 5091 1760 5146; x_wconf 74' lang='lat' dir='ltr'>limitato</span> 
     </span>
     <span class='ocr_line' id='line_1_77' title="bbox 132 5180 1760 5253; baseline 0.004 -15"><span class='ocrx_word' id='word_1_491' title='bbox 132 5183 263 5253; x_wconf 76' lang='lat' dir='ltr'>saliacus,</span> <span class='ocrx_word' id='word_1_492' title='bbox 292 5188 324 5242; x_wconf 92' lang='lat' dir='ltr'>de</span> <span class='ocrx_word' id='word_1_493' title='bbox 349 5185 454 5242; x_wconf 86' lang='lat' dir='ltr'>mtiouc</span> <span class='ocrx_word' id='word_1_494' title='bbox 478 5184 563 5240; x_wconf 89' lang='lat' dir='ltr'>sancti</span> <span class='ocrx_word' id='word_1_495' title='bbox 589 5182 704 5249; x_wconf 80' lang='lat' dir='ltr'>llilarii,</span> <span class='ocrx_word' id='word_1_496' title='bbox 731 5184 783 5238; x_wconf 85' lang='lat' dir='ltr'>siin</span> <span class='ocrx_word' id='word_1_497' title='bbox 814 5184 840 5238; x_wconf 91' lang='lat' dir='ltr'>in</span> <span class='ocrx_word' id='word_1_498' title='bbox 862 5183 922 5240; x_wconf 90' lang='lat' dir='ltr'>loco</span> <span class='ocrx_word' id='word_1_499' title='bbox 973 5180 1052 5250; x_wconf 88' lang='lat' dir='ltr'>petiit</span> <span class='ocrx_word' id='word_1_500' title='bbox 1062 5188 1227 5236; x_wconf 82' lang='lat' dir='ltr'>memoratus</span> <span class='ocrx_word' id='word_1_501' title='bbox 1241 5180 1418 5237; x_wconf 78' lang='lat' dir='ltr'>domnusito</span> <span class='ocrx_word' id='word_1_502' title='bbox 1435 5181 1504 5237; x_wconf 75' lang='lat' dir='ltr'>abba</span> <span class='ocrx_word' id='word_1_503' title='bbox 1518 5183 1619 5253; x_wconf 81' lang='lat' dir='ltr'>suique</span> <span class='ocrx_word' id='word_1_504' title='bbox 1630 5180 1760 5244; x_wconf 68' lang='lat' dir='ltr'>monachi·</span> 
     </span>
     <span class='ocr_line' id='line_1_78' title="bbox 132 5270 1760 5351; baseline -0.002 -22"><span class='ocrx_word' id='word_1_505' title='bbox 132 5276 235 5346; x_wconf 87' lang='lat' dir='ltr'>quieto,</span> <span class='ocrx_word' id='word_1_506' title='bbox 249 5287 277 5334; x_wconf 89' lang='lat' dir='ltr'>et</span> <span class='ocrx_word' id='word_1_507' title='bbox 288 5278 368 5333; x_wconf 81' lang='lat' dir='ltr'>vaide</span> <span class='ocrx_word' id='word_1_508' title='bbox 382 5293 501 5351; x_wconf 86' lang='lat' dir='ltr'>congrua</span> <span class='ocrx_word' id='word_1_509' title='bbox 527 5278 560 5332; x_wconf 82' lang='lat' dir='ltr'>ad</span> <span class='ocrx_word' id='word_1_510' title='bbox 574 5276 766 5333; x_wconf 70' lang='lat' dir='ltr'>habitationem</span> <span class='ocrx_word' id='word_1_511' title='bbox 782 5291 921 5333; x_wconf 84' lang='lat' dir='ltr'>servorum</span> <span class='ocrx_word' id='word_1_512' title='bbox 973 5280 1004 5326; x_wconf 92' lang='lat' dir='ltr'>ut</span> <span class='ocrx_word' id='word_1_513' title='bbox 1017 5273 1089 5328; x_wconf 81' lang='lat' dir='ltr'>circo</span> <span class='ocrx_word' id='word_1_514' title='bbox 1105 5272 1163 5343; x_wconf 86' lang='lat' dir='ltr'>ipsu</span> <span class='ocrx_word' id='word_1_515' title='bbox 1178 5271 1246 5327; x_wconf 87' lang='lat' dir='ltr'>celin</span> <span class='ocrx_word' id='word_1_516' title='bbox 1263 5272 1310 5327; x_wconf 82' lang='lat' dir='ltr'>liei</span> <span class='ocrx_word' id='word_1_517' title='bbox 1325 5286 1374 5341; x_wconf 88' lang='lat' dir='ltr'>per</span> <span class='ocrx_word' id='word_1_518' title='bbox 1391 5280 1513 5328; x_wconf 87' lang='lat' dir='ltr'>nostram</span> <span class='ocrx_word' id='word_1_519' title='bbox 1535 5270 1760 5329; x_wconf 65' lang='lat' dir='ltr'>auctoritatum</span> 
     </span>
     <span class='ocr_line' id='line_1_79' title="bbox 132 5361 1761 5441; baseline -0.001 -16"><span class='ocrx_word' id='word_1_520' title='bbox 132 5367 219 5426; x_wconf 71' lang='lat' dir='ltr'>briei</span> <span class='ocrx_word' id='word_1_521' title='bbox 232 5385 391 5441; x_wconf 77' lang='lat' dir='ltr'>pauperum,</span> <span class='ocrx_word' id='word_1_522' title='bbox 404 5371 483 5441; x_wconf 81' lang='lat' dir='ltr'>juxta</span> <span class='ocrx_word' id='word_1_523' title='bbox 493 5368 701 5441; x_wconf 73' lang='lat' dir='ltr'>possibilitatem</span> <span class='ocrx_word' id='word_1_524' title='bbox 714 5369 767 5425; x_wconf 82' lang='lat' dir='ltr'>ioci</span> <span class='ocrx_word' id='word_1_525' title='bbox 781 5369 853 5424; x_wconf 82' lang='lat' dir='ltr'>iliius</span> <span class='ocrx_word' id='word_1_526' title='bbox 863 5378 922 5424; x_wconf 70' lang='lat' dir='ltr'>me</span> <span class='ocrx_word' id='word_1_527' title='bbox 972 5362 1098 5418; x_wconf 82' lang='lat' dir='ltr'>cunibus</span> <span class='ocrx_word' id='word_1_528' title='bbox 1112 5361 1275 5417; x_wconf 66' lang='lat' dir='ltr'>conuenire</span> <span class='ocrx_word' id='word_1_529' title='bbox 1287 5361 1448 5417; x_wconf 77' lang='lat' dir='ltr'>deberemus</span> <span class='ocrx_word' id='word_1_530' title='bbox 1460 5378 1468 5415; x_wconf 70' lang='grc' dir='ltr'><em>τ</em></span> <span class='ocrx_word' id='word_1_531' title='bbox 1480 5362 1555 5430; x_wconf 82' lang='lat' dir='ltr'>quod</span> <span class='ocrx_word' id='word_1_532' title='bbox 1570 5378 1623 5433; x_wconf 82' lang='lat' dir='ltr'>pro</span> <span class='ocrx_word' id='word_1_533' title='bbox 1642 5374 1761 5418; x_wconf 62' lang='lat' dir='ltr'>rerem</span> 
     </span>
     <span class='ocr_line' id='line_1_80' title="bbox 134 5447 1760 5530; baseline -0.007 -15"><span class='ocrx_word' id='word_1_534' title='bbox 134 5459 246 5525; x_wconf 82' lang='lat' dir='ltr'>uacbos,</span> <span class='ocrx_word' id='word_1_535' title='bbox 257 5460 304 5530; x_wconf 95' lang='lat' dir='ltr'>qui</span> <span class='ocrx_word' id='word_1_536' title='bbox 314 5463 462 5517; x_wconf 88' lang='lat' dir='ltr'>secuudum</span> <span class='ocrx_word' id='word_1_537' title='bbox 476 5460 562 5517; x_wconf 80' lang='lat' dir='ltr'>sancti</span> <span class='ocrx_word' id='word_1_538' title='bbox 580 5459 718 5516; x_wconf 84' lang='lat' dir='ltr'>Benedicti</span> <span class='ocrx_word' id='word_1_539' title='bbox 740 5458 861 5530; x_wconf 77' lang='lat' dir='ltr'>reginam</span> <span class='ocrx_word' id='word_1_540' title='bbox 875 5458 922 5514; x_wconf 88' lang='lat' dir='ltr'>de·</span> <span class='ocrx_word' id='word_1_541' title='bbox 947 5496 950 5501; x_wconf 86' lang='lat'><em>.</em></span> <span class='ocrx_word' id='word_1_542' title='bbox 973 5454 1010 5508; x_wconf 89' lang='lat' dir='ltr'>tia</span> <span class='ocrx_word' id='word_1_543' title='bbox 1024 5452 1124 5507; x_wconf 88' lang='lat' dir='ltr'>domiui</span> <span class='ocrx_word' id='word_1_544' title='bbox 1136 5460 1163 5506; x_wconf 89' lang='lat' dir='ltr'>et</span> <span class='ocrx_word' id='word_1_545' title='bbox 1178 5452 1284 5521; x_wconf 85' lang='lat' dir='ltr'>patroni</span> <span class='ocrx_word' id='word_1_546' title='bbox 1304 5451 1390 5508; x_wconf 87' lang='lat' dir='ltr'>nostri</span> <span class='ocrx_word' id='word_1_547' title='bbox 1405 5451 1556 5507; x_wconf 85' lang='lat' dir='ltr'>beatissimi</span> <span class='ocrx_word' id='word_1_548' title='bbox 1580 5451 1678 5507; x_wconf 78' lang='lat' dir='ltr'>iiilnrii</span> <span class='ocrx_word' id='word_1_549' title='bbox 1690 5447 1760 5505; x_wconf 78' lang='lat' dir='ltr'>tori·</span> 
     </span>
     <span class='ocr_line' id='line_1_81' title="bbox 133 5541 1761 5621; baseline 0.003 -21"><span class='ocrx_word' id='word_1_550' title='bbox 133 5560 197 5616; x_wconf 78' lang='lat' dir='ltr'>gere</span> <span class='ocrx_word' id='word_1_551' title='bbox 212 5548 488 5617; x_wconf 67' lang='lat' dir='ltr'>necennensium.</span> <span class='ocrx_word' id='word_1_552' title='bbox 505 5550 539 5607; x_wconf 84' lang='lat' dir='ltr'>Et</span> <span class='ocrx_word' id='word_1_553' title='bbox 553 5550 716 5608; x_wconf 75' lang='lat' dir='ltr'>venerabilis</span> <span class='ocrx_word' id='word_1_554' title='bbox 741 5551 849 5621; x_wconf 69' lang='lat' dir='ltr'>viriam</span> <span class='ocrx_word' id='word_1_555' title='bbox 865 5564 921 5605; x_wconf 82' lang='lat' dir='ltr'>mc·</span> <span class='ocrx_word' id='word_1_556' title='bbox 972 5543 1103 5614; x_wconf 78' lang='lat' dir='ltr'>missino</span> <span class='ocrx_word' id='word_1_557' title='bbox 1127 5541 1218 5596; x_wconf 76' lang='lat' dir='ltr'>auimo</span> <span class='ocrx_word' id='word_1_558' title='bbox 1243 5541 1309 5596; x_wconf 84' lang='lat' dir='ltr'>illud</span> <span class='ocrx_word' id='word_1_559' title='bbox 1335 5541 1492 5612; x_wconf 70' lang='lat' dir='ltr'>prestitisse</span> <span class='ocrx_word' id='word_1_560' title='bbox 1517 5541 1563 5596; x_wconf 77' lang='lat' dir='ltr'>rel</span> <span class='ocrx_word' id='word_1_561' title='bbox 1590 5541 1761 5599; x_wconf 67' lang='lat' dir='ltr'>murrone</span> 
     </span>
     <span class='ocr_line' id='line_1_82' title="bbox 134 5630 1760 5726; baseline -0.002 -36"><span class='ocrx_word' id='word_1_562' title='bbox 134 5643 256 5693; x_wconf 83' lang='lat' dir='ltr'>nroratus</span> <span class='ocrx_word' id='word_1_563' title='bbox 274 5640 387 5697; x_wconf 84' lang='lat' dir='ltr'>domnus</span> <span class='ocrx_word' id='word_1_564' title='bbox 402 5638 453 5696; x_wconf 71' lang='lat' dir='ltr'>rito</span> <span class='ocrx_word' id='word_1_565' title='bbox 475 5640 554 5707; x_wconf 77' lang='lat' dir='ltr'>abbo,</span> <span class='ocrx_word' id='word_1_566' title='bbox 569 5656 667 5710; x_wconf 80' lang='lat' dir='ltr'>parens</span> <span class='ocrx_word' id='word_1_567' title='bbox 683 5648 783 5707; x_wconf 85' lang='lat' dir='ltr'>noster,</span> <span class='ocrx_word' id='word_1_568' title='bbox 798 5639 920 5696; x_wconf 84' lang='lat' dir='ltr'>ildclissi·</span> <span class='ocrx_word' id='word_1_569' title='bbox 972 5633 1128 5705; x_wconf 86' lang='lat' dir='ltr'>comperite.</span> <span class='ocrx_word' id='word_1_570' title='bbox 1142 5632 1175 5687; x_wconf 87' lang='lat' dir='ltr'>Et</span> <span class='ocrx_word' id='word_1_571' title='bbox 1185 5632 1316 5703; x_wconf 88' lang='lat' dir='ltr'>quidquid</span> <span class='ocrx_word' id='word_1_572' title='bbox 1325 5630 1423 5726; x_wconf 65' lang='lat' dir='ltr'>urinde</span> <span class='ocrx_word' id='word_1_573' title='bbox 1433 5630 1517 5688; x_wconf 86' lang='lat' dir='ltr'>bscus</span> <span class='ocrx_word' id='word_1_574' title='bbox 1527 5640 1626 5689; x_wconf 86' lang='lat' dir='ltr'>noster</span> <span class='ocrx_word' id='word_1_575' title='bbox 1636 5642 1760 5702; x_wconf 70' lang='lat' dir='ltr'>augrus!-</span> 
     </span>
    </p>
   </div>
   <div class='ocr_carea' id='block_1_25' title="bbox 0 0 1922 6116">
    <p class='ocr_par' dir='ltr' id='par_1_25' title="bbox 0 0 1922 6116">
     <span class='ocr_line' id='line_1_83' title="bbox 0 0 1922 6116; baseline 0 0"><span class='ocrx_word' id='word_1_576' title='bbox 0 0 1922 6116; x_wconf 95' lang='lat' dir='ltr'> </span> 
     </span>
    </p>
   </div>
  </div>
 </body>
</html>
