3832 6120
142 284 187 341 tivi
672 284 809 341 Chhllllli
830 280 1060 338 trillame-,ists
1079 277 1233 336 st’tscttt‘t
1717 276 1773 335 'ibi

140 408 202 458 sunt
213 417 221 455 ι
233 401 266 457 de
277 399 420 472 proselytis
426 398 481 464 isti,
490 399 524 455 de
534 399 632 469 quibus
642 416 714 457 rrurrc
724 400 805 456 locuti
816 416 921 466 sumus,
937 410 961 470 Λ
975 394 1235 467 eutemlupilesnon
1244 389 1504 447 solurncrnmeutarii
1514 386 1773 456 salomonisnerter

141 491 259 562 lapidum
274 505 399 545 cesores.
417 488 455 546 lie
467 492 604 561 gentihus,
618 490 711 547 iliram
725 493 793 564 ipse,
806 500 834 547 et
854 492 926 548 servi
976 484 1142 544 caementarii
1159 483 1261 548 iliram,
1277 480 1341 553 quia
1355 494 1389 535 cx
1405 488 1522 551 utroque
1539 480 1649 577 populo.
1662 480 1774 541 marm

140 581 207 650 ejus,
228 579 275 650 qui
297 593 360 634 cum
383 580 470 636 servis
484 578 638 638 Salomonis
655 583 728 654 ligna
739 585 877 641 eredebant
892 583 926 640 de
977 576 1109 644 nonnulli,
1123 575 1169 646 qui
1182 575 1421 645 ipsorumquoque
1444 571 1586 627 doctorum
1597 571 1770 639 sublimium,

139 671 249 727 libano.
260 668 348 728 Omne
361 672 445 744 igitur
457 672 599 728 hominum
609 688 705 744 gmus,
718 688 767 745 per
780 690 849 745 quos
861 672 926 730 auli·
977 667 1331 733 imodoctoreseristerent,
1340 661 1372 717 »ἃ
1383 663 1496 735 etquasi
1507 662 1772 735 quadrantereesad

139 761 243 817 beanda
258 769 318 818 erat
339 762 472 830 Ecclesia,
486 764 515 818 in
528 761 643 820 aedilicio
656 765 749 836 templi
765 765 925 836 precessit:
977 760 1170 817 sublevandum
1181 757 1277 815 domus
1287 753 1395 812 hominu
1408 753 1552 810 attactum
1559 764 1701 825 pararent.
1718 756 1768 813 lio

137 852 222 909 iuvlaei
247 841 375 922 namque,
397 853 537 926 proselyti,
553 862 582 909 et
605 854 719 928 gentiles
745 855 869 912 conversi
892 855 927 911 ad
977 853 1107 925 queenim
1115 851 1165 911 soli
1178 846 1770 912 ieremiasetlsaiaselecteriexcircurnei-

137 945 281 1000 veritatem
296 944 435 1014 Evangelii
460 960 551 1012 unam,
565 946 742 1017 eamdemque
755 946 855 1003 Christi
876 947 927 1003 Ee·
977 943 1206 1015 sioueprophetae,
1214 938 1397 996 verumetiam
1404 935 1625 994 heatuslobcum
1632 937 1773 1007 alimania·

137 1035 260 1099 etesium,
275 1022 548 1104 siverecteviveudo,
565 1039 621 1095 sire
636 1039 718 1094 etiam
731 1039 852 1095 docendo
863 1055 928 1096 eon-
977 1038 1111 1108 quierant
1121 1036 1153 1091 de
1164 1035 1299 1105 gentihus,
1315 1031 1462 1086 maximam
1477 1031 1548 1093 vitae,
1558 1030 1619 1088 sive
1631 1032 1769 1104 patienia

138 1132 256 1180 struunt.
977 1131 1103 1197 sormam,
1123 1128 1253 1186 doctrina
1266 1126 1699 1197 salutarispraeconiasequentis
1716 1130 1766 1185 aeri

173 1214 263 1284 (Vera.
286 1215 343 1288 tt.)
364 1234 374 1268 r
396 1216 574 1291 Prneepitqne
587 1236 643 1286 rer,
659 1219 816 1276 attollerent
827 1221 927 1292 lapidea
976 1220 1133 1277 doctoribus
1153 1219 1366 1274 ministrarunt:
1388 1231 1443 1286 quo
1457 1214 1572 1284 abjectis
1580 1218 1687 1284 verbis,
1702 1220 1767 1275 eai-

137 1305 250 1377 grnndee
262 1307 388 1376 pretiosor
403 1307 432 1361 in
446 1306 645 1377 fundamentum
665 1308 762 1380 tempti,
776 1319 801 1364 et
813 1311 927 1382 qnadra-
976 1312 1035 1379 bus,
1051 1311 1260 1383 cogitationibus
1274 1307 1458 1380 supervacuis,
1474 1308 1507 1362 ad
1521 1308 1691 1378 portandum
1700 1324 1766 1369 enat

138 1406 195 1448 rent
207 1410 260 1449 eos.
276 1395 495 1451 Fundamentum
507 1398 599 1467 templi
615 1398 719 1453 nullum
731 1405 773 1453 est
786 1398 858 1454 aliud
869 1414 927 1470 mv·
976 1409 1076 1457 sanctae
1088 1401 1216 1457 Ecclesiae
1226 1399 1309 1470 digni,
1325 1406 1353 1454 et
1365 1397 1421 1470 apti
1435 1398 1536 1454 inventi
1549 1406 1626 1454 sunt.

138 1487 206 1542 stiee
221 1487 434 1559 intelligendum,
450 1503 532 1557 quam
546 1490 622 1555 illud,
635 1490 706 1560 quud
719 1489 839 1546 ostendit
856 1490 927 1560 Apo-
1013 1504 1025 1532 0
1041 1490 1126 1545 Porro
1145 1488 1224 1545 cittii
1243 1495 1456 1561 preparaverant
1473 1487 1546 1558 ligna
1568 1498 1596 1543 et
1619 1487 1721 1560 lapidee
1732 1494 1765 1547 u

138 1576 223 1632 stolus
237 1577 329 1632 dicens
352 1576 378 1648 (l
399 1575 461 1632 Cor.
475 1594 517 1644 ur,
534 1578 582 1652 ll)
597 1593 604 1633 :
620 1578 834 1635 Fundamentum
856 1583 926 1636 enirn
976 1582 1285 1655 edificandomdomurn.
1295 1580 1559 1638 ‹Giblosestciritas
1570 1581 1602 1637 iu
1614 1582 1762 1654 Syriai!-

139 1673 213 1727 n‘ind
235 1689 311 1728 nemo
332 1682 414 1743 potest
438 1691 543 1745 ponere,
566 1685 662 1746 preter
675 1676 713 1741 id,
728 1677 798 1748 qrtod
811 1677 925 1746 peritam
976 1675 1063 1739 niciae,
1078 1670 1252 1744 aqquiblii
1271 1677 1335 1727 sunt
1350 1670 1450 1735 vuenti,
1465 1669 1544 1741 cujus
1563 1672 1693 1729 meminit
1703 1672 1763 1728 Ete-

138 1772 186 1828 eat,
209 1760 327 1818 Christus
340 1764 427 1819 ierne.
450 1766 501 1831 Qui
513 1773 656 1838 propterea
673 1777 746 1823 reete
767 1764 925 1822 fundamen·
939 1750 962 1809 Β
976 1767 1047 1824 chiel
1067 1767 1161 1822 dicens
1176 1765 1293 1837 (xxxva,
1307 1762 1358 1834 87:
1378 1762 1515 1834 Sapienter
1529 1764 1583 1830 tri,
1606 1762 1686 1836 Tyro,
1706 1766 1762 1838 {nn

139 1862 195 1908 tum
206 1853 303 1909 doinus
316 1855 422 1910 Domini
434 1863 525 1927 potest
538 1857 641 1922 vocari,
657 1857 719 1926 quia
735 1856 805 1912 sieut
824 1856 863 1911 ait
875 1856 924 1911 Pe
975 1867 1036 1913 rarat
1047 1858 1233 1930 gubernatores
1246 1855 1295 1909 tui.
1319 1852 1399 1909 Sener
1410 1850 1499 1919 Gttlli,
1511 1854 1759 1928 aprumque

138 1943 395 2017 trus(1lct.rv,lil
416 1964 422 2000 :
451 1945 513 2000 Non
526 1957 562 2002 est
586 1944 660 2001 uliud
683 1948 730 2002 aab
750 1947 813 2002 coelo
833 1947 925 2001 datram
976 1948 1096 2019 Proque
1118 1946 1146 2000 iu
1159 1946 1273 2000 liebrmo
1293 1945 1466 2000 continetur:
1489 1943 1584 2008 Geloi,
1600 1943 1758 2014 erescere,

138 2038 286 2094 lrorrtinihna
302 2056 405 2106 nomen,
420 2041 510 2113 inquo
524 2050 640 2111 oporteat
656 2058 702 2096 nor
716 2041 800 2096 solvor
813 2041 882 2111 fieri.
896 2039 925 2095 lu
975 2041 1047 2110 quod
1060 2036 1398 2107 interpretaturdiffinienn
1410 2036 1467 2093 sive
1479 2036 1675 2095 determinans.
1693 2040 1761 2109 Quod

137 2128 209 2198 quod
222 2130 424 2185 tundamentum
440 2130 542 2200 lapides
556 2130 683 2201 grandes,
702 2139 730 2186 et
748 2130 860 2201 pretiosi
877 2146 926 2202 po-
975 2126 1136 2184 vocabulum
1153 2134 1215 2197 apte
1239 2126 1365 2182 conuenit
1386 2127 1428 2183 eis
1450 2126 1495 2197 qui
1518 2128 1606 2183 corda
1628 2130 1758 2186 hominnm

138 2227 249 2286 uuutur,
263 2234 324 2274 cum
339 2220 467 2291 praecipui
478 2220 567 2285 iactis,
579 2236 610 2277 ae
624 2221 769 2277 sanctitate
782 2221 833 2275 riri
847 2218 926 2274 iami-
975 2220 1009 2275 ad
1032 2217 1176 2274 aedilicium
1198 2216 1331 2287 spiritale,
1356 2218 1428 2286 quod
1454 2233 1487 2273 er
1508 2217 1663 2275 virtutihus
1674 2219 1760 2276 anim

139 2310 199 2365 liari
213 2311 312 2367 mentis
335 2313 480 2368 sanctitate
499 2327 549 2368 suo
572 2314 712 2369 adherent
731 2310 880 2377 eonditori;
895 2320 926 2366 ut
976 2310 1152 2374 construitur,
1165 2316 1261 2379 parant
1278 2327 1285 2362 :
1305 2309 1344 2364 sic
1359 2309 1459 2364 etenim
1474 2309 1562 2365 solum
1584 2326 1651 2367 suos
1664 2312 1758 2368 audito

137 2414 191 2468 quo
214 2398 319 2453 lirrnius
342 2399 370 2454 in
385 2400 430 2454 illo
444 2415 518 2471 spem
542 2416 618 2457 suam
642 2407 757 2472 ponunt,
772 2416 805 2457 eo
828 2399 926 2456 lortius
977 2415 1020 2455 res
1033 2399 1123 2464 ldeur,
1138 2407 1166 2455 et
1184 2413 1266 2468 opera
1286 2397 1399 2468 justitiae
1421 2398 1557 2456 sulliciunt
1571 2402 1691 2469 docere,
1704 2402 1758 2459 dnn

137 2492 253 2546 oliorrvm
276 2492 359 2547 vitam
375 2493 502 2564 dirigere,
518 2493 599 2564 (quod
622 2492 847 2559 estlatituvlinem
864 2508 926 2564 por-
976 2490 1026 2561 ipsi
1050 2488 1126 2559 prius
1143 2489 1228 2545 saeris
1242 2490 1346 2559 paginis
1357 2491 1457 2556 edocti,
1472 2492 1631 2563 diligenter,
1653 2510 1713 2568 qnae
1730 2496 1759 2553 sil

136 2581 205 2653 tare)
221 2581 365 2638 sufficiant.
380 2582 497 2655 Lapides
510 2600 586 2656 ergo,
614 2584 659 2655 qui
676 2584 704 2638 in
718 2582 924 2638 fundamentum
976 2581 1042 2638 tides
1056 2582 1180 2647 tenenda,
1194 2597 1248 2651 quo
1260 2582 1390 2637 virtutum
1404 2582 1471 2638 calle
1484 2584 1680 2654 incedendum,
1694 2594 1761 2644 certa

137 2671 226 2743 terrrpli
243 2674 276 2728 ad
299 2675 461 2743 portandum
474 2674 617 2730 aedilicium
631 2688 711 2729 outae
735 2674 922 2743 ponebantur,
976 2675 1134 2730 diffinitione
1147 2676 1270 2731 veritatis
1282 2676 1444 2731 didicerunt.
1458 2676 1526 2732 Nam
1542 2678 1647 2735 irustra
1662 2680 1712 2737 sihi
1726 2680 1757 2737 oi-

140 2764 250 2834 proprie
274 2772 338 2818 sunt
358 2766 507 2835 prophetae,
520 2773 547 2819 ct
561 2763 687 2835 apostoli,
709 2764 754 2833 qui
774 2764 884 2818 terbum
898 2773 927 2819 et
977 2766 1066 2822 ficium
1088 2768 1208 2823 doctoris
1223 2777 1346 2838 usurpat,
1357 2769 1403 2838 qui
1422 2770 1617 2827 discretionem
1630 2774 1759 2829 eathohce

137 2864 306 2912 sacramenta
326 2857 461 2922 veritatis,
476 2858 533 2913 sive
551 2857 703 2921 visibiliter,
727 2857 784 2911 sive
803 2855 926 2911 invisibi·
977 2860 1038 2915 lidei
1063 2861 1179 2929 ignorat,
1197 2875 1285 2930 neque
1304 2861 1487 2916 satietuarium
1503 2861 1633 2927 Domino,
1658 2866 1759 2921 sedrni

135 2947 206 3008 liter,
222 2947 256 3003 ab
269 2949 328 3019 ipsa
342 2947 391 3004 Dei
404 2948 536 3018 sapientia
547 2956 735 3019 perceperunt.
752 2966 761 2998 r
781 2959 793 2989 ι
810 2946 886 3004 Unde
897 2955 925 3002 et
976 2966 1037 3005 nunt
1052 2951 1104 3006 sibi
1117 2949 1263 3015 aedificant,
1278 2950 1324 3019 qui
1340 2950 1436 3006 docere
1450 2951 1519 3007 alios
1530 2952 1669 3024 regulam,
1688 2970 1759 3026 quan

136 3038 225 3103 nobis,
247 3037 293 3108 qui
306 3052 400 3094 eorum
412 3039 506 3103 vitam,
521 3039 578 3093 sive
593 3038 745 3094 doctrinam
766 3039 923 3104 studemus,
976 3040 1027 3110 ipsi
1050 3056 1105 3096 non
1129 3039 1291 3106 didicerunt,
1308 3044 1451 3098 currantur.
1468 3045 1498 3099 ln
1520 3046 1686 3103 mdidmndo
1705 3064 1760 3121 ergo

136 3145 186 3199 pro
202 3138 295 3186 nostro
309 3130 417 3185 modulo
436 3130 546 3195 imitari,
560 3130 684 3201 fundator
701 3130 767 3186 dicit
781 3129 925 3201 Apostolus
938 3136 960 3196 C
976 3131 1085 3185 domum
1100 3131 1206 3185 Domini
1220 3130 1384 3201 primosum
1398 3134 1517 3205 lignenm
1532 3137 1760 3207 lapideseeteuvt

136 3220 217 3292 (Epir.
234 3237 264 3285 u,
284 3221 330 3292 20)
344 3235 351 3275 :
366 3237 444 3291 anper
470 3220 670 3291 fundumentum
694 3220 872 3293 apostolorum
898 3230 924 3276 ct
977 3220 1010 3275 de
1025 3228 1130 3285 uroute,
1146 3221 1209 3290 quia
1224 3235 1280 3285 cos,
1295 3238 1364 3292 quos
1378 3223 1406 3278 in
1421 3224 1473 3279 lide
1486 3227 1615 3284 veritatis
1629 3229 1762 3287 instituere

40 3337 44 3346 ·
137 3312 332 3383 prophetarum.
355 3311 409 3368 Sed
429 3321 456 3367 et
477 3311 637 3384 generaliter
661 3311 826 3382 quicunque,
848 3312 923 3368 etd—
976 3311 1131 3380 quartanis,
1150 3311 1239 3382 primo
1264 3329 1375 3369 necesse
1395 3325 1445 3380 est,
1459 3324 1489 3370 ut
1504 3317 1760 3379 abrenuntiaredia

136 3401 232 3457 deliter
246 3401 297 3472 ipsi
311 3401 425 3457 Domino
447 3402 593 3467 adhaerere,
610 3411 639 3457 et
650 3402 791 3472 impositas
804 3402 855 3457 sihi
868 3401 923 3456 ire-
975 3399 1047 3465 holo,
1063 3416 1096 3455 ac
1111 3401 1143 3455 de
1159 3410 1232 3457 sorte
1241 3403 1336 3472 prirnae
1347 3406 1595 3474 prevaricationis,
1608 3411 1638 3466 in
1650 3427 1705 3483 qua
1714 3414 1761 3470 neti

135 3502 207 3548 trum
232 3493 408 3549 necessitates
420 3492 525 3549 fortiter
547 3494 620 3550 ferre
643 3494 805 3561 didicerunt,
821 3494 848 3549 hi
861 3510 924 3565 pos·
975 3506 1078 3555 surmus,
1091 3493 1237 3547 doeeuruus
1251 3497 1417 3552 renascendo
1427 3499 1498 3564 erui,
1512 3500 1613 3559 deinde
1628 3507 1761 3575 quarendi

134 3593 197 3639 sum
222 3584 355 3655 lapidibus
387 3585 556 3655 grandibus,
587 3602 624 3665 ac
646 3587 774 3656 pretiosis
796 3587 920 3643 indicari.
974 3590 1037 3635 mm
1062 3581 1166 3653 milities
1189 3585 1312 3654 mmmm.
1330 3596 1358 3642 m
1380 3590 1506 3660 ammes,
1530 3604 1617 3664 atquc
1633 3597 1662 3652 in
1678 3596 1765 3655 tunm·

136 3696 145 3727 ι
164 3677 240 3745 ani
253 3679 322 3732 ltene
336 3677 437 3748 lapides
444 3678 532 3748 primo
544 3677 682 3748 quadrari,
697 3679 775 3734 eosic
789 3679 816 3733 in
828 3677 924 3734 sunda·
974 3682 1094 3728 mmmm
1119 3676 1211 3745 mmllli
1226 3678 1354 3747 lmmmli.
1369 3690 1399 3734 ¹¹t
1410 3683 1629 3753 meminerimus,
1647 3692 1762 3748 ahaua

135 3775 225 3822 inemo
247 3768 310 3836 poui
325 3767 454 3837 jubentur
476 3786 482 3821 :
499 3769 662 3838 quadratum
683 3783 800 3839 namque
820 3783 921 3833 omne,
974 3767 1181 3823 couversatione
1196 3770 1293 3838 priori,
1308 3785 1401 3827 eorum
1416 3775 1442 3828 in
1456 3777 1586 3834 omnibus
1603 3781 1761 3850 sitamma-

134 3873 295 3928 quoeuuque
316 3859 443 3925 vertitur,
462 3867 536 3915 stare
555 3857 638 3914 lirum
650 3857 868 3915 commutamur
881 3858 923 3914 ni·
974 3857 1762 3931 resqueiuspieere,eosqueuostrisauiitorinnsimitandae

133 3948 233 4002 rubum
249 3948 341 4019 tigurm
353 3950 436 4004 corda
450 3948 804 4016 assimilanturelectorum,
815 3950 923 4020 quarite
971 3958 1133 4014 proponere.
1146 3963 1215 4017 quos
1226 3951 1409 4020 pervirtutem
1426 3954 1592 4014 humititatis
1612 3963 1762 4032 specialiter

133 4041 160 4094 iu
176 4039 236 4095 iudei
259 4039 388 4095 tiroritate
401 4041 550 4096 consistere
566 4040 726 4105 didicerunt,
740 4049 770 4095 ut
789 4041 863 4095 nulla
876 4056 922 4095 uc·
972 4032 1085 4089 Domino
1101 4035 1238 4092 tdhaerme
1261 4041 1425 4096 noverimus·
1451 4063 1460 4095 t
1483 4044 1493 4083 ¹
1514 4046 1593 4112 Quos
1614 4051 1761 4111 invincibii

133 4131 301 4186 currentium
315 4147 406 4187 rerum
418 4131 592 4197 adversitate,
604 4148 654 4188 nec
667 4132 724 4203 ipsa
736 4133 818 4188 etiam
834 4142 922 4189 morte
972 4125 1327 4199 memissmbililme‚tt1¹tsi
1338 4134 1610 4206 quadratosquodanr
1621 4145 1714 4211 modo,
1725 4154 1760 4200 at·

133 4237 148 4272 u
172 4233 220 4273 sua
233 4219 394 4274 rectitudine
406 4221 512 4290 possint
523 4229 595 4276 sautu
609 4222 746 4276 declinari.
764 4241 773 4274 ι
792 4233 803 4261 ⁰
823 4221 921 4288 Quales
971 4216 1492 4289 queadomoestentationumiueursus,
1504 4228 1761 4306 iurmohilesperdv-

134 4307 259 4364 videlieet
281 4310 406 4366 doctores
428 4311 558 4378 Ecclesia,
574 4328 637 4367 -non
658 4315 745 4370 solum
760 4314 794 4370 de
807 4313 918 4379 lundata,
971 4321 1033 4361 mm
1045 4308 1238 4377 conspicimus,
1245 4327 1314 4382 (1⁰08
1327 4315 1472 4382 mmmmm
1483 4328 1511 4373 ot
1520 4322 1647 4389 grattdes
1659 4326 1759 4387 arcum.

132 4400 322 4455 verumetiam
337 4401 370 4455 de
385 4402 509 4473 geutibus
522 4419 570 4472 per
584 4402 676 4473 plures
696 4405 824 4474 suscepit.
843 4404 919 4460 llude
970 4410 1002 4450 2¹0
1017 4396 1087 4452 sima
1102 4401 1295 4471 comperimus·
1318 4403 1383 4459 Post
1396 4405 1605 4466 iuttdavueutrnn
1622 4430 1692 4471 vero
1705 4415 1759 4472 rali-

132 4490 201 4543 iletre
212 4488 246 4544 de
255 4488 389 4559 lapidibus
400 4490 479 4561 liuius
491 4493 581 4548 rnuttdi
594 4494 783 4564 grandioribus
793 4494 919 4563 pretiosis
931 4484 958 4542 D
970 4488 1032 4554 btts,
1053 4504 1085 4543 ³⁰
1098 4492 1179 4545 mmm
1192 4491 1326 4562 mmmmm
1339 4498 1530 4565 mmlmsimm,
1547 4502 1711 4559 aeditlearula
1723 4512 1760 4560 cst

131 4590 158 4634 et
171 4581 310 4649 quadratis
321 4580 465 4637 subditur:
971 4579 1066 4636 domus
1080 4581 1197 4647 Domini,
1220 4588 1379 4654 praeparatis
1395 4589 1551 4657 diligentius
1567 4593 1664 4664 lignis,
1679 4612 1712 4653 ao
1725 4596 1759 4651 la·

167 4671 257 4743 (Vere.
272 4671 328 4745 i8.)
345 4690 354 4722 r
371 4672 443 4738 Quos
457 4677 610 4732 dolaverunt
623 4678 783 4731 cententnrii
798 4677 920 4734 Salomo-
970 4671 1089 4740 pidibtm,
1113 4689 1146 4728 ac
1159 4673 1264 4730 decenti
1289 4678 1384 4733 ordine
1403 4681 1555 4738 collocatis.
1569 4685 1640 4751 Qua
1653 4687 1717 4743 olim
1728 4686 1759 4743 dr

132 4764 181 4827 rrir,
197 4771 221 4816 et
242 4765 403 4816 cementarii
423 4763 527 4818 iliram.
544 4767 675 4821 Dolantur
689 4783 804 4838 rraruquc
818 4768 919 4838 lapides
969 4767 1059 4834 priseo
1070 4781 1119 4820 suo
1134 4766 1187 4821 situ
1202 4770 1214 4808 ⁸
1230 4766 1282 4837 (vel
1294 4769 1395 4840 radiae)
1411 4770 1518 4827 inerant
1535 4776 1691 4845 ellestram,
1701 4777 1757 4849 quia

131 4850 253 4918 pretiosi,
267 4865 329 4905 cum
341 4851 420 4908 electi
433 4855 532 4924 quique
543 4856 751 4923 qrrmcedentium
762 4867 919 4914 sauctorum
970 4862 1032 4922 post
1052 4856 1139 4924 prima
1159 4856 1219 4910 lidei
1235 4858 1396 4919 riuliurentu,
1422 4871 1482 4931 post
1496 4861 1632 4920 collocata
1646 4866 1758 4923 innubis

130 4940 320 5005 instructione,
334 4949 362 4996 ot
372 4941 511 5008 instantia,
529 4945 658 5015 quidquid
672 4946 699 5000 iu
717 4962 746 5001 se
759 4947 859 5002 habent
871 4963 919 5024 no·
967 4939 1043 5009 itmm
1055 4945 1209 5014 etetttitlmn
1222 4947 1378 5003 sublitttium
1394 4953 1513 5007 virerum
1525 4952 1707 5013 fundamenta
1717 4958 1758 5013 hu-

131 5031 239 5084 niumet
250 5031 338 5093 inane,
353 5031 516 5101 relinquunt,
526 5045 607 5104 atquae
618 5046 681 5092 ante
692 5047 866 5106 conspectum
878 5040 918 5094 sui
971 5034 1120 5088 rnilinnist
1147 5053 1156 5085 e
1175 5037 1314 5094 nutriendus
1333 5048 1376 5094 est
1398 5042 1424 5096 iu
1444 5042 1526 5098 altrun
1541 5047 1637 5114 parics
1649 5064 1757 5119 operam

130 5120 278 5175 conditoris
292 5120 378 5176 solam
391 5121 481 5178 insitae
497 5122 609 5191 justitiae
628 5126 759 5196 regulam,
775 5127 850 5195 quasi
864 5135 919 5181 sta-
970 5124 1114 5187 hortorum,
1127 5128 1205 5196 quasi
1220 5122 1447 5201 superimpositis
1461 5136 1512 5191 sibi
1526 5136 1647 5194 invicem
1658 5138 1757 5195 ordiri·

129 5208 212 5263 bilem
237 5211 412 5281 quadraturae
435 5211 550 5267 serratam
573 5217 729 5271 ostendunt.
758 5216 919 5272 Dulaveruut
969 5219 1019 5273 bus
1035 5218 1153 5289 lapidum
1170 5219 1255 5292 (Pani.
1271 5239 1384 5287 intutu,
1401 5227 1429 5295 8)
1448 5230 1482 5281 ud
1504 5229 1716 5298 atrabatensium,
1728 5246 1757 5287 at

165 5419 178 5447 ⁸
197 5407 261 5475 Quae
272 5408 379 5465 lineolis
390 5408 546 5466 notata'non
569 5422 643 5478 surtt,
657 5429 671 5468 a
684 5412 796 5470 Rabauo
807 5413 913 5470 absunt.
1005 5428 1015 5453 t
1034 5414 1072 5468 liu
1088 5415 1185 5468 iterum
1198 5415 1336 5472 llarhauus.

167 5477 181 5515 ¹·
200 5477 263 5532 llaec
277 5494 370 5535 rursus
384 5480 486 5537 Rabani
500 5484 582 5538 verba
598 5494 670 5539 strut.
1008 5486 1018 5524 f
1039 5485 1103 5551 erae
1116 5485 1222 5541 lineolis
1233 5498 1337 5551 carent,
1351 5488 1377 5542 in
1390 5489 1501 5545 lialrauo
1512 5506 1566 5545 uon
1577 5504 1699 5549 exstant

166 5553 177 5581 Β
198 5547 262 5612 Quum
281 5558 371 5604 notata
393 5567 445 5607 uon
459 5561 531 5618 suat,
554 5555 581 5608 iu
598 5555 672 5611 edito
693 5555 863 5612 hananiam
878 5555 915 5610 lc·
1007 5558 1018 5589 κ
1039 5556 1128 5609 i'erha
1141 5556 1198 5610 trare.
1221 5575 1227 5609 ι
1253 5556 1292 5611 rel
1315 5558 1402 5613 radice
1421 5560 1502 5615 aliam
1523 5561 1670 5619 lectionem
1693 5564 1757 5619 irrub-

131 5623 238 5685 mmmm
969 5636 1049 5685 tulit:
1069 5625 1146 5681 nolui
1155 5634 1243 5681 tamen
1256 5627 1372 5682 demere.
1391 5629 1497 5693 moran,
1509 5633 1533 5687 si
1545 5634 1614 5699 volt,
1629 5634 1737 5693 hector.

166 5681 180 5724 ‘¹
200 5684 302 5742 Desunt
314 5687 373 5743 haee
383 5705 491 5761 quoque
501 5692 530 5747 in
543 5691 665 5751 liuhano.
1002 5696 1016 5737 ¹¹
1036 5694 1232 5765 subsequentia
1247 5696 1273 5753 in
1288 5698 1399 5755 llabauo
1412 5702 1540 5771 reperies.
