3832 6120
130 235 182 291 mu
680 233 819 289 elitbblt
839 232 1071 289 Tubulubmsls
1089 232 1242 293 belsebul
1709 240 1761 295 ’110

129 346 223 402 debitis
236 362 313 418 super
324 345 460 398 duodecim
474 342 547 398 sedes
557 344 708 415 judicantes
718 345 856 401 duodecim
867 345 916 399 tri-
932 347 1031 411 Aculo
1044 347 1137 413 simul,
1155 356 1183 403 et
1201 363 1255 403 uno
1280 357 1401 418 tempore
1424 353 1588 409 ostenditur.
1604 352 1677 409 Noun
1693 352 1763 413 mnu

130 442 178 495 ius
197 438 291 493 lsrael.
968 438 1055 504 illius,
1072 438 1158 495 bonos
1170 438 1310 504 Ecclesiae,
1326 439 1398 499 malo
1409 450 1503 501 autem
1515 443 1597 507 illius,
1613 444 1704 502 matos
1714 448 1763 505 bls-

165 533 229 588 Pust
247 531 383 600 aliquanta
395 530 493 584 iterum
509 523 593 581 reiert
604 524 745 597 Scriptura
755 525 831 598 (cers.
845 525 892 597 11)
910 544 916 580 :
968 529 1058 585 etesiae
1070 528 1237 600 significatos
1249 539 1323 601 puto,
1333 539 1461 602 tanquam
1471 533 1499 588 iu
1510 535 1616 593 unitate
1625 551 1709 593 suen.
1718 537 1764 597 Sis

132 627 208 694 Quod
230 625 291 696 fecit
306 623 443 688 Salomon,
469 631 496 676 at
513 632 586 678 tanto
607 631 672 677 esset
692 621 857 676 abundantio
875 637 920 676 or·
969 619 997 672 in
1015 618 1062 674 illo
1073 635 1127 674 unc
1141 619 1250 676 humine
1262 620 1349 679 botros
1366 621 1394 677 in
1406 622 1510 694 granis,
1524 624 1612 681 malos
1626 625 1654 681 in
1668 627 1762 697 paleis,

129 715 200 786 qemi
214 716 242 769 in
251 712 411 779 Jerusalem,
423 724 524 784 quomo
537 711 665 783 lapidum.
677 710 740 766 lloee
752 711 852 767 locutio
865 720 920 768 tru-
969 723 1016 765 aut
1032 721 1108 768 certe
1121 712 1147 767 in
1170 713 1275 769 unitate
1289 729 1370 769 usurus
1387 715 1489 786 segetis
1506 717 1594 773 bonos
1610 717 1639 772 in
1655 720 1762 783 tritico.

130 804 202 874 pica,
215 817 270 857 nou
284 803 393 872 propria
407 809 450 856 εει
463 818 470 853 :
487 800 540 856 tale
554 808 597 855 est
607 799 686 869 quale
700 800 728 854 in
743 799 841 856 Genesi
855 801 920 872 legi·
970 801 1057 856 malus
1068 801 1095 857 in
1110 812 1121 841 ⁰
1136 803 1252 871 ziqania.
1269 822 1279 857 r

131 910 202 961 mus,
217 894 262 950 ubi
277 894 345 950 dixit
358 894 429 949 Deus
443 893 477 948 ad
489 892 627 949 Abrabam
640 891 712 964 (nuru,
728 891 774 963 lb)
787 911 793 945 :
808 891 920 954 Faciam
1005 888 1082 962 (Cap.
1101 907 1142 957 ει,
1158 891 1218 964 aa.)
1240 891 1355 949 Factam
1375 905 1415 949 cst
1432 897 1512 966 iqitur
1529 898 1558 954 ia
1575 908 1694 969 tempore
1706 899 1763 966 iilo,

131 1001 218 1040 semen
230 992 304 1039 tuum
319 984 395 1055 quusi
406 982 538 1054 quuioerem
549 990 637 1035 terrm.
654 980 731 1046 Quod
741 995 773 1037 ea
785 980 921 1036 locutione
970 989 997 1032 m
1016 978 1174 1037 Hieroboam
1185 982 1353 1052 eqrcderetur
1362 984 1395 1041 de
1407 984 1586 1054 Hierusalem,
1600 996 1627 1043 et
1638 988 1762 1044 inueniret

131 1077 235 1133 dictum
248 1082 298 1140 est,
314 1090 395 1144 quam
415 1072 503 1128 Graeci
522 1078 622 1126 uocant
640 1070 837 1141 hyperbolem:
860 1086 921 1142 quar
969 1083 1030 1121 eum
1044 1069 1127 1125 ttius
1150 1068 1275 1128 Siiorrites
1291 1073 1418 1143 propiata
1437 1073 1465 1129 iu
1484 1076 1665 1146 aim-mertum
1684 1079 1764 1148 pollio

131 1169 224 1237 utique
243 1167 356 1237 tropica,
377 1180 429 1218 non
444 1162 553 1232 propria
572 1168 614 1216 est
630 1179 637 1215 :
655 1175 737 1230 quern
760 1168 850 1215 tamen
864 1174 921 1215 mo-
971 1173 1057 1215 nouo:
1077 1170 1154 1219 erunt
1174 1171 1262 1219 cutem
1280 1164 1335 1220 dun
1354 1174 1456 1220 tontum
1476 1166 1504 1221 iu
1522 1183 1598 1238 upra.
1616 1168 1764 1239 demeten-

131 1260 205 1324 dum,
223 1265 253 1312 ut
263 1256 368 1313 caeteris
385 1255 468 1324 tropis
480 1254 520 1306 uti
537 1252 624 1307 solere
637 1250 816 1321 scripturam,
829 1249 918 1306 nullus
970 1250 1084 1322 deusque
1096 1253 1178 1308 dirius
1190 1254 1299 1325 pallium
1313 1272 1390 1310 suum
1401 1273 1506 1322 cocum,
1519 1275 1571 1329 quo
1580 1268 1762 1330 oportuerat,

131 1351 178 1420 qui
191 1364 251 1404 eam
264 1347 367 1411 didicit,
381 1344 502 1415 ambigit.
526 1342 578 1397 lste
592 1350 683 1397 nartem
698 1348 803 1411 tropus,
819 1340 847 1394 id
860 1347 920 1405 εει,
970 1342 1047 1395 scidit
1060 1342 1087 1396 in
1098 1343 1237 1398 duodecim
1250 1355 1348 1414 partes,
1360 1355 1385 1400 et
1395 1347 1433 1401 cit
1446 1347 1481 1401 ud
1495 1346 1680 1404 Hieroboam:
1695 1349 1763 1407 Tolle

131 1443 227 1500 modus
240 1441 383 1498 locutionis
395 1438 436 1504 tu,
449 1436 558 1506 quunndo
575 1435 603 1490 id
615 1435 689 1504 quod
712 1434 822 1498 dieitur,
844 1431 923 1504 longe
971 1430 1017 1484 tiii
1036 1432 1124 1487 decem
1142 1434 1279 1500 scissurus,
1302 1435 1358 1490 boec
1376 1437 1446 1490 euim
1462 1436 1525 1490 dicit
1543 1437 1678 1495 namium
1698 1439 1763 1497 bur

132 1543 175 1591 est
194 1534 308 1605 amplius
328 1546 409 1602 quarn
431 1528 504 1599 qtrod
525 1543 558 1583 eo
571 1527 644 1583 dieto
660 1525 838 1597 significatur.
855 1523 922 1592 Quis
972 1522 1079 1579 lsrael:
1095 1523 1164 1581 Ecce
1177 1542 1223 1596 eqo
1235 1527 1355 1581 scindam
1371 1543 1478 1598 requam
1490 1528 1523 1583 de
1542 1545 1628 1585 marrus
1645 1530 1763 1588 Sirim

132 1627 205 1681 enim
217 1641 272 1681 non
285 1624 384 1689 uideat,
396 1622 467 1693 quod
480 1627 540 1675 erat
552 1612 798 1688 incomparabiliter
808 1615 923 1687 amplior
972 1616 1023 1680 uis,
1044 1624 1067 1669 ει
1082 1614 1150 1672 dubo
1170 1616 1217 1672 tibi
1236 1616 1325 1679 decem
1338 1618 1421 1679 tritus
1434 1634 1444 1672 .·
1458 1634 1537 1689 porro
1552 1637 1610 1678 unc
1630 1622 1714 1683 tritus
1726 1640 1762 1679 re-

133 1690 250 1787 lapidarii
270 1731 409 1781 numerus,
422 1729 505 1783 quam
527 1711 631 1783 argenti
651 1710 756 1780 pondus
769 1709 797 1764 in
812 1709 920 1764 civitate
934 1695 958 1754 B
971 1705 1085 1759 mouerit
1097 1707 1120 1763 ei
1134 1715 1240 1776 propter
1252 1724 1353 1763 semitm
1369 1725 1455 1765 meum
1466 1708 1564 1777 David,
1573 1720 1601 1767 0⁸
1614 1712 1671 1770 ⁰15⁶
1685 1715 1763 1771 Mitt

133 1807 299 1863 Jerusalem?
972 1804 1077 1865 propter
1089 1794 1266 1864 Hierusalem,
1287 1815 1367 1869 qurum
1380 1798 1445 1871 eleqi
1458 1816 1490 1855 cc
1509 1803 1633 1859 omuibus
1649 1804 1763 1871 triburias

169 1897 245 1972 (Cup.
267 1896 319 1969 ur.)
345 1894 403 1950 ileo
426 1902 513 1947 cutem
536 1890 662 1948 Salomon
680 1890 777 1944 amnuit
801 1886 921 1942 mulieres
973 1883 1068 1949 israel.

134 1991 296 2062 olieuiqcuos
308 1986 405 2042 inaltus
416 2003 424 2041 :
437 1985 522 2056 tilium
534 1999 635 2055 quoque
648 1980 838 2046 Plruroouis,ct
851 1978 923 2035 lico-
1008 1975 1021 2015 ‘¹
1045 1995 1055 2028 ι
1073 1977 1140 2033 lllud
1153 1994 1228 2044 uero,
1243 1979 1314 2048 quod
1336 1989 1398 2050 post
1419 1990 1534 2037 mortem
1550 1981 1708 2047 Salomonis
1719 1987 1750 2045 th

136 2082 243 2147 iitidcr,
267 2088 290 2133 ει
311 2074 514 2139 Ammonitidos,
532 2071 678 2137 ideramus,
700 2079 724 2125 ct
744 2070 921 2136 stiterimus
974 2080 1032 2121 cem
1045 2068 1132 2123 tribus
1153 2084 1169 2123 a
1190 2069 1290 2139 templo
1302 2079 1433 2140 separate
1446 2078 1523 2136 sunt,
1540 2080 1568 2127 ει
1581 2071 1645 2128 dum
1658 2074 1763 2142 εεΙίοιε,

135 2173 257 2228 lletirmas
277 2167 332 2224 :de
349 2167 478 2237 mutibus,
493 2179 571 2235 super
592 2162 685 2234 quibus
710 2161 776 2215 dixit
796 2161 923 2215 Dominus
973 2158 1040 2217 satis
1052 2158 1163 2223 indicat,
1180 2160 1251 2230 quod
1263 2159 1298 2218 de
1312 2168 1369 2216 tota
1391 2161 1449 2232 ipsa
1464 2168 1545 2232 geute
1565 2162 1716 2234 Apostolus
1729 2166 1765 2221 ait

134 2264 196 2332 filiis
211 2259 305 2325 lsrael,
320 2275 372 2312 aaa
385 2254 569 2327 iuqrcdiumiui
583 2253 617 2307 ud
639 2266 704 2307 eus:
727 2269 807 2324 acque
821 2251 853 2306 de
869 2251 923 2306 iilis
974 2248 1069 2321 (dour.
1084 2265 1125 2316 ιι,
1146 2248 1192 2322 bl:
1209 2249 1334 2322 Reliquiae
1357 2268 1403 2321 per
1425 2251 1576 2308 electionem
1590 2253 1673 2312 trium
1692 2255 1764 2325 {cde

132 2353 312 2426 inqu-edicatur
335 2349 369 2403 ud
394 2357 492 2403 rucanas
513 2362 522 2402 .·
546 2346 690 2400 certissime
714 2344 783 2398 euim
809 2352 923 2398 avertem
972 2352 1075 2397 suut.»

134 2444 214 2500 cordo
236 2450 337 2506 tustra,
361 2449 388 2493 ut
411 2437 557 2508 scqucrrziai
572 2437 632 2490 deos
647 2451 748 2490 ecrrrm.
771 2432 821 2488 iiis
835 2434 923 2505 itaque
1008 2433 1084 2499 otrod
1107 2448 1175 2489 uero
1199 2434 1290 2488 unitas
1313 2433 1385 2503 pallii
1411 2435 1551 2505 prophetae
1573 2435 1604 2491 iu
1627 2436 1764 2494 domim

134 2531 322 2604 copulatorem
339 2526 464 2583 Salomon
485 2525 668 2581 ardentissimo
691 2525 789 2589 noiomi
803 2523 924 2593 {aemm-
972 2531 1063 2593 partes
1079 2524 1164 2579 scissa
1182 2533 1233 2589 est,
1249 2539 1283 2578 cx
1295 2525 1393 2594 quibus
1403 2526 1531 2580 scissuris
1544 2524 1712 2583 lliembonm
1723 2528 1765 2584 de·

132 2638 182 2693 que
195 2621 219 2675 ci
234 2635 328 2675 uxores
343 2619 418 2690 quusi
432 2616 715 2687 reqime'reptiuqcmu,
735 2624 758 2669 et
773 2614 923 2668 corrcuiiuor
973 2627 1031 2666 cem
1046 2615 1159 2682 acecpit,
1180 2614 1233 2669 boe
1248 2613 1377 2684 figurasse
1395 2615 1510 2680 uidetur,
1530 2616 1605 2686 quod
1620 2618 1764 2674 eoncordia

134 2722 264 2777 trecenta,
281 2718 305 2765 ct
318 2718 466 2764 assertorum
477 2706 599 2761 meliores
610 2723 655 2760 cor
664 2707 732 2776 rjus.
744 2705 923 2761 turmoncndi
973 2706 1100 2763 Ecclesia
1113 2709 1147 2763 ab
1161 2708 1296 2764 haereticis
1308 2709 1455 2773 conscissa,
1470 2709 1522 2781 ipsi
1544 2711 1673 2783 magistri
1695 2702 1766 2779 eruc·

133 2811 197 2858 sunt
209 2802 307 2871 quibus
319 2800 372 2855 luce
384 2798 510 2854 soeculum
525 2804 711 2867 prosperatur,
719 2796 766 2866 qui
781 2795 860 2850 nullis
874 2794 923 2849 ad·
973 2796 1021 2861 ris,
1033 2812 1049 2850 a
1063 2797 1161 2867 quibus
1173 2799 1264 2853 unitas
1275 2798 1361 2854 diuisa
1372 2806 1423 2863 est,
1438 2799 1544 2870 plebem
1558 2801 1697 2858 indecem
1711 2812 1765 2859 tsn-

134 2891 309 2948 rersitatibus
327 2887 408 2958 liujus
429 2887 520 2943 mundi
546 2884 690 2951 feriuntur,
707 2884 779 2954 quod
794 2882 922 2939 Salomon
972 2904 1053 2959 qnam
1071 2905 1178 2946 errores
1191 2906 1207 2944 a
1220 2889 1361 2945 catholicis
1374 2890 1506 2956 dividunt,
1520 2899 1546 2945 et
1561 2894 1708 2964 tyrannm
1719 2894 1766 2950 sipi

132 2989 193 3052 post
209 2988 346 3050 acceptam
361 2977 529 3048 sapientiam,
541 2991 626 3046 usque
640 2975 673 3029 ad
685 2974 838 3030 idolatriam
850 2975 920 3030 ceci·
973 2981 1108 3039 subditam
1119 2981 1251 3037 detinent.

132 3073 206 3128 disse
229 3071 403 3136 describitur,
425 3068 489 3138 quia
512 3068 579 3124 nibil
598 3069 625 3122 in
637 3069 689 3123 hoc
703 3067 814 3133 mundo,
833 3039 956 3138 prius·C
1007 3071 1070 3127 Post
1084 3071 1167 3126 multa
1181 3072 1233 3128 alia
1243 3071 1328 3127 relert
1337 3070 1479 3143 Scriptura
1489 3071 1551 3127 libri
1563 3072 1682 3142 Regum,
1692 3084 1721 3130 ει
1729 3074 1767 3129 di-

133 3180 214 3236 quam
228 3164 352 3229 caderet,
365 3161 536 3217 aduersitatis
550 3160 677 3216 imbuisse
687 3168 863 3226 memoratur,
873 3158 921 3216 sed
971 3161 1010 3217 eit
1022 3161 1111 3233 (Rom.
1120 3178 1158 3227 rr,
1168 3161 1213 3234 tl)
1224 3177 1232 3216 ε
1243 3160 1352 3233 Reliqua
1363 3171 1450 3216 cutem
1460 3161 1599 3217 curiorum
1608 3160 1764 3223 Sulcum,

133 3268 290 3311 concessam
306 3251 466 3322 sapientiam
489 3248 610 3305 funditus
635 3249 774 3305 deseruit:
798 3264 831 3304 eo
849 3248 921 3319 quod
971 3264 995 3311 er
1012 3255 1110 3318 omnia,
1123 3271 1183 3325 quoe
1199 3254 1276 3324 tecit,
1294 3263 1319 3308 er
1336 3254 1464 3324 sapientia
1481 3253 1539 3323 ejas
1552 3267 1562 3306 :
1576 3270 1637 3309 me
1649 3257 1767 3311 mum

133 3362 196 3402 erum
226 3345 301 3400 nulla
321 3345 417 3400 saltem
447 3344 557 3399 minima
575 3342 759 3399 tribulationis
780 3340 921 3411 disciplina
970 3344 1178 3414 scriptusumin
1193 3342 1258 3397 libro
1273 3344 1407 3398 seriorum
1421 3343 1524 3397 dieram
1539 3342 1709 3400 Solomonis.

133 3436 288 3502 custodiuit,
307 3436 358 3491 nisi
369 3444 510 3507 postquam
520 3433 745 3498 Deumdeseruit,
758 3441 786 3487 et
799 3430 921 3488 sorbeo
1006 3434 1035 3488 ln
1046 3433 1115 3488 libro
1130 3432 1365 3504 Paralipomenon,
1378 3448 1459 3506 quem
1473 3432 1569 3491 draeo
1581 3436 1717 3492 uocabulo
1728 3444 1765 3491 tt·

133 3530 269 3584 desertum
290 3540 351 3582 esse
367 3529 531 3598 cognovit*
557 3542 567 3575 s
591 3522 651 3578 lam
675 3537 741 3578 uero
762 3523 796 3578 de
815 3520 922 3577 caeteris
971 3525 1033 3580 liter
1045 3526 1490 3596 nuncupamus,qucmnoslatino
1502 3528 1766 3599 preteritorsmpcs-

133 3618 261 3690 operibus
278 3616 337 3688 ejus
351 3617 416 3688 quid
433 3617 538 3672 dicam?
552 3615 620 3670 Eum
642 3613 815 3670 uehementer
833 3612 923 3685 arguit
971 3614 1416 3680 sumusdicere‚itadeSalomone
1431 3618 1620 3688 scriptumest
1639 3616 1685 3689 (li
1704 3616 1764 3672 Per.

133 3715 226 3763 sancta
237 3706 386 3778 Scriptura,
400 3715 481 3776 atque
494 3705 668 3769 condemnat,
686 3710 713 3758 et
730 3702 797 3759 nibil
811 3703 844 3758 do
863 3715 922 3773 ρω-
972 3723 1011 3774 rx,
1020 3707 1081 3776 aul:
1094 3705 1205 3779 Reliqua
1218 3724 1279 3762 uero
1295 3725 1402 3778 operum
1415 3707 1565 3765 Solomonis
1577 3709 1765 3779 primorum

134 3799 248 3855 nitentia
266 3797 338 3883 ejus2
354 3798 398 3853 uel
417 3799 444 3852 in
461 3813 522 3853 eum
540 3795 705 3869 indulgentia
731 3795 790 3861 Dei,
810 3794 922 3850 omniuo
972 3802 1171 3856 novissimorum
1194 3802 1291 3871 scripta
1314 3811 1375 3856 sam
1401 3802 1430 3858 ιη
1454 3801 1537 3856 vertis
1566 3801 1681 3857 Natta„
1711 3816 1765 3873 ρη-

134 3900 337 3947 commemorat.
362 3888 417 3943 Nee
436 3902 548 3958 prorsus
561 3886 691 3951 occurrit,
707 3885 780 3941 inter
803 3885 818 3925 b
834 3894 923 3955 poste
970 3891 1065 3963 picto,
1081 3900 1105 3945 et
1120 3891 1147 3945 in
1169 3890 1242 3945 libris
1262 3890 1336 3946 Atrio
1351 3891 1494 3946 Silouitis:
1513 3891 1541 3944 iu
1556 3891 1660 3946 risione
1671 3906 1765 3963 qusque

134 3981 207 4036 ricra
221 3976 361 4046 ejusmale
373 3984 461 4050 qesta,
478 3978 549 4047 tqurod
563 3977 653 4031 saltim
672 3976 699 4028 in
717 3975 845 4046 allegoria
858 3976 922 4031 boni
972 3981 1049 4036 Addo
1063 3982 1173 4036 uideatis
1191 3990 1283 4037 comm
1304 3981 1473 4037 Hieroboam.
1497 3980 1554 4036 llos
1582 3980 1673 4038 libros
1692 3980 1765 4037 natm

133 4070 234 4141 aliquid
245 4067 396 4138 significent
411 4085 418 4121 s
434 4067 498 4121 binc
509 4064 568 4133 ejus
580 4064 667 4119 neruda
682 4065 849 4131 submersio;
868 4064 922 4121 nisi
972 4086 1115 4142 nusquam,
1131 4086 1219 4142 neque
1241 4073 1311 4143 apud
1329 4072 1403 4143 ipsos
1417 4071 1545 4127 liebraeos
1558 4071 1680 4127 inveniri
1692 4082 1766 4142 pour

136 4162 206 4216 torte
220 4160 281 4227 quis
294 4158 369 4212 client
379 4156 506 4212 mulieres
520 4154 695 4226 alienigenas,
707 4168 821 4223 quarum
832 4169 924 4211 amoro
973 4171 1145 4230 asseverant3
1178 4166 1248 4219 sicut
1272 4180 1323 4220 nec
1347 4164 1446 4220 librum
1471 4163 1607 4221 Bellorum
1640 4162 1764 4226 Domini,

137 4253 330 4319 deceptusest,
346 4245 513 4316 significasse
527 4245 628 4300 electas
642 4244 778 4300 Ecclesias
792 4244 825 4299 de
839 4245 926 4314 genti-
974 4253 1049 4324 cujus
1070 4256 1099 4311 i„
1122 4255 1192 4313 libro
1216 4256 1395 4312 numerosum
1424 4255 1526 4311 mentio
1546 4262 1589 4311 ρει
1616 4252 1763 4328 (ημιιμ

136 4343 196 4395 bus.
213 4338 307 4392 Posset
317 4337 390 4392 euim
403 4335 519 4391 tortasse
530 4337 583 4391 boc
594 4351 647 4391 uon
664 4334 780 4391 absurde
792 4335 921 4408 intelligi,
935 4374 962 4435 D
975 4361 1063 4418 neque
1084 4346 1183 4402 lippum
1202 4345 1342 4403 tuscorum
1363 4346 1431 4418 (ιω,
1445 4363 1478 4408 ¹,
1505 4344 1549 4414 13)
1572 4363 1580 4399 :
1600 4358 1693 4415 nem„
1709 4358 1764 4399 w.

133 4431 156 4488 ⁵5
169 4430 221 4485 1¹¹ae
232 4436 344 4500 propter
357 4426 530 4482 Sil⁰m⁰¹¹⁰m
545 4426 703 4481 (Ιθὸθῑθΐθῐιῑ
717 4425 782 4480 ‘¹0⁰⁸
796 4440 877 4491 ⁵⁰⁰⁸·
895 4434 922 4481 0²
974 4438 1048 4493 mina
1060 4438 1213 4494 Salomonis
1226 4454 1234 4493 ι
1249 4454 1336 4508 neque
1347 4437 1543 4509 disputationes
1554 4435 1616 4507 ejus
1629 4432 1765 4507 sapientis·

135 4521 256 4579 colerent
267 4521 351 4575 boum
364 4518 432 4588 ejus.
444 4516 511 4572 Cum
532 4532 597 4573 uero
610 4518 667 4588 ipse
680 4526 790 4588 propter
802 4517 862 4573 illas
880 4517 922 4574 ot-
974 4532 1056 4587 simas
1076 4531 1110 4586 (ιθ
1131 4531 1266 4602 lignorum
1286 4538 1393 4600 natum,
1412 4529 1616 4601 herbarumque
1635 4526 1764 4587 omnium,

135 4614 221 4673 [11111111
240 4615 325 4669 Qum
346 4627 435 4675 surim,
449 4618 477 4665 θῑ
492 4611 576 4667 0011111
596 4610 661 4667 (1008
682 4624 784 4671 darum,
807 4624 861 4663 11011
880 4618 923 4665 OS!
973 4623 1092 4693 itemque
1110 4622 1306 4694 jumentorum,
1328 4620 1478 4686 volucrum,
1500 4617 1657 4688 reptilium,
1681 4624 1710 4673 el
1728 4614 1764 4687 β·

134 4707 274 4779 quidinde
291 4706 354 4762 boni
376 4703 472 4772 conjici
486 4704 587 4772 possim
601 4718 650 4757 nee
665 4711 754 4756 tanuen
766 4701 833 4756 nihil
853 4702 923 4756 arbi·
974 4713 1073 4778 scium,
1091 4712 1132 4768 ppt
1145 4713 1216 4783 quoq
1234 4713 1290 4781 jam
1310 4728 1342 4768 ex
1362 4711 1430 4767 pbm
1445 4710 1521 4765 „erpa
1536 4708 1642 4764 mmm,
1657 4704 1765 4779 pmmp.

135 4797 263 4854 trandum
277 4805 320 4851 est
339 4795 403 4850 boni
424 4793 527 4861 aliquid
543 4792 697 4862 siguificare
719 4792 855 4862 putuisse,
873 4792 922 4847 sed
974 4803 1208 4871 n1u5‚ubjd50112
1224 4802 1334 4875 1331qu
1349 4818 1408 4858 „m
1426 4817 1505 4872 opera
1525 4797 1682 4865 salomouis
1698 4796 1764 4871 pric-

135 4889 252 4955 msslflmi
275 4893 386 4958 apparet
407 4885 479 4939 enlm
493 4883 522 4937 ¹¹¹
543 4897 657 4952 llei⁸⁰¹¹³
677 4881 757 4951 huius
772 4881 924 4940 Sal⁰ffl01¹i⁵
974 4911 1044 4961 ruas,
1064 4905 1088 4949 ct
1108 4895 1308 4949 notissimorum
1321 4894 1418 4965 scriptu
1434 4900 1495 4948 sumt
1511 4892 1539 4945 irs
1557 4890 1644 4945 cerlis
1660 4888 1765 4943 Notior

136 4978 204 5032 mira
217 4974 388 5037 excellentia,
403 4981 430 5026 et
442 4972 583 5028 subversio
598 4971 735 5027 terribilis.
753 4972 830 5040 Quod
841 4974 925 5045 igitur
975 4981 1124 5057 Proplrctu,
1139 4986 1165 5040 iu
1183 4984 1254 5040 libris
1269 4985 1343 5041 dirim
1358 4983 1487 5050 Siiouitis,
1508 4984 1536 5038 irr
1557 4982 1657 5038 cirione
1669 4992 1765 5053 quoqm

136 5066 164 5119 iu
183 5064 230 5120 illo
244 5063 359 5119 diuersis
371 5062 537 5131 temporibus
549 5061 663 5127 exstitit,
678 5062 881 5131 priusbonum,
896 5074 926 5120 et
975 5074 1051 5129 Addo
1070 5075 1181 5129 „spemn
1200 5083 1292 5129 comm
1313 5073 1471 5128 Hieroboam
1490 5072 1576 5144 fitium
1598 5070 1722 5134 Nattae,
1740 5074 1765 5121 ει

136 5155 272 5226 Melini
285 5153 397 5219 malum,
413 5153 464 5208 ¹¹⁰⁰
478 5152 505 5206 111
518 5151 638 5207 Εθθῑθθῑῢ
652 5151 679 5205 1¹¹
694 5151 746 5207 ¹⁸¹⁰
767 5152 856 5209 adhuc
874 5169 924 5210 san.
976 5166 1061 5222 multa
1084 5166 1238 5239 hujusmodi
1253 5167 1399 5232 uolumina,
1420 5181 1481 5239 qum
1501 5162 1646 5236 Scriptura
1661 5162 1764 5234 quiden

172 5346 185 5376 ι
203 5333 266 5390 uaec
284 5334 408 5406 perquire
437 5346 495 5455 cufi.
512 5330 529 5385 6
546 5330 640 5387 isidori
661 5331 687 5386 in
708 5331 740 5387 lll
757 5331 859 5403 Regium
874 5355 880 5389 ε
898 5337 925 5391 in
979 5341 1010 5396 111
1031 5342 1113 5413 lteg.;
1134 5352 1161 5397 ει
1175 5342 1288 5399 tortasse
1308 5343 1391 5399 etiarn
1412 5342 1606 5413 subsequentia
1622 5357 1659 5399 ex
1675 5342 1765 5399 mileu

138 5405 455 5474 cornmentariisqunque
491 5401 570 5457 alcuni
586 5401 611 5455 in
627 5403 714 5457 loeium
727 5403 808 5459 bum.
978 5410 1080 5467 isidoro
1101 5414 1239 5482 desumpta
1260 5423 1338 5477 sunt;
1359 5414 1407 5468 sed
1419 5412 1499 5483 periit
1518 5427 1613 5482 porro,
1629 5413 1684 5469 nisi
1701 5410 1766 5467 isui-

175 5475 189 5513 ι
207 5473 420 5555 mimatensi,
436 5474 498 5544 quid
514 5471 605 5526 saltem
620 5473 647 5525 in
663 5472 799 5543 otieqoriu.
978 5497 1050 5548 artur,
1065 5483 1167 5552 reliqua
1179 5499 1243 5552 pars
1254 5483 1515 5540 Commentariorum
1531 5481 1638 5547 isidori,
1650 5498 1713 5555 quse
1724 5480 1766 5537 bic

176 5552 187 5582 t
204 5541 289 5605 Edit,
306 5545 425 5597 simma.
978 5551 1117 5622 allegatur.

173 5609 187 5650 d
208 5609 351 5682 ilesumpta
371 5621 433 5666 suut
455 5612 512 5667 bue
531 5627 563 5666 ex
587 5627 646 5681 rap.
668 5614 693 5667 l.
714 5612 809 5668 isidori
829 5613 856 5668 in
876 5613 922 5668 lib.
