<?xml version="1.0" encoding="UTF-8"?>
<!DOCTYPE html PUBLIC "-//W3C//DTD XHTML 1.0 Transitional//EN"
    "http://www.w3.org/TR/xhtml1/DTD/xhtml1-transitional.dtd">
<html xmlns="http://www.w3.org/1999/xhtml" xml:lang="en" lang="en">
 <head>
  <title>
</title>
<meta http-equiv="Content-Type" content="text/html;charset=utf-8" />
  <meta name='ocr-system' content='tesseract 3.04.00' />
  <meta name='ocr-capabilities' content='ocr_page ocr_carea ocr_par ocr_line ocrx_word'/>
</head>
<body>
  <div class='ocr_page' id='page_1' title='image "./patrologiaecurs103migngoog/patrologiaecurs103migngoog_0307.png"; bbox 0 0 3832 6120; ppageno 0'>
   <div class='ocr_carea' id='block_1_1' title="bbox 128 260 1776 336">
    <p class='ocr_par' dir='ltr' id='par_1_1' title="bbox 128 260 1776 336">
     <span class='ocr_line' id='line_1_1' title="bbox 128 260 1776 336; baseline -0.008 -2"><span class='ocrx_word' id='word_1_1' title='bbox 128 278 183 336; x_wconf 71' lang='grc'><strong>1199</strong></span> <span class='ocrx_word' id='word_1_2' title='bbox 765 270 953 332; x_wconf 69' lang='lat' dir='ltr'><strong>betullattbl</strong></span> <span class='ocrx_word' id='word_1_3' title='bbox 972 270 1118 328; x_wconf 77' lang='lat' dir='ltr'><strong>tuentis</strong></span> <span class='ocrx_word' id='word_1_4' title='bbox 1716 260 1776 321; x_wconf 62' lang='lat' dir='ltr'><strong>tm</strong></span> 
     </span>
    </p>
   </div>
   <div class='ocr_carea' id='block_1_2' title="bbox 128 375 1795 5466">
    <p class='ocr_par' dir='ltr' id='par_1_2' title="bbox 128 375 1795 5466">
     <span class='ocr_line' id='line_1_2' title="bbox 128 375 1555 467; baseline -0.015 -14"><span class='ocrx_word' id='word_1_5' title='bbox 128 399 251 467; x_wconf 81' lang='lat' dir='ltr'><strong>Cumque</strong></span> <span class='ocrx_word' id='word_1_6' title='bbox 262 395 298 451; x_wconf 92' lang='lat' dir='ltr'><strong>ibi</strong></span> <span class='ocrx_word' id='word_1_7' title='bbox 316 408 369 449; x_wconf 89' lang='lat' dir='ltr'><strong>non</strong></span> <span class='ocrx_word' id='word_1_8' title='bbox 384 398 506 462; x_wconf 86' lang='lat' dir='ltr'><strong>repertos</strong></span> <span class='ocrx_word' id='word_1_9' title='bbox 516 390 667 447; x_wconf 86' lang='lat' dir='ltr'><strong>relerentes</strong></span> <span class='ocrx_word' id='word_1_10' title='bbox 681 391 813 454; x_wconf 88' lang='lat' dir='ltr'><strong>dicerent,</strong></span> <span class='ocrx_word' id='word_1_11' title='bbox 939 391 965 445; x_wconf 83' lang='grc' dir='ltr'><strong>Α</strong></span> <span class='ocrx_word' id='word_1_12' title='bbox 980 383 1080 438; x_wconf 81' lang='lat' dir='ltr'><strong>bocum</strong></span> <span class='ocrx_word' id='word_1_13' title='bbox 1092 398 1146 437; x_wconf 78' lang='lat' dir='ltr'><strong>sum</strong></span> <span class='ocrx_word' id='word_1_14' title='bbox 1157 380 1274 450; x_wconf 83' lang='lat' dir='ltr'><strong>passioni</strong></span> <span class='ocrx_word' id='word_1_15' title='bbox 1288 377 1430 447; x_wconf 75' lang='lat' dir='ltr'><strong>largiorem</strong></span> <span class='ocrx_word' id='word_1_16' title='bbox 1442 375 1555 431; x_wconf 82' lang='lat' dir='ltr'><strong>iaciunt</strong></span> 
     </span>
     <span class='ocr_line' id='line_1_3' title="bbox 129 465 1708 557; baseline -0.004 -29"><span class='ocrx_word' id='word_1_17' title='bbox 129 490 170 545; x_wconf 56' lang='lat' dir='ltr'><strong>pre</strong></span> <span class='ocrx_word' id='word_1_18' title='bbox 177 487 270 557; x_wconf 59' lang='lat' dir='ltr'><strong>jussit,</strong></span> <span class='ocrx_word' id='word_1_19' title='bbox 285 494 314 541; x_wconf 57' lang='grc' dir='ltr'><strong>οι</strong></span> <span class='ocrx_word' id='word_1_20' title='bbox 332 481 744 550; x_wconf 60' lang='lat' dir='ltr'><strong>,dqucp‚unqcum,trrp0m10‚</strong></span> <span class='ocrx_word' id='word_1_21' title='bbox 978 471 1045 526; x_wconf 82' lang='lat' dir='ltr'><strong>Naar</strong></span> <span class='ocrx_word' id='word_1_22' title='bbox 1060 483 1086 526; x_wconf 88' lang='lat' dir='ltr'><strong>et</strong></span> <span class='ocrx_word' id='word_1_23' title='bbox 1102 471 1193 540; x_wconf 89' lang='lat' dir='ltr'><strong>spinas</strong></span> <span class='ocrx_word' id='word_1_24' title='bbox 1205 480 1287 538; x_wconf 88' lang='lat' dir='ltr'><strong>atque</strong></span> <span class='ocrx_word' id='word_1_25' title='bbox 1303 481 1400 538; x_wconf 90' lang='lat' dir='ltr'><strong>vepres</strong></span> <span class='ocrx_word' id='word_1_26' title='bbox 1410 465 1565 522; x_wconf 85' lang='lat' dir='ltr'><strong>evellebant</strong></span> <span class='ocrx_word' id='word_1_27' title='bbox 1574 465 1708 522; x_wconf 76' lang='lat' dir='ltr'><strong>manibus</strong></span> 
     </span>
     <span class='ocr_line' id='line_1_4' title="bbox 129 556 1706 650; baseline -0.013 -18"><span class='ocrx_word' id='word_1_28' title='bbox 129 581 195 650; x_wconf 80' lang='lat' dir='ltr'><strong>Ejus</strong></span> <span class='ocrx_word' id='word_1_29' title='bbox 208 589 317 648; x_wconf 87' lang='lat' dir='ltr'><strong>quoque</strong></span> <span class='ocrx_word' id='word_1_30' title='bbox 331 574 485 641; x_wconf 86' lang='lat' dir='ltr'><strong>rnrrlierem,</strong></span> <span class='ocrx_word' id='word_1_31' title='bbox 500 580 681 646; x_wconf 88' lang='lat' dir='ltr'><strong>cognomento</strong></span> <span class='ocrx_word' id='word_1_32' title='bbox 692 571 851 635; x_wconf 85' lang='lat' dir='ltr'><strong>Candidam,</strong></span> <span class='ocrx_word' id='word_1_33' title='bbox 978 562 1034 636; x_wconf 88' lang='lat' dir='ltr'><strong>lpsi</strong></span> <span class='ocrx_word' id='word_1_34' title='bbox 1051 563 1118 628; x_wconf 90' lang='lat' dir='ltr'><strong>suis,</strong></span> <span class='ocrx_word' id='word_1_35' title='bbox 1129 570 1160 616; x_wconf 90' lang='lat' dir='ltr'><strong>ut</strong></span> <span class='ocrx_word' id='word_1_36' title='bbox 1171 559 1310 631; x_wconf 82' lang='lat' dir='ltr'><strong>purgando</strong></span> <span class='ocrx_word' id='word_1_37' title='bbox 1321 567 1422 614; x_wconf 87' lang='lat' dir='ltr'><strong>terram</strong></span> <span class='ocrx_word' id='word_1_38' title='bbox 1432 571 1529 627; x_wconf 86' lang='lat' dir='ltr'><strong>puram</strong></span> <span class='ocrx_word' id='word_1_39' title='bbox 1544 556 1706 623; x_wconf 79' lang='lat' dir='ltr'><strong>redderent,</strong></span> 
     </span>
     <span class='ocr_line' id='line_1_5' title="bbox 129 647 1715 741; baseline -0.013 -19"><span class='ocrx_word' id='word_1_40' title='bbox 129 670 217 738; x_wconf 76' lang='lat' dir='ltr'><strong>Atque</strong></span> <span class='ocrx_word' id='word_1_41' title='bbox 227 673 320 722; x_wconf 83' lang='lat' dir='ltr'><strong>natam</strong></span> <span class='ocrx_word' id='word_1_42' title='bbox 330 663 500 728; x_wconf 88' lang='lat' dir='ltr'><strong>eommdem,</strong></span> <span class='ocrx_word' id='word_1_43' title='bbox 520 672 705 741; x_wconf 79' lang='lat' dir='ltr'><strong>nuncupatam</strong></span> <span class='ocrx_word' id='word_1_44' title='bbox 717 661 853 730; x_wconf 87' lang='lat' dir='ltr'><strong>virginem</strong></span> <span class='ocrx_word' id='word_1_45' title='bbox 978 662 1092 714; x_wconf 85' lang='lat' dir='ltr'><strong>Sacrum</strong></span> <span class='ocrx_word' id='word_1_46' title='bbox 1103 661 1164 710; x_wconf 91' lang='lat' dir='ltr'><strong>erat</strong></span> <span class='ocrx_word' id='word_1_47' title='bbox 1176 666 1237 722; x_wconf 78' lang='lat' dir='ltr'><strong>quae</strong></span> <span class='ocrx_word' id='word_1_48' title='bbox 1250 649 1357 705; x_wconf 87' lang='lat' dir='ltr'><strong>illomm</strong></span> <span class='ocrx_word' id='word_1_49' title='bbox 1373 656 1521 717; x_wconf 81' lang='lat' dir='ltr'><strong>exceptura</strong></span> <span class='ocrx_word' id='word_1_50' title='bbox 1535 647 1715 719; x_wconf 85' lang='lat' dir='ltr'><strong>sanguinem.</strong></span> 
     </span>
     <span class='ocr_line' id='line_1_6' title="bbox 130 737 1690 830; baseline -0.013 -16"><span class='ocrx_word' id='word_1_51' title='bbox 130 760 168 814; x_wconf 84' lang='lat' dir='ltr'><strong>ue</strong></span> <span class='ocrx_word' id='word_1_52' title='bbox 181 774 234 830; x_wconf 90' lang='lat' dir='ltr'><strong>qua</strong></span> <span class='ocrx_word' id='word_1_53' title='bbox 248 758 347 815; x_wconf 87' lang='lat' dir='ltr'><strong>Petms</strong></span> <span class='ocrx_word' id='word_1_54' title='bbox 358 757 496 813; x_wconf 80' lang='lat' dir='ltr'><strong>exorcista</strong></span> <span class='ocrx_word' id='word_1_55' title='bbox 507 755 659 812; x_wconf 76' lang='lat' dir='ltr'><strong>daemonem</strong></span> <span class='ocrx_word' id='word_1_56' title='bbox 667 754 819 825; x_wconf 79' lang='lat' dir='ltr'><strong>expulerat,</strong></span> <span class='ocrx_word' id='word_1_57' title='bbox 978 751 1054 805; x_wconf 80' lang='lat' dir='ltr'><strong>Turre</strong></span> <span class='ocrx_word' id='word_1_58' title='bbox 1064 756 1184 807; x_wconf 86' lang='lat' dir='ltr'><strong>orantes,</strong></span> <span class='ocrx_word' id='word_1_59' title='bbox 1197 751 1278 811; x_wconf 90' lang='lat' dir='ltr'><strong>atque</strong></span> <span class='ocrx_word' id='word_1_60' title='bbox 1289 740 1365 809; x_wconf 80' lang='lat' dir='ltr'><strong>pacis</strong></span> <span class='ocrx_word' id='word_1_61' title='bbox 1380 737 1431 794; x_wconf 89' lang='lat' dir='ltr'><strong>sibi</strong></span> <span class='ocrx_word' id='word_1_62' title='bbox 1443 739 1539 794; x_wconf 89' lang='lat' dir='ltr'><strong>dantes</strong></span> <span class='ocrx_word' id='word_1_63' title='bbox 1549 737 1690 804; x_wconf 74' lang='lat' dir='ltr'><strong>osculum,</strong></span> 
     </span>
     <span class='ocr_line' id='line_1_7' title="bbox 129 826 1670 918; baseline -0.011 -19"><span class='ocrx_word' id='word_1_64' title='bbox 129 847 164 901; x_wconf 77' lang='lat' dir='ltr'><strong>Et</strong></span> <span class='ocrx_word' id='word_1_65' title='bbox 174 854 329 918; x_wconf 74' lang='lat' dir='ltr'><strong>purgatam,</strong></span> <span class='ocrx_word' id='word_1_66' title='bbox 348 844 404 916; x_wconf 91' lang='lat' dir='ltr'><strong>regi</strong></span> <span class='ocrx_word' id='word_1_67' title='bbox 415 843 525 901; x_wconf 85' lang='lat' dir='ltr'><strong>Christo</strong></span> <span class='ocrx_word' id='word_1_68' title='bbox 537 843 675 900; x_wconf 75' lang='lat' dir='ltr'><strong>credulam</strong></span> <span class='ocrx_word' id='word_1_69' title='bbox 688 842 853 898; x_wconf 74' lang='lat' dir='ltr'><strong>reddiderat.</strong></span> <span class='ocrx_word' id='word_1_70' title='bbox 977 840 1053 895; x_wconf 83' lang='lat' dir='ltr'><strong>Genu</strong></span> <span class='ocrx_word' id='word_1_71' title='bbox 1066 836 1145 897; x_wconf 82' lang='lat' dir='ltr'><strong>llexo,</strong></span> <span class='ocrx_word' id='word_1_72' title='bbox 1158 846 1346 902; x_wconf 82' lang='lat' dir='ltr'><strong>percussorem</strong></span> <span class='ocrx_word' id='word_1_73' title='bbox 1359 828 1496 900; x_wconf 87' lang='lat' dir='ltr'><strong>patienter</strong></span> <span class='ocrx_word' id='word_1_74' title='bbox 1507 826 1670 898; x_wconf 85' lang='lat' dir='ltr'><strong>perierunt,</strong></span> 
     </span>
     <span class='ocr_line' id='line_1_8' title="bbox 132 918 1709 997; baseline -0.012 -7"><span class='ocrx_word' id='word_1_75' title='bbox 132 935 187 992; x_wconf 90' lang='lat' dir='ltr'><strong>llos</strong></span> <span class='ocrx_word' id='word_1_76' title='bbox 202 936 334 993; x_wconf 86' lang='lat' dir='ltr'><strong>addactos</strong></span> <span class='ocrx_word' id='word_1_77' title='bbox 348 934 393 990; x_wconf 88' lang='lat' dir='ltr'><strong>illc</strong></span> <span class='ocrx_word' id='word_1_78' title='bbox 406 934 475 989; x_wconf 80' lang='lat' dir='ltr'><strong>unci</strong></span> <span class='ocrx_word' id='word_1_79' title='bbox 491 934 605 995; x_wconf 84' lang='lat' dir='ltr'><strong>intuitus</strong></span> <span class='ocrx_word' id='word_1_80' title='bbox 617 932 711 996; x_wconf 85' lang='lat' dir='ltr'><strong>oculo,</strong></span> <span class='ocrx_word' id='word_1_81' title='bbox 977 930 1017 983; x_wconf 84' lang='lat' dir='ltr'><strong>lle</strong></span> <span class='ocrx_word' id='word_1_82' title='bbox 1029 927 1148 997; x_wconf 78' lang='lat' dir='ltr'><strong>projecta</strong></span> <span class='ocrx_word' id='word_1_83' title='bbox 1168 921 1242 993; x_wconf 90' lang='lat' dir='ltr'><strong>gravi</strong></span> <span class='ocrx_word' id='word_1_84' title='bbox 1256 928 1352 991; x_wconf 83' lang='lat' dir='ltr'><strong>petum</strong></span> <span class='ocrx_word' id='word_1_85' title='bbox 1367 918 1467 974; x_wconf 64' lang='lat' dir='ltr'><strong>muru</strong></span> <span class='ocrx_word' id='word_1_86' title='bbox 1478 918 1570 973; x_wconf 83' lang='lat' dir='ltr'><strong>carnis</strong></span> <span class='ocrx_word' id='word_1_87' title='bbox 1583 918 1709 973; x_wconf 77' lang='lat' dir='ltr'><strong>sarcina.</strong></span> 
     </span>
     <span class='ocr_line' id='line_1_9' title="bbox 133 1009 1783 1097; baseline -0.007 -20"><span class='ocrx_word' id='word_1_88' title='bbox 133 1026 189 1080; x_wconf 88' lang='lat' dir='ltr'><strong>biis</strong></span> <span class='ocrx_word' id='word_1_89' title='bbox 197 1025 291 1097; x_wconf 77' lang='lat' dir='ltr'><strong>iussit,</strong></span> <span class='ocrx_word' id='word_1_90' title='bbox 305 1025 389 1080; x_wconf 88' lang='lat' dir='ltr'><strong>immo</strong></span> <span class='ocrx_word' id='word_1_91' title='bbox 408 1024 486 1080; x_wconf 89' lang='lat' dir='ltr'><strong>tetris</strong></span> <span class='ocrx_word' id='word_1_92' title='bbox 499 1032 528 1079; x_wconf 94' lang='lat' dir='ltr'><strong>ut</strong></span> <span class='ocrx_word' id='word_1_93' title='bbox 540 1023 653 1078; x_wconf 87' lang='lat' dir='ltr'><strong>litarent</strong></span> <span class='ocrx_word' id='word_1_94' title='bbox 665 1021 785 1085; x_wconf 89' lang='lat' dir='ltr'><strong>larvulis,</strong></span> <span class='ocrx_word' id='word_1_95' title='bbox 978 1024 1099 1088; x_wconf 77' lang='lat' dir='ltr'><strong>Quor-orn</strong></span> <span class='ocrx_word' id='word_1_96' title='bbox 1113 1017 1187 1087; x_wconf 86' lang='lat' dir='ltr'><strong>ipsc,</strong></span> <span class='ocrx_word' id='word_1_97' title='bbox 1205 1014 1250 1084; x_wconf 89' lang='lat' dir='ltr'><strong>qui</strong></span> <span class='ocrx_word' id='word_1_98' title='bbox 1263 1012 1373 1069; x_wconf 87' lang='lat' dir='ltr'><strong>eosdem</strong></span> <span class='ocrx_word' id='word_1_99' title='bbox 1391 1025 1505 1083; x_wconf 84' lang='lat' dir='ltr'><strong>magnos</strong></span> <span class='ocrx_word' id='word_1_100' title='bbox 1518 1009 1622 1066; x_wconf 82' lang='lat' dir='ltr'><strong>Glaristi</strong></span> <span class='ocrx_word' id='word_1_101' title='bbox 1639 1017 1783 1082; x_wconf 75' lang='lat' dir='ltr'><strong>martyres</strong></span> 
     </span>
     <span class='ocr_line' id='line_1_10' title="bbox 130 1102 1655 1187; baseline -0.008 -18"><span class='ocrx_word' id='word_1_102' title='bbox 130 1118 220 1187; x_wconf 72' lang='lat' dir='ltr'><strong>Atque</strong></span> <span class='ocrx_word' id='word_1_103' title='bbox 231 1130 340 1171; x_wconf 87' lang='lat' dir='ltr'><strong>sacram</strong></span> <span class='ocrx_word' id='word_1_104' title='bbox 353 1113 456 1171; x_wconf 86' lang='lat' dir='ltr'><strong>Christi</strong></span> <span class='ocrx_word' id='word_1_105' title='bbox 471 1114 551 1170; x_wconf 86' lang='lat' dir='ltr'><strong>iidem</strong></span> <span class='ocrx_word' id='word_1_106' title='bbox 567 1114 725 1185; x_wconf 88' lang='lat' dir='ltr'><strong>abnegando</strong></span> <span class='ocrx_word' id='word_1_107' title='bbox 744 1113 908 1183; x_wconf 85' lang='lat' dir='ltr'><strong>linquerent.</strong></span> <span class='ocrx_word' id='word_1_108' title='bbox 978 1113 1063 1166; x_wconf 85' lang='lat' dir='ltr'><strong>Ferro</strong></span> <span class='ocrx_word' id='word_1_109' title='bbox 1072 1111 1165 1181; x_wconf 83' lang='lat' dir='ltr'><strong>jussus</strong></span> <span class='ocrx_word' id='word_1_110' title='bbox 1174 1105 1317 1177; x_wconf 81' lang='lat' dir='ltr'><strong>jugulavit,</strong></span> <span class='ocrx_word' id='word_1_111' title='bbox 1332 1119 1362 1159; x_wconf 91' lang='lat' dir='ltr'><strong>se</strong></span> <span class='ocrx_word' id='word_1_112' title='bbox 1375 1103 1476 1159; x_wconf 85' lang='lat' dir='ltr'><strong>vidisse</strong></span> <span class='ocrx_word' id='word_1_113' title='bbox 1486 1102 1576 1158; x_wconf 67' lang='lat' dir='ltr'><strong>msere</strong></span> <span class='ocrx_word' id='word_1_114' title='bbox 1592 1112 1655 1169; x_wconf 90' lang='lat' dir='ltr'><strong>est,</strong></span> 
     </span>
     <span class='ocr_line' id='line_1_11' title="bbox 133 1194 1614 1276; baseline -0.007 -16"><span class='ocrx_word' id='word_1_115' title='bbox 133 1207 243 1262; x_wconf 78' lang='lat' dir='ltr'><strong>Etcum</strong></span> <span class='ocrx_word' id='word_1_116' title='bbox 257 1204 327 1261; x_wconf 92' lang='lat' dir='ltr'><strong>nolle</strong></span> <span class='ocrx_word' id='word_1_117' title='bbox 337 1205 502 1276; x_wconf 74' lang='lat' dir='ltr'><strong>pervidisset</strong></span> <span class='ocrx_word' id='word_1_118' title='bbox 513 1205 647 1274; x_wconf 84' lang='lat' dir='ltr'><strong>imperata</strong></span> <span class='ocrx_word' id='word_1_119' title='bbox 658 1202 760 1267; x_wconf 84' lang='lat' dir='ltr'><strong>lacere,</strong></span> <span class='ocrx_word' id='word_1_120' title='bbox 978 1201 1077 1257; x_wconf 63' lang='lat' dir='ltr'><strong>(laniis</strong></span> <span class='ocrx_word' id='word_1_121' title='bbox 1088 1199 1185 1255; x_wconf 88' lang='lat' dir='ltr'><strong>vinclis</strong></span> <span class='ocrx_word' id='word_1_122' title='bbox 1196 1196 1334 1252; x_wconf 89' lang='lat' dir='ltr'><strong>absolutos</strong></span> <span class='ocrx_word' id='word_1_123' title='bbox 1348 1194 1471 1251; x_wconf 76' lang='lat' dir='ltr'><strong>evolasse</strong></span> <span class='ocrx_word' id='word_1_124' title='bbox 1483 1195 1614 1266; x_wconf 84' lang='lat' dir='ltr'><strong>spiritus,</strong></span> 
     </span>
     <span class='ocr_line' id='line_1_12' title="bbox 132 1286 1645 1368; baseline -0.005 -19"><span class='ocrx_word' id='word_1_125' title='bbox 132 1295 216 1353; x_wconf 87' lang='lat' dir='ltr'><strong>lussit</strong></span> <span class='ocrx_word' id='word_1_126' title='bbox 229 1311 317 1352; x_wconf 75' lang='lat' dir='ltr'><strong>saevus</strong></span> <span class='ocrx_word' id='word_1_127' title='bbox 331 1302 359 1352; x_wconf 89' lang='lat' dir='ltr'><strong>ut</strong></span> <span class='ocrx_word' id='word_1_128' title='bbox 372 1297 399 1351; x_wconf 93' lang='lat' dir='ltr'><strong>in</strong></span> <span class='ocrx_word' id='word_1_129' title='bbox 416 1306 428 1336; x_wconf 79' lang='lat'><strong>¹</strong></span> <span class='ocrx_word' id='word_1_130' title='bbox 440 1296 544 1367; x_wconf 89' lang='lat' dir='ltr'><strong>ingenti</strong></span> <span class='ocrx_word' id='word_1_131' title='bbox 559 1296 688 1351; x_wconf 88' lang='lat' dir='ltr'><strong>ruderum</strong></span> <span class='ocrx_word' id='word_1_132' title='bbox 701 1296 838 1368; x_wconf 78' lang='lat' dir='ltr'><strong>congerie,</strong></span> <span class='ocrx_word' id='word_1_133' title='bbox 979 1293 1078 1348; x_wconf 81' lang='lat' dir='ltr'><strong>l&#39;ornra</strong></span> <span class='ocrx_word' id='word_1_134' title='bbox 1092 1290 1171 1362; x_wconf 91' lang='lat' dir='ltr'><strong>qnasi</strong></span> <span class='ocrx_word' id='word_1_135' title='bbox 1181 1288 1323 1359; x_wconf 91' lang='lat' dir='ltr'><strong>virginali,</strong></span> <span class='ocrx_word' id='word_1_136' title='bbox 1339 1295 1426 1342; x_wconf 89' lang='lat' dir='ltr'><strong>tectos</strong></span> <span class='ocrx_word' id='word_1_137' title='bbox 1440 1296 1516 1342; x_wconf 88' lang='lat' dir='ltr'><strong>veste</strong></span> <span class='ocrx_word' id='word_1_138' title='bbox 1529 1286 1645 1357; x_wconf 60' lang='lat' dir='ltr'><strong>lugitis,</strong></span> 
     </span>
     <span class='ocr_line' id='line_1_13' title="bbox 132 1378 1685 1458; baseline -0.005 -15"><span class='ocrx_word' id='word_1_139' title='bbox 132 1388 206 1443; x_wconf 80' lang='lat' dir='ltr'><strong>llore</strong></span> <span class='ocrx_word' id='word_1_140' title='bbox 221 1388 308 1458; x_wconf 87' lang='lat' dir='ltr'><strong>pressi</strong></span> <span class='ocrx_word' id='word_1_141' title='bbox 324 1387 478 1452; x_wconf 82' lang='lat' dir='ltr'><strong>noxiorum,</strong></span> <span class='ocrx_word' id='word_1_142' title='bbox 493 1395 658 1443; x_wconf 87' lang='lat' dir='ltr'><strong>necarentur</strong></span> <span class='ocrx_word' id='word_1_143' title='bbox 671 1388 784 1458; x_wconf 89' lang='lat' dir='ltr'><strong>pariter.</strong></span> <span class='ocrx_word' id='word_1_144' title='bbox 978 1386 1053 1439; x_wconf 80' lang='lat' dir='ltr'><strong>Auro</strong></span> <span class='ocrx_word' id='word_1_145' title='bbox 1067 1397 1176 1454; x_wconf 89' lang='lat' dir='ltr'><strong>qnoque</strong></span> <span class='ocrx_word' id='word_1_146' title='bbox 1189 1381 1326 1436; x_wconf 84' lang='lat' dir='ltr'><strong>radiantes</strong></span> <span class='ocrx_word' id='word_1_147' title='bbox 1336 1395 1369 1434; x_wconf 91' lang='lat' dir='ltr'><strong>ac</strong></span> <span class='ocrx_word' id='word_1_148' title='bbox 1378 1393 1548 1449; x_wconf 87' lang='lat' dir='ltr'><strong>gemmarum</strong></span> <span class='ocrx_word' id='word_1_149' title='bbox 1561 1378 1685 1444; x_wconf 76' lang='lat' dir='ltr'><strong>leonae,</strong></span> 
     </span>
     <span class='ocr_line' id='line_1_14' title="bbox 132 1468 1685 1549; baseline -0.005 -15"><span class='ocrx_word' id='word_1_150' title='bbox 132 1479 257 1547; x_wconf 78' lang='lat' dir='ltr'><strong>Quicum</strong></span> <span class='ocrx_word' id='word_1_151' title='bbox 272 1479 354 1534; x_wconf 91' lang='lat' dir='ltr'><strong>vincti</strong></span> <span class='ocrx_word' id='word_1_152' title='bbox 370 1478 535 1535; x_wconf 84' lang='lat' dir='ltr'><strong>ducerentur</strong></span> <span class='ocrx_word' id='word_1_153' title='bbox 548 1479 619 1533; x_wconf 90' lang='lat' dir='ltr'><strong>viam</strong></span> <span class='ocrx_word' id='word_1_154' title='bbox 630 1494 679 1549; x_wconf 93' lang='lat' dir='ltr'><strong>pcr</strong></span> <span class='ocrx_word' id='word_1_155' title='bbox 692 1478 846 1542; x_wconf 79' lang='lat' dir='ltr'><strong>Aureliam,</strong></span> <span class='ocrx_word' id='word_1_156' title='bbox 978 1474 1143 1546; x_wconf 78' lang='lat' dir='ltr'><strong>Augelomm</strong></span> <span class='ocrx_word' id='word_1_157' title='bbox 1156 1480 1348 1528; x_wconf 75' lang='lat' dir='ltr'><strong>coruscantum</strong></span> <span class='ocrx_word' id='word_1_158' title='bbox 1362 1468 1545 1525; x_wconf 85' lang='lat' dir='ltr'><strong>circumdatos</strong></span> <span class='ocrx_word' id='word_1_159' title='bbox 1557 1470 1685 1539; x_wconf 83' lang='lat' dir='ltr'><strong>agmine,</strong></span> 
     </span>
     <span class='ocr_line' id='line_1_15' title="bbox 134 1558 1635 1640; baseline -0.004 -18"><span class='ocrx_word' id='word_1_160' title='bbox 134 1569 232 1625; x_wconf 79' lang='lat' dir='ltr'><strong>Vident</strong></span> <span class='ocrx_word' id='word_1_161' title='bbox 245 1568 327 1624; x_wconf 84' lang='lat' dir='ltr'><strong>simul</strong></span> <span class='ocrx_word' id='word_1_162' title='bbox 337 1568 522 1625; x_wconf 86' lang='lat' dir='ltr'><strong>llarcelliuum</strong></span> <span class='ocrx_word' id='word_1_163' title='bbox 533 1578 614 1638; x_wconf 90' lang='lat' dir='ltr'><strong>atque</strong></span> <span class='ocrx_word' id='word_1_164' title='bbox 625 1568 736 1624; x_wconf 85' lang='lat' dir='ltr'><strong>Petrum</strong></span> <span class='ocrx_word' id='word_1_165' title='bbox 748 1577 892 1640; x_wconf 77' lang='lat' dir='ltr'><strong>martyres,</strong></span> <span class='ocrx_word' id='word_1_166' title='bbox 979 1564 1159 1621; x_wconf 84' lang='lat' dir='ltr'><strong>Laetabundos</strong></span> <span class='ocrx_word' id='word_1_167' title='bbox 1170 1578 1232 1619; x_wconf 89' lang='lat' dir='ltr'><strong>cum</strong></span> <span class='ocrx_word' id='word_1_168' title='bbox 1246 1563 1378 1618; x_wconf 88' lang='lat' dir='ltr'><strong>immensa</strong></span> <span class='ocrx_word' id='word_1_169' title='bbox 1396 1560 1465 1617; x_wconf 89' lang='lat' dir='ltr'><strong>lucis</strong></span> <span class='ocrx_word' id='word_1_170' title='bbox 1478 1558 1635 1626; x_wconf 78' lang='lat' dir='ltr'><strong>albarernia,</strong></span> 
     </span>
     <span class='ocr_line' id='line_1_16' title="bbox 133 1649 1668 1732; baseline -0.005 -19"><span class='ocrx_word' id='word_1_171' title='bbox 133 1659 166 1713; x_wconf 77' lang='lat' dir='ltr'><strong>lit</strong></span> <span class='ocrx_word' id='word_1_172' title='bbox 176 1675 237 1714; x_wconf 87' lang='lat' dir='ltr'><strong>curn</strong></span> <span class='ocrx_word' id='word_1_173' title='bbox 248 1661 289 1716; x_wconf 88' lang='lat' dir='ltr'><strong>eis</strong></span> <span class='ocrx_word' id='word_1_174' title='bbox 302 1660 414 1715; x_wconf 90' lang='lat' dir='ltr'><strong>multam</strong></span> <span class='ocrx_word' id='word_1_175' title='bbox 429 1660 506 1716; x_wconf 87' lang='lat' dir='ltr'><strong>valde</strong></span> <span class='ocrx_word' id='word_1_176' title='bbox 519 1662 609 1732; x_wconf 91' lang='lat' dir='ltr'><strong>populi</strong></span> <span class='ocrx_word' id='word_1_177' title='bbox 628 1660 820 1730; x_wconf 79' lang='lat' dir='ltr'><strong>frequentiam.</strong></span> <span class='ocrx_word' id='word_1_178' title='bbox 981 1654 1070 1726; x_wconf 86' lang='lat' dir='ltr'><strong>Supra</strong></span> <span class='ocrx_word' id='word_1_179' title='bbox 1087 1662 1185 1710; x_wconf 88' lang='lat' dir='ltr'><strong>cuneta</strong></span> <span class='ocrx_word' id='word_1_180' title='bbox 1197 1652 1366 1724; x_wconf 83' lang='lat' dir='ltr'><strong>penetrando</strong></span> <span class='ocrx_word' id='word_1_181' title='bbox 1378 1650 1451 1706; x_wconf 86' lang='lat' dir='ltr'><strong>celsa</strong></span> <span class='ocrx_word' id='word_1_182' title='bbox 1460 1650 1554 1707; x_wconf 84' lang='lat' dir='ltr'><strong>mundi</strong></span> <span class='ocrx_word' id='word_1_183' title='bbox 1564 1649 1668 1717; x_wconf 88' lang='lat' dir='ltr'><strong>sidera,</strong></span> 
     </span>
     <span class='ocr_line' id='line_1_17' title="bbox 133 1731 1636 1823; baseline -0.005 -18"><span class='ocrx_word' id='word_1_184' title='bbox 133 1751 237 1817; x_wconf 81' lang='lat' dir='ltr'><strong>Quibus</strong></span> <span class='ocrx_word' id='word_1_185' title='bbox 250 1752 328 1818; x_wconf 88' lang='lat' dir='ltr'><strong>visis,</strong></span> <span class='ocrx_word' id='word_1_186' title='bbox 343 1752 496 1823; x_wconf 76' lang='lat' dir='ltr'><strong>profugisse</strong></span> <span class='ocrx_word' id='word_1_187' title='bbox 510 1751 684 1809; x_wconf 88' lang='lat' dir='ltr'><strong>tremelactos</strong></span> <span class='ocrx_word' id='word_1_188' title='bbox 694 1762 840 1817; x_wconf 89' lang='lat' dir='ltr'><strong>asserunt,</strong></span> <span class='ocrx_word' id='word_1_189' title='bbox 943 1731 966 1790; x_wconf 73' lang='grc' dir='ltr'>Β</span> <span class='ocrx_word' id='word_1_190' title='bbox 981 1745 1143 1802; x_wconf 87' lang='lat' dir='ltr'><strong>Sublevatos</strong></span> <span class='ocrx_word' id='word_1_191' title='bbox 1154 1745 1190 1802; x_wconf 91' lang='lat' dir='ltr'><strong>ad</strong></span> <span class='ocrx_word' id='word_1_192' title='bbox 1201 1754 1302 1802; x_wconf 74' lang='lat' dir='ltr'><strong>eterna</strong></span> <span class='ocrx_word' id='word_1_193' title='bbox 1315 1743 1377 1800; x_wconf 84' lang='lat' dir='ltr'><strong>coeli</strong></span> <span class='ocrx_word' id='word_1_194' title='bbox 1395 1758 1479 1814; x_wconf 90' lang='lat' dir='ltr'><strong>regna</strong></span> <span class='ocrx_word' id='word_1_195' title='bbox 1491 1744 1636 1799; x_wconf 66' lang='lat' dir='ltr'><strong>mamam.</strong></span> 
     </span>
     <span class='ocr_line' id='line_1_18' title="bbox 133 1833 1759 1915; baseline -0.002 -18"><span class='ocrx_word' id='word_1_196' title='bbox 133 1843 185 1907; x_wconf 76' lang='lat' dir='ltr'><strong>Qui</strong></span> <span class='ocrx_word' id='word_1_197' title='bbox 199 1843 294 1898; x_wconf 88' lang='lat' dir='ltr'><strong>beatos</strong></span> <span class='ocrx_word' id='word_1_198' title='bbox 305 1842 487 1909; x_wconf 77' lang='lat' dir='ltr'><strong>consessores,</strong></span> <span class='ocrx_word' id='word_1_199' title='bbox 503 1853 661 1900; x_wconf 89' lang='lat' dir='ltr'><strong>catenarum</strong></span> <span class='ocrx_word' id='word_1_200' title='bbox 677 1844 796 1915; x_wconf 90' lang='lat' dir='ltr'><strong>pondere</strong></span> <span class='ocrx_word' id='word_1_201' title='bbox 1016 1838 1061 1893; x_wconf 85' lang='lat' dir='ltr'><strong>il.</strong></span> <span class='ocrx_word' id='word_1_202' title='bbox 1080 1837 1145 1893; x_wconf 76' lang='lat' dir='ltr'><strong>liure</strong></span> <span class='ocrx_word' id='word_1_203' title='bbox 1162 1835 1287 1907; x_wconf 74' lang='lat' dir='ltr'><strong>quedam</strong></span> <span class='ocrx_word' id='word_1_204' title='bbox 1300 1834 1457 1892; x_wconf 81' lang='lat' dir='ltr'><strong>reserumrn</strong></span> <span class='ocrx_word' id='word_1_205' title='bbox 1471 1834 1567 1891; x_wconf 85' lang='lat' dir='ltr'><strong>llornae</strong></span> <span class='ocrx_word' id='word_1_206' title='bbox 1578 1833 1759 1899; x_wconf 71' lang='lat' dir='ltr'><strong>ostermare,</strong></span> 
     </span>
     <span class='ocr_line' id='line_1_19' title="bbox 134 1925 1607 2005; baseline -0.002 -22"><span class='ocrx_word' id='word_1_207' title='bbox 134 1930 319 2002; x_wconf 75' lang='lat' dir='ltr'><strong>l‘raegravatos</strong></span> <span class='ocrx_word' id='word_1_208' title='bbox 331 1948 364 1987; x_wconf 88' lang='lat' dir='ltr'><strong>ac</strong></span> <span class='ocrx_word' id='word_1_209' title='bbox 374 1932 528 2004; x_wconf 90' lang='lat' dir='ltr'><strong>depressos,</strong></span> <span class='ocrx_word' id='word_1_210' title='bbox 544 1934 694 2005; x_wconf 89' lang='lat' dir='ltr'><strong>puniendos</strong></span> <span class='ocrx_word' id='word_1_211' title='bbox 707 1942 856 1989; x_wconf 77' lang='lat' dir='ltr'><strong>traxerant.</strong></span> <span class='ocrx_word' id='word_1_212' title='bbox 983 1929 1041 1986; x_wconf 90' lang='lat' dir='ltr'><strong>llna</strong></span> <span class='ocrx_word' id='word_1_213' title='bbox 1056 1930 1127 1986; x_wconf 89' lang='lat' dir='ltr'><strong>dicta</strong></span> <span class='ocrx_word' id='word_1_214' title='bbox 1139 1936 1182 1985; x_wconf 91' lang='lat' dir='ltr'><strong>est</strong></span> <span class='ocrx_word' id='word_1_215' title='bbox 1194 1926 1307 1992; x_wconf 88' lang='lat' dir='ltr'><strong>Lucilla,</strong></span> <span class='ocrx_word' id='word_1_216' title='bbox 1324 1926 1498 1996; x_wconf 81' lang='lat' dir='ltr'><strong>Firmiorque</strong></span> <span class='ocrx_word' id='word_1_217' title='bbox 1509 1925 1607 1989; x_wconf 86' lang='lat' dir='ltr'><strong>altera,</strong></span> 
     </span>
     <span class='ocr_line' id='line_1_20' title="bbox 133 2017 1697 2096; baseline -0.001 -20"><span class='ocrx_word' id='word_1_218' title='bbox 133 2020 208 2086; x_wconf 76' lang='lat' dir='ltr'><strong>Quos</strong></span> <span class='ocrx_word' id='word_1_219' title='bbox 221 2030 252 2076; x_wconf 86' lang='lat' dir='ltr'><strong>ut</strong></span> <span class='ocrx_word' id='word_1_220' title='bbox 265 2021 302 2090; x_wconf 92' lang='lat' dir='ltr'><strong>pii</strong></span> <span class='ocrx_word' id='word_1_221' title='bbox 316 2021 450 2092; x_wconf 88' lang='lat' dir='ltr'><strong>lugientes</strong></span> <span class='ocrx_word' id='word_1_222' title='bbox 465 2024 544 2080; x_wconf 89' lang='lat' dir='ltr'><strong>turba</strong></span> <span class='ocrx_word' id='word_1_223' title='bbox 556 2024 623 2080; x_wconf 91' lang='lat' dir='ltr'><strong>vidit</strong></span> <span class='ocrx_word' id='word_1_224' title='bbox 638 2024 739 2096; x_wconf 90' lang='lat' dir='ltr'><strong>populi,</strong></span> <span class='ocrx_word' id='word_1_225' title='bbox 983 2023 1081 2077; x_wconf 79' lang='lat' dir='ltr'><strong>Veram</strong></span> <span class='ocrx_word' id='word_1_226' title='bbox 1091 2023 1167 2092; x_wconf 90' lang='lat' dir='ltr'><strong>puris</strong></span> <span class='ocrx_word' id='word_1_227' title='bbox 1184 2020 1334 2076; x_wconf 86' lang='lat' dir='ltr'><strong>retinentes</strong></span> <span class='ocrx_word' id='word_1_228' title='bbox 1345 2017 1447 2074; x_wconf 84' lang='lat' dir='ltr'><strong>Christi</strong></span> <span class='ocrx_word' id='word_1_229' title='bbox 1459 2017 1539 2073; x_wconf 86' lang='lat' dir='ltr'><strong>iidem</strong></span> <span class='ocrx_word' id='word_1_230' title='bbox 1553 2017 1697 2084; x_wconf 85' lang='lat' dir='ltr'><strong>cordibus;</strong></span> 
     </span>
     <span class='ocr_line' id='line_1_21' title="bbox 135 2109 1652 2185; baseline -0.001 -19"><span class='ocrx_word' id='word_1_231' title='bbox 135 2111 330 2167; x_wconf 77' lang='lat' dir='ltr'><strong>eracarrmdo</strong></span> <span class='ocrx_word' id='word_1_232' title='bbox 344 2110 485 2168; x_wconf 82' lang='lat' dir='ltr'><strong>festinarit</strong></span> <span class='ocrx_word' id='word_1_233' title='bbox 496 2113 646 2182; x_wconf 72' lang='lat' dir='ltr'><strong>prevenire</strong></span> <span class='ocrx_word' id='word_1_234' title='bbox 656 2115 779 2185; x_wconf 86' lang='lat' dir='ltr'><strong>pavidos,</strong></span> <span class='ocrx_word' id='word_1_235' title='bbox 982 2113 1222 2183; x_wconf 57' lang='lat' dir='ltr'><strong>Quapropinqoae</strong></span> <span class='ocrx_word' id='word_1_236' title='bbox 1239 2120 1282 2167; x_wconf 90' lang='lat' dir='ltr'><strong>ter</strong></span> <span class='ocrx_word' id='word_1_237' title='bbox 1293 2110 1365 2166; x_wconf 91' lang='lat' dir='ltr'><strong>beati</strong></span> <span class='ocrx_word' id='word_1_238' title='bbox 1381 2109 1510 2181; x_wconf 83' lang='lat' dir='ltr'><strong>martyria</strong></span> <span class='ocrx_word' id='word_1_239' title='bbox 1524 2109 1652 2177; x_wconf 84' lang='lat' dir='ltr'><strong>Tiburtii,</strong></span> 
     </span>
     <span class='ocr_line' id='line_1_22' title="bbox 134 2200 1672 2275; baseline 0.001 -20"><span class='ocrx_word' id='word_1_240' title='bbox 134 2200 304 2257; x_wconf 70' lang='lat' dir='ltr'><strong>demulcere</strong></span> <span class='ocrx_word' id='word_1_241' title='bbox 316 2216 364 2258; x_wconf 92' lang='lat' dir='ltr'><strong>cor</strong></span> <span class='ocrx_word' id='word_1_242' title='bbox 374 2200 513 2258; x_wconf 89' lang='lat' dir='ltr'><strong>lurentum</strong></span> <span class='ocrx_word' id='word_1_243' title='bbox 524 2203 616 2259; x_wconf 88' lang='lat' dir='ltr'><strong>verbis</strong></span> <span class='ocrx_word' id='word_1_244' title='bbox 625 2204 708 2275; x_wconf 87' lang='lat' dir='ltr'><strong>coepit</strong></span> <span class='ocrx_word' id='word_1_245' title='bbox 722 2204 844 2258; x_wconf 83' lang='lat' dir='ltr'><strong>mitibus.</strong></span> <span class='ocrx_word' id='word_1_246' title='bbox 981 2207 1022 2263; x_wconf 81' lang='lat' dir='ltr'><strong>Ad</strong></span> <span class='ocrx_word' id='word_1_247' title='bbox 1036 2207 1109 2262; x_wconf 90' lang='lat' dir='ltr'><strong>illius</strong></span> <span class='ocrx_word' id='word_1_248' title='bbox 1121 2211 1345 2261; x_wconf 84' lang='lat' dir='ltr'><strong>sancrosanctum</strong></span> <span class='ocrx_word' id='word_1_249' title='bbox 1357 2202 1511 2258; x_wconf 87' lang='lat' dir='ltr'><strong>assidentes</strong></span> <span class='ocrx_word' id='word_1_250' title='bbox 1528 2202 1672 2269; x_wconf 83' lang='lat' dir='ltr'><strong>tumulum,</strong></span> 
     </span>
     <span class='ocr_line' id='line_1_23' title="bbox 135 2290 1586 2369; baseline 0.001 -23"><span class='ocrx_word' id='word_1_251' title='bbox 135 2290 190 2346; x_wconf 83' lang='lat' dir='ltr'><strong>sed</strong></span> <span class='ocrx_word' id='word_1_252' title='bbox 201 2305 256 2347; x_wconf 86' lang='lat' dir='ltr'><strong>ooo</strong></span> <span class='ocrx_word' id='word_1_253' title='bbox 269 2291 363 2348; x_wconf 87' lang='lat' dir='ltr'><strong>valens</strong></span> <span class='ocrx_word' id='word_1_254' title='bbox 376 2293 448 2363; x_wconf 92' lang='lat' dir='ltr'><strong>qnod</strong></span> <span class='ocrx_word' id='word_1_255' title='bbox 462 2293 571 2349; x_wconf 89' lang='lat' dir='ltr'><strong>volebat</strong></span> <span class='ocrx_word' id='word_1_256' title='bbox 584 2294 627 2364; x_wconf 90' lang='lat' dir='ltr'><strong>pia</strong></span> <span class='ocrx_word' id='word_1_257' title='bbox 644 2293 720 2365; x_wconf 79' lang='lat' dir='ltr'><strong>plebs</strong></span> <span class='ocrx_word' id='word_1_258' title='bbox 732 2292 877 2363; x_wconf 87' lang='lat' dir='ltr'><strong>perticere,</strong></span> <span class='ocrx_word' id='word_1_259' title='bbox 983 2299 1039 2354; x_wconf 74' lang='lat' dir='ltr'><strong>lieo</strong></span> <span class='ocrx_word' id='word_1_260' title='bbox 1049 2304 1141 2369; x_wconf 86' lang='lat' dir='ltr'><strong>gratas</strong></span> <span class='ocrx_word' id='word_1_261' title='bbox 1152 2295 1288 2366; x_wconf 87' lang='lat' dir='ltr'><strong>vigilando</strong></span> <span class='ocrx_word' id='word_1_262' title='bbox 1301 2294 1436 2349; x_wconf 84' lang='lat' dir='ltr'><strong>ducebant</strong></span> <span class='ocrx_word' id='word_1_263' title='bbox 1446 2292 1586 2348; x_wconf 78' lang='lat' dir='ltr'><strong>excubias.</strong></span> 
     </span>
     <span class='ocr_line' id='line_1_24' title="bbox 135 2379 1656 2458; baseline 0.003 -22"><span class='ocrx_word' id='word_1_264' title='bbox 135 2379 207 2436; x_wconf 83' lang='lat' dir='ltr'><strong>boco</strong></span> <span class='ocrx_word' id='word_1_265' title='bbox 218 2380 288 2438; x_wconf 84' lang='lat' dir='ltr'><strong>tixos</strong></span> <span class='ocrx_word' id='word_1_266' title='bbox 305 2383 463 2448; x_wconf 85' lang='lat' dir='ltr'><strong>retentavit,</strong></span> <span class='ocrx_word' id='word_1_267' title='bbox 478 2384 565 2440; x_wconf 90' lang='lat' dir='ltr'><strong>donce</strong></span> <span class='ocrx_word' id='word_1_268' title='bbox 577 2383 677 2441; x_wconf 87' lang='lat' dir='ltr'><strong>Cbristi</strong></span> <span class='ocrx_word' id='word_1_269' title='bbox 690 2383 807 2440; x_wconf 87' lang='lat' dir='ltr'><strong>lamulus</strong></span> <span class='ocrx_word' id='word_1_270' title='bbox 982 2390 1087 2457; x_wconf 76' lang='lat' dir='ltr'><strong>Quibus</strong></span> <span class='ocrx_word' id='word_1_271' title='bbox 1103 2388 1169 2458; x_wconf 87' lang='lat' dir='ltr'><strong>ipse,</strong></span> <span class='ocrx_word' id='word_1_272' title='bbox 1184 2402 1246 2442; x_wconf 86' lang='lat' dir='ltr'><strong>cum</strong></span> <span class='ocrx_word' id='word_1_273' title='bbox 1257 2384 1345 2441; x_wconf 88' lang='lat' dir='ltr'><strong>beatis</strong></span> <span class='ocrx_word' id='word_1_274' title='bbox 1355 2392 1442 2440; x_wconf 86' lang='lat' dir='ltr'><strong>semet</strong></span> <span class='ocrx_word' id='word_1_275' title='bbox 1452 2383 1656 2450; x_wconf 85' lang='lat' dir='ltr'><strong>comitantibus,</strong></span> 
     </span>
     <span class='ocr_line' id='line_1_25' title="bbox 135 2470 1599 2547; baseline 0.001 -21"><span class='ocrx_word' id='word_1_276' title='bbox 135 2470 307 2530; x_wconf 76' lang='lat' dir='ltr'><strong>Marcellinus</strong></span> <span class='ocrx_word' id='word_1_277' title='bbox 324 2476 466 2531; x_wconf 84' lang='lat' dir='ltr'><strong>obtulisset</strong></span> <span class='ocrx_word' id='word_1_278' title='bbox 479 2476 627 2533; x_wconf 89' lang='lat' dir='ltr'><strong>salutarem</strong></span> <span class='ocrx_word' id='word_1_279' title='bbox 640 2478 769 2534; x_wconf 89' lang='lat' dir='ltr'><strong>bostiam.</strong></span> <span class='ocrx_word' id='word_1_280' title='bbox 983 2478 1139 2534; x_wconf 84' lang='lat' dir='ltr'><strong>llaroellioo</strong></span> <span class='ocrx_word' id='word_1_281' title='bbox 1147 2485 1230 2547; x_wconf 89' lang='lat' dir='ltr'><strong>atque</strong></span> <span class='ocrx_word' id='word_1_282' title='bbox 1240 2474 1332 2540; x_wconf 89' lang='lat' dir='ltr'><strong>Petro,</strong></span> <span class='ocrx_word' id='word_1_283' title='bbox 1344 2471 1490 2528; x_wconf 75' lang='lat' dir='ltr'><strong>manifeste</strong></span> <span class='ocrx_word' id='word_1_284' title='bbox 1504 2473 1599 2529; x_wconf 89' lang='lat' dir='ltr'><strong>retulit</strong></span> 
     </span>
     <span class='ocr_line' id='line_1_26' title="bbox 135 2563 1636 2641; baseline 0.001 -22"><span class='ocrx_word' id='word_1_285' title='bbox 135 2563 244 2621; x_wconf 82' lang='lat' dir='ltr'><strong>Narnia</strong></span> <span class='ocrx_word' id='word_1_286' title='bbox 259 2582 353 2638; x_wconf 85' lang='lat' dir='ltr'><strong>specu,</strong></span> <span class='ocrx_word' id='word_1_287' title='bbox 365 2584 419 2638; x_wconf 93' lang='lat' dir='ltr'><strong>quo</strong></span> <span class='ocrx_word' id='word_1_288' title='bbox 429 2568 520 2624; x_wconf 83' lang='lat' dir='ltr'><strong>lutura</strong></span> <span class='ocrx_word' id='word_1_289' title='bbox 534 2571 695 2640; x_wconf 86' lang='lat' dir='ltr'><strong>sperabatur</strong></span> <span class='ocrx_word' id='word_1_290' title='bbox 705 2571 806 2641; x_wconf 90' lang='lat' dir='ltr'><strong>passio,</strong></span> <span class='ocrx_word' id='word_1_291' title='bbox 983 2570 1036 2624; x_wconf 86' lang='lat' dir='ltr'><strong>Per</strong></span> <span class='ocrx_word' id='word_1_292' title='bbox 1048 2583 1184 2638; x_wconf 89' lang='lat' dir='ltr'><strong>soporem,</strong></span> <span class='ocrx_word' id='word_1_293' title='bbox 1199 2567 1246 2623; x_wconf 92' lang='lat' dir='ltr'><strong>ubi</strong></span> <span class='ocrx_word' id='word_1_294' title='bbox 1260 2582 1337 2622; x_wconf 89' lang='lat' dir='ltr'><strong>sacra</strong></span> <span class='ocrx_word' id='word_1_295' title='bbox 1348 2565 1500 2634; x_wconf 79' lang='lat' dir='ltr'><strong>iacuissent</strong></span> <span class='ocrx_word' id='word_1_296' title='bbox 1518 2580 1636 2637; x_wconf 91' lang='lat' dir='ltr'><strong>corpora</strong></span> 
     </span>
     <span class='ocr_line' id='line_1_27' title="bbox 136 2654 1658 2727; baseline 0.001 -17"><span class='ocrx_word' id='word_1_297' title='bbox 136 2654 239 2727; x_wconf 83' lang='lat' dir='ltr'><strong>ilartyr</strong></span> <span class='ocrx_word' id='word_1_298' title='bbox 251 2656 353 2713; x_wconf 82' lang='lat' dir='ltr'><strong>Christi</strong></span> <span class='ocrx_word' id='word_1_299' title='bbox 364 2658 512 2715; x_wconf 89' lang='lat' dir='ltr'><strong>celebrarit</strong></span> <span class='ocrx_word' id='word_1_300' title='bbox 522 2660 667 2716; x_wconf 86' lang='lat' dir='ltr'><strong>missarum</strong></span> <span class='ocrx_word' id='word_1_301' title='bbox 686 2661 828 2725; x_wconf 85' lang='lat' dir='ltr'><strong>solemnia,</strong></span> <span class='ocrx_word' id='word_1_302' title='bbox 984 2661 1149 2716; x_wconf 79' lang='lat' dir='ltr'><strong>Eorurndenr</strong></span> <span class='ocrx_word' id='word_1_303' title='bbox 1162 2659 1327 2722; x_wconf 87' lang='lat' dir='ltr'><strong>electorum,</strong></span> <span class='ocrx_word' id='word_1_304' title='bbox 1340 2665 1422 2727; x_wconf 87' lang='lat' dir='ltr'><strong>atque</strong></span> <span class='ocrx_word' id='word_1_305' title='bbox 1437 2655 1519 2712; x_wconf 87' lang='lat' dir='ltr'><strong>simul</strong></span> <span class='ocrx_word' id='word_1_306' title='bbox 1530 2656 1658 2712; x_wconf 87' lang='lat' dir='ltr'><strong>admonet</strong></span> 
     </span>
     <span class='ocr_line' id='line_1_28' title="bbox 136 2746 1668 2821; baseline 0.001 -20"><span class='ocrx_word' id='word_1_307' title='bbox 136 2746 204 2812; x_wconf 80' lang='lat' dir='ltr'><strong>puts</strong></span> <span class='ocrx_word' id='word_1_308' title='bbox 217 2747 377 2818; x_wconf 88' lang='lat' dir='ltr'><strong>eompletis,</strong></span> <span class='ocrx_word' id='word_1_309' title='bbox 392 2750 585 2806; x_wconf 87' lang='lat' dir='ltr'><strong>abscesserunt</strong></span> <span class='ocrx_word' id='word_1_310' title='bbox 601 2766 669 2821; x_wconf 89' lang='lat' dir='ltr'><strong>quos</strong></span> <span class='ocrx_word' id='word_1_311' title='bbox 681 2753 757 2808; x_wconf 88' lang='lat' dir='ltr'><strong>abire</strong></span> <span class='ocrx_word' id='word_1_312' title='bbox 768 2750 896 2820; x_wconf 87' lang='lat' dir='ltr'><strong>jusserat.</strong></span> <span class='ocrx_word' id='word_1_313' title='bbox 986 2753 1021 2808; x_wconf 90' lang='lat' dir='ltr'><strong>Ut</strong></span> <span class='ocrx_word' id='word_1_314' title='bbox 1036 2760 1132 2809; x_wconf 91' lang='lat' dir='ltr'><strong>cuntes</strong></span> <span class='ocrx_word' id='word_1_315' title='bbox 1145 2752 1246 2820; x_wconf 87' lang='lat' dir='ltr'><strong>absque</strong></span> <span class='ocrx_word' id='word_1_316' title='bbox 1257 2765 1353 2816; x_wconf 87' lang='lat' dir='ltr'><strong>mora,</strong></span> <span class='ocrx_word' id='word_1_317' title='bbox 1369 2749 1415 2806; x_wconf 91' lang='lat' dir='ltr'><strong>illa</strong></span> <span class='ocrx_word' id='word_1_318' title='bbox 1429 2749 1522 2806; x_wconf 82' lang='lat' dir='ltr'><strong>statim</strong></span> <span class='ocrx_word' id='word_1_319' title='bbox 1536 2748 1668 2815; x_wconf 75' lang='lat' dir='ltr'><strong>auferant,</strong></span> 
     </span>
     <span class='ocr_line' id='line_1_29' title="bbox 165 2838 1703 2917; baseline 0.002 -25"><span class='ocrx_word' id='word_1_320' title='bbox 165 2838 280 2895; x_wconf 70' lang='lat' dir='ltr'><strong>issam</strong></span> <span class='ocrx_word' id='word_1_321' title='bbox 287 2843 410 2897; x_wconf 90' lang='lat' dir='ltr'><strong>conversi</strong></span> <span class='ocrx_word' id='word_1_322' title='bbox 420 2842 933 2917; x_wconf 84' lang='lat' dir='ltr'><strong>llarcellinusatquel‘etrusmartyres,</strong></span> <span class='ocrx_word' id='word_1_323' title='bbox 986 2844 1020 2899; x_wconf 83' lang='lat' dir='ltr'><strong>Et</strong></span> <span class='ocrx_word' id='word_1_324' title='bbox 1034 2844 1062 2899; x_wconf 90' lang='lat' dir='ltr'><strong>in</strong></span> <span class='ocrx_word' id='word_1_325' title='bbox 1076 2853 1171 2915; x_wconf 81' lang='lat' dir='ltr'><strong>crypta</strong></span> <span class='ocrx_word' id='word_1_326' title='bbox 1186 2858 1265 2898; x_wconf 91' lang='lat' dir='ltr'><strong>snum</strong></span> <span class='ocrx_word' id='word_1_327' title='bbox 1280 2856 1364 2913; x_wconf 86' lang='lat' dir='ltr'><strong>prope</strong></span> <span class='ocrx_word' id='word_1_328' title='bbox 1380 2851 1477 2898; x_wconf 86' lang='lat' dir='ltr'><strong>curent</strong></span> <span class='ocrx_word' id='word_1_329' title='bbox 1491 2856 1592 2913; x_wconf 88' lang='lat' dir='ltr'><strong>corpus</strong></span> <span class='ocrx_word' id='word_1_330' title='bbox 1607 2854 1703 2913; x_wconf 85' lang='lat' dir='ltr'><strong>ponere.</strong></span> 
     </span>
     <span class='ocr_line' id='line_1_30' title="bbox 136 2928 1744 3006; baseline 0.006 -26"><span class='ocrx_word' id='word_1_331' title='bbox 136 2928 224 2984; x_wconf 65' lang='lat' dir='ltr'><strong>rlmbo</strong></span> <span class='ocrx_word' id='word_1_332' title='bbox 234 2929 314 2985; x_wconf 87' lang='lat' dir='ltr'><strong>simul</strong></span> <span class='ocrx_word' id='word_1_333' title='bbox 330 2933 496 3001; x_wconf 78' lang='lat' dir='ltr'><strong>perfidorum</strong></span> <span class='ocrx_word' id='word_1_334' title='bbox 510 2934 685 3006; x_wconf 89' lang='lat' dir='ltr'><strong>alloquuntur</strong></span> <span class='ocrx_word' id='word_1_335' title='bbox 697 2936 843 3005; x_wconf 88' lang='lat' dir='ltr'><strong>populum,</strong></span> <span class='ocrx_word' id='word_1_336' title='bbox 986 2936 1052 3003; x_wconf 81' lang='lat' dir='ltr'><strong>erae</strong></span> <span class='ocrx_word' id='word_1_337' title='bbox 1065 2934 1209 3004; x_wconf 78' lang='lat' dir='ltr'><strong>preceptis</strong></span> <span class='ocrx_word' id='word_1_338' title='bbox 1221 2934 1414 3002; x_wconf 88' lang='lat' dir='ltr'><strong>obsequentes,</strong></span> <span class='ocrx_word' id='word_1_339' title='bbox 1428 2930 1538 3003; x_wconf 85' lang='lat' dir='ltr'><strong>Nigram</strong></span> <span class='ocrx_word' id='word_1_340' title='bbox 1559 2931 1653 2987; x_wconf 79' lang='lat' dir='ltr'><strong>silvanr</strong></span> <span class='ocrx_word' id='word_1_341' title='bbox 1664 2931 1744 2989; x_wconf 75' lang='lat' dir='ltr'><strong>adun.</strong></span> 
     </span>
     <span class='ocr_line' id='line_1_31' title="bbox 136 3021 1656 3098; baseline 0.001 -24"><span class='ocrx_word' id='word_1_342' title='bbox 136 3023 227 3090; x_wconf 60' lang='lat' dir='ltr'><strong>:itque</strong></span> <span class='ocrx_word' id='word_1_343' title='bbox 238 3023 285 3077; x_wconf 88' lang='lat' dir='ltr'><strong>tali</strong></span> <span class='ocrx_word' id='word_1_344' title='bbox 297 3022 457 3082; x_wconf 85' lang='lat' dir='ltr'><strong>iuribundos</strong></span> <span class='ocrx_word' id='word_1_345' title='bbox 469 3026 666 3098; x_wconf 88' lang='lat' dir='ltr'><strong>compellabant</strong></span> <span class='ocrx_word' id='word_1_346' title='bbox 677 3025 777 3084; x_wconf 83' lang='lat' dir='ltr'><strong>lauriae</strong></span> <span class='ocrx_word' id='word_1_347' title='bbox 790 3042 797 3080; x_wconf 89' lang='lat'><strong>:</strong></span> <span class='ocrx_word' id='word_1_348' title='bbox 988 3024 1170 3096; x_wconf 77' lang='lat' dir='ltr'><strong>sublatosque</strong></span> <span class='ocrx_word' id='word_1_349' title='bbox 1184 3024 1325 3080; x_wconf 88' lang='lat' dir='ltr'><strong>beatomm</strong></span> <span class='ocrx_word' id='word_1_350' title='bbox 1337 3022 1400 3077; x_wconf 91' lang='lat' dir='ltr'><strong>inde</strong></span> <span class='ocrx_word' id='word_1_351' title='bbox 1413 3029 1523 3092; x_wconf 80' lang='lat' dir='ltr'><strong>portam</strong></span> <span class='ocrx_word' id='word_1_352' title='bbox 1533 3021 1656 3082; x_wconf 82' lang='lat' dir='ltr'><strong>cineres:</strong></span> 
     </span>
     <span class='ocr_line' id='line_1_32' title="bbox 139 3089 1666 3187; baseline -0.002 -20"><span class='ocrx_word' id='word_1_353' title='bbox 139 3131 148 3162; x_wconf 76' lang='lat' dir='ltr'><strong>a</strong></span> <span class='ocrx_word' id='word_1_354' title='bbox 172 3113 213 3167; x_wconf 79' lang='lat' dir='ltr'><strong>En</strong></span> <span class='ocrx_word' id='word_1_355' title='bbox 232 3115 350 3182; x_wconf 91' lang='lat' dir='ltr'><strong>vidistis,</strong></span> <span class='ocrx_word' id='word_1_356' title='bbox 369 3118 442 3187; x_wconf 92' lang='lat' dir='ltr'><strong>qood</strong></span> <span class='ocrx_word' id='word_1_357' title='bbox 455 3120 482 3174; x_wconf 89' lang='lat' dir='ltr'><strong>ia</strong></span> <span class='ocrx_word' id='word_1_358' title='bbox 497 3127 588 3176; x_wconf 89' lang='lat' dir='ltr'><strong>nostra</strong></span> <span class='ocrx_word' id='word_1_359' title='bbox 602 3121 704 3176; x_wconf 86' lang='lat' dir='ltr'><strong>ditione</strong></span> <span class='ocrx_word' id='word_1_360' title='bbox 719 3120 818 3187; x_wconf 87' lang='lat' dir='ltr'><strong>lucrat,</strong></span> <span class='ocrx_word' id='word_1_361' title='bbox 948 3089 970 3151; x_wconf 73' lang='lat' dir='ltr'>C</span> <span class='ocrx_word' id='word_1_362' title='bbox 986 3116 1023 3171; x_wconf 87' lang='lat' dir='ltr'><strong>Et</strong></span> <span class='ocrx_word' id='word_1_363' title='bbox 1034 3101 1159 3184; x_wconf 63' lang='lat' dir='ltr'><strong>irr&#39;spccu</strong></span> <span class='ocrx_word' id='word_1_364' title='bbox 1172 3113 1349 3183; x_wconf 86' lang='lat' dir='ltr'><strong>deponentes,</strong></span> <span class='ocrx_word' id='word_1_365' title='bbox 1364 3110 1442 3182; x_wconf 82' lang='lat' dir='ltr'><strong>jusso</strong></span> <span class='ocrx_word' id='word_1_366' title='bbox 1456 3109 1666 3165; x_wconf 85' lang='lat' dir='ltr'><strong>locotumulant</strong></span> 
     </span>
     <span class='ocr_line' id='line_1_33' title="bbox 141 3199 1638 3279; baseline -0.001 -23"><span class='ocrx_word' id='word_1_367' title='bbox 141 3201 175 3256; x_wconf 89' lang='lat' dir='ltr'><strong>Ut</strong></span> <span class='ocrx_word' id='word_1_368' title='bbox 189 3219 238 3260; x_wconf 85' lang='lat' dir='ltr'><strong>ros</strong></span> <span class='ocrx_word' id='word_1_369' title='bbox 249 3205 339 3271; x_wconf 86' lang='lat' dir='ltr'><strong>modo,</strong></span> <span class='ocrx_word' id='word_1_370' title='bbox 353 3221 407 3278; x_wconf 93' lang='lat' dir='ltr'><strong>quo</strong></span> <span class='ocrx_word' id='word_1_371' title='bbox 422 3207 562 3274; x_wconf 88' lang='lat' dir='ltr'><strong>vellemus,</strong></span> <span class='ocrx_word' id='word_1_372' title='bbox 576 3211 728 3268; x_wconf 89' lang='lat' dir='ltr'><strong>valeremus</strong></span> <span class='ocrx_word' id='word_1_373' title='bbox 740 3212 849 3279; x_wconf 85' lang='lat' dir='ltr'><strong>laedere,</strong></span> <span class='ocrx_word' id='word_1_374' title='bbox 985 3207 1059 3274; x_wconf 81' lang='lat' dir='ltr'><strong>Quas</strong></span> <span class='ocrx_word' id='word_1_375' title='bbox 1072 3205 1107 3260; x_wconf 90' lang='lat' dir='ltr'><strong>ad</strong></span> <span class='ocrx_word' id='word_1_376' title='bbox 1124 3205 1176 3260; x_wconf 87' lang='lat' dir='ltr'><strong>ista</strong></span> <span class='ocrx_word' id='word_1_377' title='bbox 1195 3202 1348 3275; x_wconf 87' lang='lat' dir='ltr'><strong>peragenda</strong></span> <span class='ocrx_word' id='word_1_378' title='bbox 1363 3200 1499 3272; x_wconf 85' lang='lat' dir='ltr'><strong>adjuvisse</strong></span> <span class='ocrx_word' id='word_1_379' title='bbox 1518 3199 1638 3255; x_wconf 86' lang='lat' dir='ltr'><strong>velerum</strong></span> 
     </span>
     <span class='ocr_line' id='line_1_34' title="bbox 137 3291 1636 3373; baseline -0.002 -23"><span class='ocrx_word' id='word_1_380' title='bbox 137 3291 173 3349; x_wconf 81' lang='lat' dir='ltr'><strong>m</strong></span> <span class='ocrx_word' id='word_1_381' title='bbox 182 3310 251 3364; x_wconf 88' lang='lat' dir='ltr'><strong>quos</strong></span> <span class='ocrx_word' id='word_1_382' title='bbox 263 3296 369 3354; x_wconf 86' lang='lat' dir='ltr'><strong>vinctos</strong></span> <span class='ocrx_word' id='word_1_383' title='bbox 382 3297 526 3366; x_wconf 86' lang='lat' dir='ltr'><strong>tenebatis,</strong></span> <span class='ocrx_word' id='word_1_384' title='bbox 543 3302 570 3356; x_wconf 88' lang='lat' dir='ltr'><strong>vi</strong></span> <span class='ocrx_word' id='word_1_385' title='bbox 582 3312 690 3373; x_wconf 87' lang='lat' dir='ltr'><strong>ereptos</strong></span> <span class='ocrx_word' id='word_1_386' title='bbox 701 3304 806 3359; x_wconf 87' lang='lat' dir='ltr'><strong>tollere.</strong></span> <span class='ocrx_word' id='word_1_387' title='bbox 986 3299 1059 3353; x_wconf 85' lang='lat' dir='ltr'><strong>lluos</strong></span> <span class='ocrx_word' id='word_1_388' title='bbox 1072 3296 1203 3367; x_wconf 88' lang='lat' dir='ltr'><strong>quosdam</strong></span> <span class='ocrx_word' id='word_1_389' title='bbox 1222 3296 1256 3351; x_wconf 89' lang='lat' dir='ltr'><strong>de</strong></span> <span class='ocrx_word' id='word_1_390' title='bbox 1269 3302 1382 3351; x_wconf 84' lang='lat' dir='ltr'><strong>sacrate</strong></span> <span class='ocrx_word' id='word_1_391' title='bbox 1395 3292 1469 3350; x_wconf 77' lang='lat' dir='ltr'><strong>scalis</strong></span> <span class='ocrx_word' id='word_1_392' title='bbox 1481 3292 1636 3363; x_wconf 75' lang='lat' dir='ltr'><strong>apostolice</strong></span> 
     </span>
     <span class='ocr_line' id='line_1_35' title="bbox 136 3381 1665 3463; baseline 0 -23"><span class='ocrx_word' id='word_1_393' title='bbox 136 3381 193 3440; x_wconf 75' lang='lat' dir='ltr'><strong>Sed</strong></span> <span class='ocrx_word' id='word_1_394' title='bbox 206 3386 258 3442; x_wconf 90' lang='lat' dir='ltr'><strong>boc</strong></span> <span class='ocrx_word' id='word_1_395' title='bbox 269 3387 340 3444; x_wconf 91' lang='lat' dir='ltr'><strong>nolle</strong></span> <span class='ocrx_word' id='word_1_396' title='bbox 353 3386 508 3447; x_wconf 81' lang='lat' dir='ltr'><strong>Christiana</strong></span> <span class='ocrx_word' id='word_1_397' title='bbox 519 3389 584 3448; x_wconf 81' lang='lat' dir='ltr'><strong>lecit</strong></span> <span class='ocrx_word' id='word_1_398' title='bbox 594 3393 735 3463; x_wconf 85' lang='lat' dir='ltr'><strong>patientia,</strong></span> <span class='ocrx_word' id='word_1_399' title='bbox 985 3393 1110 3458; x_wconf 72' lang='lat' dir='ltr'><strong>clericis,</strong></span> <span class='ocrx_word' id='word_1_400' title='bbox 1124 3406 1194 3462; x_wconf 91' lang='lat' dir='ltr'><strong>quos</strong></span> <span class='ocrx_word' id='word_1_401' title='bbox 1205 3391 1273 3446; x_wconf 91' lang='lat' dir='ltr'><strong>ordo</strong></span> <span class='ocrx_word' id='word_1_402' title='bbox 1288 3405 1366 3446; x_wconf 89' lang='lat' dir='ltr'><strong>sacer</strong></span> <span class='ocrx_word' id='word_1_403' title='bbox 1379 3390 1502 3445; x_wconf 88' lang='lat' dir='ltr'><strong>nominat</strong></span> <span class='ocrx_word' id='word_1_404' title='bbox 1519 3388 1665 3460; x_wconf 84' lang='lat' dir='ltr'><strong>acolytbos.</strong></span> 
     </span>
     <span class='ocr_line' id='line_1_36' title="bbox 137 3475 1725 3554; baseline 0.001 -23"><span class='ocrx_word' id='word_1_405' title='bbox 137 3475 224 3542; x_wconf 64' lang='lat' dir='ltr'><strong>tinam</strong></span> <span class='ocrx_word' id='word_1_406' title='bbox 237 3493 348 3535; x_wconf 90' lang='lat' dir='ltr'><strong>suorum</strong></span> <span class='ocrx_word' id='word_1_407' title='bbox 363 3480 506 3538; x_wconf 86' lang='lat' dir='ltr'><strong>lulereodo</strong></span> <span class='ocrx_word' id='word_1_408' title='bbox 517 3483 531 3525; x_wconf 68' lang='lat' dir='ltr'><strong>l</strong></span> <span class='ocrx_word' id='word_1_409' title='bbox 543 3483 707 3540; x_wconf 75' lang='lat' dir='ltr'><strong>ramulorum</strong></span> <span class='ocrx_word' id='word_1_410' title='bbox 720 3487 862 3550; x_wconf 89' lang='lat' dir='ltr'><strong>sensibus,</strong></span> <span class='ocrx_word' id='word_1_411' title='bbox 1022 3483 1064 3538; x_wconf 70' lang='lat' dir='ltr'><strong>lai.</strong></span> <span class='ocrx_word' id='word_1_412' title='bbox 1080 3482 1142 3538; x_wconf 80' lang='lat' dir='ltr'><strong>llmc</strong></span> <span class='ocrx_word' id='word_1_413' title='bbox 1159 3490 1188 3537; x_wconf 93' lang='lat' dir='ltr'><strong>ut</strong></span> <span class='ocrx_word' id='word_1_414' title='bbox 1202 3490 1277 3554; x_wconf 90' lang='lat' dir='ltr'><strong>gesta</strong></span> <span class='ocrx_word' id='word_1_415' title='bbox 1296 3481 1462 3545; x_wconf 85' lang='lat' dir='ltr'><strong>relcmnvur,</strong></span> <span class='ocrx_word' id='word_1_416' title='bbox 1479 3480 1605 3537; x_wconf 87' lang='lat' dir='ltr'><strong>retulisse</strong></span> <span class='ocrx_word' id='word_1_417' title='bbox 1619 3485 1725 3537; x_wconf 73' lang='lat' dir='ltr'><strong>asserum</strong></span> 
     </span>
     <span class='ocr_line' id='line_1_37' title="bbox 138 3569 1673 3644; baseline 0.003 -21"><span class='ocrx_word' id='word_1_418' title='bbox 138 3571 196 3624; x_wconf 75' lang='lat' dir='ltr'><strong>Suo</strong></span> <span class='ocrx_word' id='word_1_419' title='bbox 205 3569 286 3626; x_wconf 87' lang='lat' dir='ltr'><strong>mites</strong></span> <span class='ocrx_word' id='word_1_420' title='bbox 295 3587 329 3627; x_wconf 89' lang='lat' dir='ltr'><strong>ac</strong></span> <span class='ocrx_word' id='word_1_421' title='bbox 339 3573 478 3631; x_wconf 64' lang='lat' dir='ltr'><strong>armatos</strong></span> <span class='ocrx_word' id='word_1_422' title='bbox 488 3575 612 3632; x_wconf 83' lang='lat' dir='ltr'><strong>Christm</strong></span> <span class='ocrx_word' id='word_1_423' title='bbox 622 3575 688 3633; x_wconf 84' lang='lat' dir='ltr'><strong>lacit</strong></span> <span class='ocrx_word' id='word_1_424' title='bbox 702 3591 825 3632; x_wconf 88' lang='lat' dir='ltr'><strong>nrunere.</strong></span> <span class='ocrx_word' id='word_1_425' title='bbox 984 3575 1061 3628; x_wconf 88' lang='lat' dir='ltr'><strong>lllnrn</strong></span> <span class='ocrx_word' id='word_1_426' title='bbox 1076 3574 1176 3642; x_wconf 87' lang='lat' dir='ltr'><strong>ipsum,</strong></span> <span class='ocrx_word' id='word_1_427' title='bbox 1190 3572 1237 3643; x_wconf 91' lang='lat' dir='ltr'><strong>qui</strong></span> <span class='ocrx_word' id='word_1_428' title='bbox 1251 3571 1361 3628; x_wconf 88' lang='lat' dir='ltr'><strong>eosdem</strong></span> <span class='ocrx_word' id='word_1_429' title='bbox 1375 3572 1514 3627; x_wconf 87' lang='lat' dir='ltr'><strong>interemit</strong></span> <span class='ocrx_word' id='word_1_430' title='bbox 1531 3579 1673 3644; x_wconf 86' lang='lat' dir='ltr'><strong>martyres,</strong></span> 
     </span>
     <span class='ocr_line' id='line_1_38' title="bbox 138 3662 1603 3740; baseline 0.005 -26"><span class='ocrx_word' id='word_1_431' title='bbox 138 3662 171 3716; x_wconf 76' lang='lat' dir='ltr'><strong>llt</strong></span> <span class='ocrx_word' id='word_1_432' title='bbox 181 3678 254 3720; x_wconf 88' lang='lat' dir='ltr'><strong>rrunc</strong></span> <span class='ocrx_word' id='word_1_433' title='bbox 264 3664 374 3735; x_wconf 86' lang='lat' dir='ltr'><strong>quidem</strong></span> <span class='ocrx_word' id='word_1_434' title='bbox 389 3682 456 3733; x_wconf 88' lang='lat' dir='ltr'><strong>nos,</strong></span> <span class='ocrx_word' id='word_1_435' title='bbox 469 3683 586 3739; x_wconf 85' lang='lat' dir='ltr'><strong>superna</strong></span> <span class='ocrx_word' id='word_1_436' title='bbox 599 3667 766 3740; x_wconf 73' lang='lat' dir='ltr'><strong>suffragante</strong></span> <span class='ocrx_word' id='word_1_437' title='bbox 777 3669 866 3740; x_wconf 90' lang='lat' dir='ltr'><strong>gratia</strong></span> <span class='ocrx_word' id='word_1_438' title='bbox 985 3666 1018 3720; x_wconf 70' lang='lat' dir='ltr'><strong>lit</strong></span> <span class='ocrx_word' id='word_1_439' title='bbox 1030 3667 1064 3721; x_wconf 91' lang='lat' dir='ltr'><strong>ab</strong></span> <span class='ocrx_word' id='word_1_440' title='bbox 1077 3664 1123 3721; x_wconf 94' lang='lat' dir='ltr'><strong>illo</strong></span> <span class='ocrx_word' id='word_1_441' title='bbox 1140 3665 1267 3721; x_wconf 89' lang='lat' dir='ltr'><strong>didicisse</strong></span> <span class='ocrx_word' id='word_1_442' title='bbox 1275 3664 1424 3720; x_wconf 86' lang='lat' dir='ltr'><strong>Damasum</strong></span> <span class='ocrx_word' id='word_1_443' title='bbox 1435 3663 1603 3734; x_wconf 80' lang='lat' dir='ltr'><strong>pontificem,</strong></span> 
     </span>
     <span class='ocr_line' id='line_1_39' title="bbox 140 3740 1602 3827; baseline 0.003 -21"><span class='ocrx_word' id='word_1_444' title='bbox 140 3753 208 3809; x_wconf 92' lang='lat' dir='ltr'><strong>lline</strong></span> <span class='ocrx_word' id='word_1_445' title='bbox 219 3740 297 3812; x_wconf 72' lang='lat' dir='ltr'><strong>abi’re</strong></span> <span class='ocrx_word' id='word_1_446' title='bbox 309 3765 478 3827; x_wconf 86' lang='lat' dir='ltr'><strong>poteramus,</strong></span> <span class='ocrx_word' id='word_1_447' title='bbox 492 3759 516 3815; x_wconf 87' lang='lat' dir='ltr'><strong>si</strong></span> <span class='ocrx_word' id='word_1_448' title='bbox 531 3759 582 3816; x_wconf 89' lang='lat' dir='ltr'><strong>boc</strong></span> <span class='ocrx_word' id='word_1_449' title='bbox 594 3759 679 3816; x_wconf 83' lang='lat' dir='ltr'><strong>terret</strong></span> <span class='ocrx_word' id='word_1_450' title='bbox 689 3760 806 3816; x_wconf 72' lang='lat' dir='ltr'><strong>anianus.</strong></span> <span class='ocrx_word' id='word_1_451' title='bbox 984 3755 1064 3820; x_wconf 74' lang='lat' dir='ltr'><strong>llum,</strong></span> <span class='ocrx_word' id='word_1_452' title='bbox 1078 3762 1157 3810; x_wconf 87' lang='lat' dir='ltr'><strong>aetate</strong></span> <span class='ocrx_word' id='word_1_453' title='bbox 1172 3754 1283 3824; x_wconf 88' lang='lat' dir='ltr'><strong>puerili,</strong></span> <span class='ocrx_word' id='word_1_454' title='bbox 1297 3770 1347 3825; x_wconf 92' lang='lat' dir='ltr'><strong>per</strong></span> <span class='ocrx_word' id='word_1_455' title='bbox 1360 3755 1454 3811; x_wconf 90' lang='lat' dir='ltr'><strong>eadem</strong></span> <span class='ocrx_word' id='word_1_456' title='bbox 1470 3766 1602 3826; x_wconf 88' lang='lat' dir='ltr'><strong>tempora,</strong></span> 
     </span>
     <span class='ocr_line' id='line_1_40' title="bbox 140 3843 1748 3922; baseline 0 -25"><span class='ocrx_word' id='word_1_457' title='bbox 140 3843 193 3899; x_wconf 80' lang='lat' dir='ltr'><strong>los</strong></span> <span class='ocrx_word' id='word_1_458' title='bbox 205 3855 323 3902; x_wconf 71' lang='lat' dir='ltr'><strong>contras</strong></span> <span class='ocrx_word' id='word_1_459' title='bbox 346 3849 412 3919; x_wconf 90' lang='lat' dir='ltr'><strong>quid</strong></span> <span class='ocrx_word' id='word_1_460' title='bbox 430 3851 549 3920; x_wconf 87' lang='lat' dir='ltr'><strong>possitis,</strong></span> <span class='ocrx_word' id='word_1_461' title='bbox 570 3851 680 3907; x_wconf 73' lang='lat' dir='ltr'><strong>undem</strong></span> <span class='ocrx_word' id='word_1_462' title='bbox 698 3851 786 3922; x_wconf 87' lang='lat' dir='ltr'><strong>palam</strong></span> <span class='ocrx_word' id='word_1_463' title='bbox 802 3851 903 3908; x_wconf 84' lang='lat' dir='ltr'><strong>dicite?</strong></span> <span class='ocrx_word' id='word_1_464' title='bbox 921 3873 929 3906; x_wconf 80' lang='lat' dir='ltr'><strong>r</strong></span> <span class='ocrx_word' id='word_1_465' title='bbox 985 3848 1041 3905; x_wconf 76' lang='lat' dir='ltr'><strong>Sub</strong></span> <span class='ocrx_word' id='word_1_466' title='bbox 1054 3850 1184 3920; x_wconf 92' lang='lat' dir='ltr'><strong>magistro</strong></span> <span class='ocrx_word' id='word_1_467' title='bbox 1205 3849 1383 3913; x_wconf 87' lang='lat' dir='ltr'><strong>ministraret,</strong></span> <span class='ocrx_word' id='word_1_468' title='bbox 1400 3858 1427 3903; x_wconf 89' lang='lat' dir='ltr'><strong>et</strong></span> <span class='ocrx_word' id='word_1_469' title='bbox 1443 3848 1478 3902; x_wconf 89' lang='lat' dir='ltr'><strong>ad</strong></span> <span class='ocrx_word' id='word_1_470' title='bbox 1494 3864 1622 3919; x_wconf 86' lang='lat' dir='ltr'><strong>magnum</strong></span> <span class='ocrx_word' id='word_1_471' title='bbox 1640 3848 1748 3904; x_wconf 80' lang='lat' dir='ltr'><strong>crctoeru</strong></span> 
     </span>
     <span class='ocr_line' id='line_1_41' title="bbox 139 3936 1710 4010; baseline -0.001 -17"><span class='ocrx_word' id='word_1_472' title='bbox 139 3936 211 3993; x_wconf 81' lang='lat' dir='ltr'><strong>&#39;l&#39;um</strong></span> <span class='ocrx_word' id='word_1_473' title='bbox 225 3939 381 3997; x_wconf 72' lang='lat' dir='ltr'><strong>frendentes</strong></span> <span class='ocrx_word' id='word_1_474' title='bbox 393 3957 424 3999; x_wconf 87' lang='lat' dir='ltr'><strong>ac</strong></span> <span class='ocrx_word' id='word_1_475' title='bbox 438 3942 585 4000; x_wconf 76' lang='lat' dir='ltr'><strong>trementes</strong></span> <span class='ocrx_word' id='word_1_476' title='bbox 595 3943 703 4001; x_wconf 72' lang='lat' dir='ltr'><strong>Satanae</strong></span> <span class='ocrx_word' id='word_1_477' title='bbox 719 3945 860 4010; x_wconf 87' lang='lat' dir='ltr'><strong>satellites,</strong></span> <span class='ocrx_word' id='word_1_478' title='bbox 985 3941 1084 3995; x_wconf 82' lang='lat' dir='ltr'><strong>lterum</strong></span> <span class='ocrx_word' id='word_1_479' title='bbox 1100 3939 1218 4003; x_wconf 89' lang='lat' dir='ltr'><strong>culmen,</strong></span> <span class='ocrx_word' id='word_1_480' title='bbox 1232 3947 1297 3994; x_wconf 90' lang='lat' dir='ltr'><strong>tunc</strong></span> <span class='ocrx_word' id='word_1_481' title='bbox 1312 3938 1433 3993; x_wconf 77' lang='lat' dir='ltr'><strong>lloznana</strong></span> <span class='ocrx_word' id='word_1_482' title='bbox 1448 3937 1534 3993; x_wconf 90' lang='lat' dir='ltr'><strong>lector</strong></span> <span class='ocrx_word' id='word_1_483' title='bbox 1543 3939 1571 3992; x_wconf 91' lang='lat' dir='ltr'><strong>in</strong></span> <span class='ocrx_word' id='word_1_484' title='bbox 1585 3937 1710 4000; x_wconf 86' lang='lat' dir='ltr'><strong>ecclesir;</strong></span> 
     </span>
     <span class='ocr_line' id='line_1_42' title="bbox 139 4018 1795 4102; baseline 0.001 -16"><span class='ocrx_word' id='word_1_485' title='bbox 139 4032 336 4102; x_wconf 78' lang='lat' dir='ltr'><strong>Primoipsum,</strong></span> <span class='ocrx_word' id='word_1_486' title='bbox 348 4048 430 4102; x_wconf 87' lang='lat' dir='ltr'><strong>quem</strong></span> <span class='ocrx_word' id='word_1_487' title='bbox 443 4034 597 4098; x_wconf 88' lang='lat' dir='ltr'><strong>trabebant,</strong></span> <span class='ocrx_word' id='word_1_488' title='bbox 606 4036 742 4092; x_wconf 90' lang='lat' dir='ltr'><strong>trucidant</strong></span> <span class='ocrx_word' id='word_1_489' title='bbox 752 4035 932 4102; x_wconf 68' lang='lat' dir='ltr'><strong>arthemium,</strong></span> <span class='ocrx_word' id='word_1_490' title='bbox 984 4032 1048 4088; x_wconf 80' lang='lat' dir='ltr'><strong>l‘ost</strong></span> <span class='ocrx_word' id='word_1_491' title='bbox 1067 4033 1124 4087; x_wconf 78' lang='lat' dir='ltr'><strong>buc</strong></span> <span class='ocrx_word' id='word_1_492' title='bbox 1136 4041 1232 4088; x_wconf 87' lang='lat' dir='ltr'><strong>cnrrcta</strong></span> <span class='ocrx_word' id='word_1_493' title='bbox 1248 4046 1431 4094; x_wconf 85' lang='lat' dir='ltr'><strong>memorasse.</strong></span> <span class='ocrx_word' id='word_1_494' title='bbox 1454 4047 1487 4086; x_wconf 91' lang='lat' dir='ltr'><strong>ac</strong></span> <span class='ocrx_word' id='word_1_495' title='bbox 1503 4032 1647 4089; x_wconf 81' lang='lat' dir='ltr'><strong>maridasse</strong></span> <span class='ocrx_word' id='word_1_496' title='bbox 1666 4025 1748 4087; x_wconf 73' lang='lat' dir='ltr'><strong>lituis</strong></span> <span class='ocrx_word' id='word_1_497' title='bbox 1792 4018 1795 4023; x_wconf 41' lang='lat'><strong>¹</strong></span> 
     </span>
     <span class='ocr_line' id='line_1_43' title="bbox 140 4122 1598 4194; baseline 0 -16"><span class='ocrx_word' id='word_1_498' title='bbox 140 4126 211 4180; x_wconf 77' lang='lat' dir='ltr'><strong>Ense</strong></span> <span class='ocrx_word' id='word_1_499' title='bbox 223 4124 292 4178; x_wconf 91' lang='lat' dir='ltr'><strong>duro</strong></span> <span class='ocrx_word' id='word_1_500' title='bbox 306 4122 436 4180; x_wconf 85' lang='lat' dir='ltr'><strong>lerientes</strong></span> <span class='ocrx_word' id='word_1_501' title='bbox 453 4123 601 4181; x_wconf 81' lang='lat' dir='ltr'><strong>allecemnt</strong></span> <span class='ocrx_word' id='word_1_502' title='bbox 614 4135 771 4192; x_wconf 79' lang='lat' dir='ltr'><strong>martyrem.</strong></span> <span class='ocrx_word' id='word_1_503' title='bbox 984 4122 1053 4178; x_wconf 87' lang='lat' dir='ltr'><strong>Cum</strong></span> <span class='ocrx_word' id='word_1_504' title='bbox 1068 4122 1140 4179; x_wconf 90' lang='lat' dir='ltr'><strong>illius</strong></span> <span class='ocrx_word' id='word_1_505' title='bbox 1154 4122 1231 4178; x_wconf 87' lang='lat' dir='ltr'><strong>alrnae</strong></span> <span class='ocrx_word' id='word_1_506' title='bbox 1246 4123 1318 4179; x_wconf 91' lang='lat' dir='ltr'><strong>sedis</strong></span> <span class='ocrx_word' id='word_1_507' title='bbox 1328 4122 1464 4178; x_wconf 89' lang='lat' dir='ltr'><strong>obtineret</strong></span> <span class='ocrx_word' id='word_1_508' title='bbox 1476 4124 1598 4194; x_wconf 88' lang='lat' dir='ltr'><strong>apicem,</strong></span> 
     </span>
     <span class='ocr_line' id='line_1_44' title="bbox 139 4213 1563 4287; baseline 0.001 -18"><span class='ocrx_word' id='word_1_509' title='bbox 139 4213 223 4285; x_wconf 82' lang='lat' dir='ltr'><strong>(lujus</strong></span> <span class='ocrx_word' id='word_1_510' title='bbox 238 4215 298 4269; x_wconf 89' lang='lat' dir='ltr'><strong>neci</strong></span> <span class='ocrx_word' id='word_1_511' title='bbox 313 4213 511 4284; x_wconf 80' lang='lat' dir='ltr'><strong>conjunxerunt</strong></span> <span class='ocrx_word' id='word_1_512' title='bbox 526 4217 668 4287; x_wconf 85' lang='lat' dir='ltr'><strong>conjugem</strong></span> <span class='ocrx_word' id='word_1_513' title='bbox 681 4232 714 4273; x_wconf 91' lang='lat' dir='ltr'><strong>ac</strong></span> <span class='ocrx_word' id='word_1_514' title='bbox 726 4216 825 4279; x_wconf 88' lang='lat' dir='ltr'><strong>liliam;</strong></span> <span class='ocrx_word' id='word_1_515' title='bbox 986 4215 1019 4269; x_wconf 74' lang='lat' dir='ltr'><strong>Er</strong></span> <span class='ocrx_word' id='word_1_516' title='bbox 1034 4215 1061 4268; x_wconf 95' lang='lat' dir='ltr'><strong>in</strong></span> <span class='ocrx_word' id='word_1_517' title='bbox 1076 4223 1133 4270; x_wconf 89' lang='lat' dir='ltr'><strong>tota</strong></span> <span class='ocrx_word' id='word_1_518' title='bbox 1146 4215 1298 4285; x_wconf 87' lang='lat' dir='ltr'><strong>principatu</strong></span> <span class='ocrx_word' id='word_1_519' title='bbox 1314 4215 1563 4285; x_wconf 85' lang='lat' dir='ltr'><strong>polleretecclesia.</strong></span> 
     </span>
     <span class='ocr_line' id='line_1_45' title="bbox 140 4306 1672 4378; baseline 0.001 -18"><span class='ocrx_word' id='word_1_520' title='bbox 140 4306 225 4374; x_wconf 82' lang='lat' dir='ltr'><strong>Quas,</strong></span> <span class='ocrx_word' id='word_1_521' title='bbox 238 4321 287 4376; x_wconf 90' lang='lat' dir='ltr'><strong>per</strong></span> <span class='ocrx_word' id='word_1_522' title='bbox 297 4315 398 4377; x_wconf 72' lang='lat' dir='ltr'><strong>cryptae</strong></span> <span class='ocrx_word' id='word_1_523' title='bbox 412 4306 536 4362; x_wconf 88' lang='lat' dir='ltr'><strong>liminare</strong></span> <span class='ocrx_word' id='word_1_524' title='bbox 550 4322 670 4378; x_wconf 68' lang='lat' dir='ltr'><strong>preceps</strong></span> <span class='ocrx_word' id='word_1_525' title='bbox 682 4308 770 4372; x_wconf 88' lang='lat' dir='ltr'><strong>datas,</strong></span> <span class='ocrx_word' id='word_1_526' title='bbox 780 4309 899 4362; x_wconf 87' lang='lat' dir='ltr'><strong>obmunt</strong></span> <span class='ocrx_word' id='word_1_527' title='bbox 985 4306 1031 4361; x_wconf 87' lang='lat' dir='ltr'><strong>llle</strong></span> <span class='ocrx_word' id='word_1_528' title='bbox 1047 4315 1148 4371; x_wconf 72' lang='lat' dir='ltr'><strong>auum,</strong></span> <span class='ocrx_word' id='word_1_529' title='bbox 1164 4306 1210 4376; x_wconf 92' lang='lat' dir='ltr'><strong>qni</strong></span> <span class='ocrx_word' id='word_1_530' title='bbox 1228 4307 1322 4362; x_wconf 86' lang='lat' dir='ltr'><strong>beatos</strong></span> <span class='ocrx_word' id='word_1_531' title='bbox 1342 4317 1476 4378; x_wconf 86' lang='lat' dir='ltr'><strong>martyres</strong></span> <span class='ocrx_word' id='word_1_532' title='bbox 1490 4318 1672 4376; x_wconf 85' lang='lat' dir='ltr'><strong>percusserat,</strong></span> 
     </span>
     <span class='ocr_line' id='line_1_46' title="bbox 140 4394 1663 4472; baseline 0.002 -20"><span class='ocrx_word' id='word_1_533' title='bbox 140 4394 222 4452; x_wconf 87' lang='lat' dir='ltr'><strong>Saxis</strong></span> <span class='ocrx_word' id='word_1_534' title='bbox 236 4396 316 4452; x_wconf 91' lang='lat' dir='ltr'><strong>simul</strong></span> <span class='ocrx_word' id='word_1_535' title='bbox 330 4405 413 4468; x_wconf 90' lang='lat' dir='ltr'><strong>atque</strong></span> <span class='ocrx_word' id='word_1_536' title='bbox 430 4397 536 4468; x_wconf 89' lang='lat' dir='ltr'><strong>magnis</strong></span> <span class='ocrx_word' id='word_1_537' title='bbox 551 4411 695 4453; x_wconf 88' lang='lat' dir='ltr'><strong>arenarum</strong></span> <span class='ocrx_word' id='word_1_538' title='bbox 709 4397 835 4453; x_wconf 89' lang='lat' dir='ltr'><strong>molibus.</strong></span> <span class='ocrx_word' id='word_1_539' title='bbox 985 4400 1137 4454; x_wconf 85' lang='lat' dir='ltr'><strong>Dorotlreus</strong></span> <span class='ocrx_word' id='word_1_540' title='bbox 1148 4408 1336 4470; x_wconf 87' lang='lat' dir='ltr'><strong>cognomento,</strong></span> <span class='ocrx_word' id='word_1_541' title='bbox 1354 4413 1403 4468; x_wconf 89' lang='lat' dir='ltr'><strong>per</strong></span> <span class='ocrx_word' id='word_1_542' title='bbox 1417 4399 1537 4455; x_wconf 88' lang='lat' dir='ltr'><strong>divinam</strong></span> <span class='ocrx_word' id='word_1_543' title='bbox 1548 4401 1663 4472; x_wconf 89' lang='lat' dir='ltr'><strong>gratiam</strong></span> 
     </span>
     <span class='ocr_line' id='line_1_47' title="bbox 176 4487 1669 4560; baseline 0.001 -17"><span class='ocrx_word' id='word_1_544' title='bbox 176 4487 220 4543; x_wconf 76' lang='grc'><strong>15.</strong></span> <span class='ocrx_word' id='word_1_545' title='bbox 241 4489 310 4543; x_wconf 84' lang='lat' dir='ltr'><strong>Tum</strong></span> <span class='ocrx_word' id='word_1_546' title='bbox 323 4489 419 4544; x_wconf 90' lang='lat' dir='ltr'><strong>beatos</strong></span> <span class='ocrx_word' id='word_1_547' title='bbox 428 4496 580 4544; x_wconf 89' lang='lat' dir='ltr'><strong>assertores</strong></span> <span class='ocrx_word' id='word_1_548' title='bbox 591 4488 712 4543; x_wconf 88' lang='lat' dir='ltr'><strong>veritatis</strong></span> <span class='ocrx_word' id='word_1_549' title='bbox 724 4487 835 4558; x_wconf 87' lang='lat' dir='ltr'><strong>alligant</strong></span> <span class='ocrx_word' id='word_1_550' title='bbox 985 4490 1026 4546; x_wconf 80' lang='lat' dir='ltr'><strong>Ad</strong></span> <span class='ocrx_word' id='word_1_551' title='bbox 1038 4491 1163 4559; x_wconf 89' lang='lat' dir='ltr'><strong>baptismi</strong></span> <span class='ocrx_word' id='word_1_552' title='bbox 1176 4499 1376 4546; x_wconf 90' lang='lat' dir='ltr'><strong>sacramentnm</strong></span> <span class='ocrx_word' id='word_1_553' title='bbox 1392 4490 1549 4560; x_wconf 85' lang='lat' dir='ltr'><strong>pervenisse</strong></span> <span class='ocrx_word' id='word_1_554' title='bbox 1561 4491 1669 4557; x_wconf 85' lang='lat' dir='ltr'><strong>dicitur,</strong></span> 
     </span>
     <span class='ocr_line' id='line_1_48' title="bbox 140 4577 1642 4654; baseline 0.002 -20"><span class='ocrx_word' id='word_1_555' title='bbox 140 4578 325 4635; x_wconf 86' lang='lat' dir='ltr'><strong>llarcellinum</strong></span> <span class='ocrx_word' id='word_1_556' title='bbox 339 4586 421 4648; x_wconf 88' lang='lat' dir='ltr'><strong>atque</strong></span> <span class='ocrx_word' id='word_1_557' title='bbox 432 4577 554 4643; x_wconf 87' lang='lat' dir='ltr'><strong>Petrum,</strong></span> <span class='ocrx_word' id='word_1_558' title='bbox 574 4578 668 4634; x_wconf 86' lang='lat' dir='ltr'><strong>avidos</strong></span> <span class='ocrx_word' id='word_1_559' title='bbox 680 4578 802 4648; x_wconf 87' lang='lat' dir='ltr'><strong>martyrii</strong></span> <span class='ocrx_word' id='word_1_560' title='bbox 816 4595 824 4643; x_wconf 88' lang='lat'>;</span> <span class='ocrx_word' id='word_1_561' title='bbox 986 4582 1098 4637; x_wconf 87' lang='lat' dir='ltr'><strong>Sacram</strong></span> <span class='ocrx_word' id='word_1_562' title='bbox 1112 4583 1203 4638; x_wconf 88' lang='lat' dir='ltr'><strong>sedem</strong></span> <span class='ocrx_word' id='word_1_563' title='bbox 1219 4590 1282 4637; x_wconf 89' lang='lat' dir='ltr'><strong>tuoe</strong></span> <span class='ocrx_word' id='word_1_564' title='bbox 1294 4590 1405 4654; x_wconf 88' lang='lat' dir='ltr'><strong>regente</strong></span> <span class='ocrx_word' id='word_1_565' title='bbox 1418 4579 1490 4637; x_wconf 79' lang='lat' dir='ltr'><strong>iulio</strong></span> <span class='ocrx_word' id='word_1_566' title='bbox 1502 4582 1642 4651; x_wconf 89' lang='lat' dir='ltr'><strong>pontillce,</strong></span> 
     </span>
     <span class='ocr_line' id='line_1_49' title="bbox 138 4668 1690 4742; baseline 0.001 -18"><span class='ocrx_word' id='word_1_567' title='bbox 138 4670 348 4739; x_wconf 75' lang='lat' dir='ltr'><strong>Auneetuntque</strong></span> <span class='ocrx_word' id='word_1_568' title='bbox 365 4674 505 4723; x_wconf 79' lang='lat' dir='ltr'><strong>catemtos</strong></span> <span class='ocrx_word' id='word_1_569' title='bbox 517 4668 645 4722; x_wconf 89' lang='lat' dir='ltr'><strong>arbomm</strong></span> <span class='ocrx_word' id='word_1_570' title='bbox 656 4668 807 4737; x_wconf 87' lang='lat' dir='ltr'><strong>stipitibus,</strong></span> <span class='ocrx_word' id='word_1_571' title='bbox 987 4671 1125 4727; x_wconf 85' lang='lat' dir='ltr'><strong>Publicam</strong></span> <span class='ocrx_word' id='word_1_572' title='bbox 1136 4671 1216 4727; x_wconf 90' lang='lat' dir='ltr'><strong>simul</strong></span> <span class='ocrx_word' id='word_1_573' title='bbox 1231 4687 1379 4742; x_wconf 87' lang='lat' dir='ltr'><strong>puramque</strong></span> <span class='ocrx_word' id='word_1_574' title='bbox 1392 4671 1477 4741; x_wconf 85' lang='lat' dir='ltr'><strong>gessit</strong></span> <span class='ocrx_word' id='word_1_575' title='bbox 1489 4671 1690 4740; x_wconf 65' lang='lat' dir='ltr'><strong>penitentiam,</strong></span> 
     </span>
     <span class='ocr_line' id='line_1_50' title="bbox 141 4758 1662 4834; baseline 0.003 -19"><span class='ocrx_word' id='word_1_576' title='bbox 141 4762 233 4815; x_wconf 84' lang='lat' dir='ltr'><strong>Donec</strong></span> <span class='ocrx_word' id='word_1_577' title='bbox 247 4767 318 4814; x_wconf 88' lang='lat' dir='ltr'><strong>tetro</strong></span> <span class='ocrx_word' id='word_1_578' title='bbox 332 4758 491 4813; x_wconf 89' lang='lat' dir='ltr'><strong>nuntiarent</strong></span> <span class='ocrx_word' id='word_1_579' title='bbox 505 4765 702 4813; x_wconf 88' lang='lat' dir='ltr'><strong>tormentorum</strong></span> <span class='ocrx_word' id='word_1_580' title='bbox 715 4758 834 4821; x_wconf 87' lang='lat' dir='ltr'><strong>arbitro,</strong></span> <span class='ocrx_word' id='word_1_581' title='bbox 987 4764 1075 4833; x_wconf 77' lang='lat' dir='ltr'><strong>Atque</strong></span> <span class='ocrx_word' id='word_1_582' title='bbox 1093 4780 1198 4818; x_wconf 91' lang='lat' dir='ltr'><strong>morum</strong></span> <span class='ocrx_word' id='word_1_583' title='bbox 1211 4764 1345 4834; x_wconf 85' lang='lat' dir='ltr'><strong>probitate</strong></span> <span class='ocrx_word' id='word_1_584' title='bbox 1366 4763 1495 4833; x_wconf 84' lang='lat' dir='ltr'><strong>consequi</strong></span> <span class='ocrx_word' id='word_1_585' title='bbox 1510 4763 1662 4833; x_wconf 84' lang='lat' dir='ltr'><strong>promeruit</strong></span> 
     </span>
     <span class='ocr_line' id='line_1_51' title="bbox 138 4845 1613 4924; baseline -0.001 -16"><span class='ocrx_word' id='word_1_586' title='bbox 138 4854 229 4923; x_wconf 76' lang='lat' dir='ltr'><strong>Atque</strong></span> <span class='ocrx_word' id='word_1_587' title='bbox 241 4851 300 4922; x_wconf 87' lang='lat' dir='ltr'><strong>ipso</strong></span> <span class='ocrx_word' id='word_1_588' title='bbox 313 4850 506 4919; x_wconf 88' lang='lat' dir='ltr'><strong>comperirent,</strong></span> <span class='ocrx_word' id='word_1_589' title='bbox 516 4848 680 4903; x_wconf 88' lang='lat' dir='ltr'><strong>deoemeote</strong></span> <span class='ocrx_word' id='word_1_590' title='bbox 690 4845 792 4917; x_wconf 79' lang='lat' dir='ltr'><strong>iudice.</strong></span> <span class='ocrx_word' id='word_1_591' title='bbox 988 4854 1153 4923; x_wconf 75' lang='lat' dir='ltr'><strong>sempiterni</strong></span> <span class='ocrx_word' id='word_1_592' title='bbox 1165 4854 1307 4910; x_wconf 81' lang='lat' dir='ltr'><strong>salvatoris</strong></span> <span class='ocrx_word' id='word_1_593' title='bbox 1320 4854 1467 4909; x_wconf 88' lang='lat' dir='ltr'><strong>salutarem</strong></span> <span class='ocrx_word' id='word_1_594' title='bbox 1484 4853 1613 4924; x_wconf 87' lang='lat' dir='ltr'><strong>gratiam,</strong></span> 
     </span>
     <span class='ocr_line' id='line_1_52' title="bbox 140 4938 1723 5017; baseline -0.001 -19"><span class='ocrx_word' id='word_1_595' title='bbox 140 4943 218 5010; x_wconf 75' lang='lat' dir='ltr'><strong>Quali</strong></span> <span class='ocrx_word' id='word_1_596' title='bbox 234 4951 322 4997; x_wconf 90' lang='lat' dir='ltr'><strong>morte</strong></span> <span class='ocrx_word' id='word_1_597' title='bbox 335 4941 425 5013; x_wconf 87' lang='lat' dir='ltr'><strong>magni</strong></span> <span class='ocrx_word' id='word_1_598' title='bbox 439 4938 530 4996; x_wconf 90' lang='lat' dir='ltr'><strong>lorent</strong></span> <span class='ocrx_word' id='word_1_599' title='bbox 542 4940 717 4996; x_wconf 88' lang='lat' dir='ltr'><strong>consumendi</strong></span> <span class='ocrx_word' id='word_1_600' title='bbox 732 4948 877 5010; x_wconf 86' lang='lat' dir='ltr'><strong>martyres.</strong></span> <span class='ocrx_word' id='word_1_601' title='bbox 986 4947 1037 5001; x_wconf 82' lang='lat' dir='ltr'><strong>l‘cr</strong></span> <span class='ocrx_word' id='word_1_602' title='bbox 1048 4947 1168 5010; x_wconf 87' lang='lat' dir='ltr'><strong>illomm,</strong></span> <span class='ocrx_word' id='word_1_603' title='bbox 1182 4960 1251 5017; x_wconf 91' lang='lat' dir='ltr'><strong>quos</strong></span> <span class='ocrx_word' id='word_1_604' title='bbox 1264 4946 1410 5015; x_wconf 86' lang='lat' dir='ltr'><strong>percussit,</strong></span> <span class='ocrx_word' id='word_1_605' title='bbox 1420 4945 1564 5000; x_wconf 90' lang='lat' dir='ltr'><strong>beatorum</strong></span> <span class='ocrx_word' id='word_1_606' title='bbox 1577 4952 1723 5016; x_wconf 83' lang='lat' dir='ltr'><strong>martyram</strong></span> 
     </span>
     <span class='ocr_line' id='line_1_53' title="bbox 139 5031 1734 5106; baseline -0.004 -15"><span class='ocrx_word' id='word_1_607' title='bbox 139 5037 191 5103; x_wconf 80' lang='lat' dir='ltr'><strong>Qui</strong></span> <span class='ocrx_word' id='word_1_608' title='bbox 204 5036 268 5091; x_wconf 88' lang='lat' dir='ltr'><strong>dum</strong></span> <span class='ocrx_word' id='word_1_609' title='bbox 283 5042 380 5090; x_wconf 88' lang='lat' dir='ltr'><strong>macta</strong></span> <span class='ocrx_word' id='word_1_610' title='bbox 394 5033 565 5104; x_wconf 87' lang='lat' dir='ltr'><strong>cognovisset</strong></span> <span class='ocrx_word' id='word_1_611' title='bbox 576 5040 653 5103; x_wconf 87' lang='lat' dir='ltr'><strong>gesta</strong></span> <span class='ocrx_word' id='word_1_612' title='bbox 673 5047 787 5102; x_wconf 75' lang='lat' dir='ltr'><strong>qumque</strong></span> <span class='ocrx_word' id='word_1_613' title='bbox 801 5031 932 5098; x_wconf 84' lang='lat' dir='ltr'><strong>jusserat,</strong></span> <span class='ocrx_word' id='word_1_614' title='bbox 986 5037 1064 5092; x_wconf 75' lang='lat' dir='ltr'><strong>Nunc</strong></span> <span class='ocrx_word' id='word_1_615' title='bbox 1077 5045 1105 5092; x_wconf 91' lang='lat' dir='ltr'><strong>et</strong></span> <span class='ocrx_word' id='word_1_616' title='bbox 1117 5052 1225 5106; x_wconf 87' lang='lat' dir='ltr'><strong>semper</strong></span> <span class='ocrx_word' id='word_1_617' title='bbox 1242 5035 1447 5092; x_wconf 88' lang='lat' dir='ltr'><strong>memorandam</strong></span> <span class='ocrx_word' id='word_1_618' title='bbox 1463 5035 1561 5090; x_wconf 87' lang='lat' dir='ltr'><strong>miram</strong></span> <span class='ocrx_word' id='word_1_619' title='bbox 1573 5034 1734 5105; x_wconf 74' lang='lat' dir='ltr'><strong>patientiam.</strong></span> 
     </span>
     <span class='ocr_line' id='line_1_54' title="bbox 139 5123 1674 5199; baseline -0.003 -15"><span class='ocrx_word' id='word_1_620' title='bbox 139 5129 251 5199; x_wconf 76' lang='lat' dir='ltr'><strong>liigram</strong></span> <span class='ocrx_word' id='word_1_621' title='bbox 262 5127 340 5196; x_wconf 77' lang='lat' dir='ltr'><strong>jubet</strong></span> <span class='ocrx_word' id='word_1_622' title='bbox 360 5127 432 5181; x_wconf 90' lang='lat' dir='ltr'><strong>intra</strong></span> <span class='ocrx_word' id='word_1_623' title='bbox 445 5124 541 5181; x_wconf 90' lang='lat' dir='ltr'><strong>silvam</strong></span> <span class='ocrx_word' id='word_1_624' title='bbox 554 5132 664 5179; x_wconf 88' lang='lat' dir='ltr'><strong>sanctos</strong></span> <span class='ocrx_word' id='word_1_625' title='bbox 675 5123 738 5178; x_wconf 91' lang='lat' dir='ltr'><strong>duci</strong></span> <span class='ocrx_word' id='word_1_626' title='bbox 751 5131 896 5193; x_wconf 80' lang='lat' dir='ltr'><strong>martyres,</strong></span> <span class='ocrx_word' id='word_1_627' title='bbox 986 5127 1036 5194; x_wconf 77' lang='lat' dir='ltr'><strong>Qui</strong></span> <span class='ocrx_word' id='word_1_628' title='bbox 1051 5127 1084 5182; x_wconf 88' lang='lat' dir='ltr'><strong>de</strong></span> <span class='ocrx_word' id='word_1_629' title='bbox 1094 5125 1188 5181; x_wconf 90' lang='lat' dir='ltr'><strong>mundi</strong></span> <span class='ocrx_word' id='word_1_630' title='bbox 1203 5123 1535 5195; x_wconf 76' lang='lat' dir='ltr'><strong>triumphantesprlnctpc</strong></span> <span class='ocrx_word' id='word_1_631' title='bbox 1544 5123 1653 5180; x_wconf 90' lang='lat' dir='ltr'><strong>diabolo</strong></span> <span class='ocrx_word' id='word_1_632' title='bbox 1666 5162 1674 5187; x_wconf 92' lang='lat'><strong>,</strong></span> 
     </span>
     <span class='ocr_line' id='line_1_55' title="bbox 141 5212 1694 5288; baseline -0.003 -15"><span class='ocrx_word' id='word_1_633' title='bbox 141 5219 175 5273; x_wconf 80' lang='lat' dir='ltr'><strong>lit</strong></span> <span class='ocrx_word' id='word_1_634' title='bbox 194 5219 259 5275; x_wconf 87' lang='lat' dir='ltr'><strong>inibi</strong></span> <span class='ocrx_word' id='word_1_635' title='bbox 274 5216 417 5288; x_wconf 86' lang='lat' dir='ltr'><strong>capitalem</strong></span> <span class='ocrx_word' id='word_1_636' title='bbox 434 5228 533 5286; x_wconf 87' lang='lat' dir='ltr'><strong>capere</strong></span> <span class='ocrx_word' id='word_1_637' title='bbox 545 5213 718 5270; x_wconf 89' lang='lat' dir='ltr'><strong>sententiam.</strong></span> <span class='ocrx_word' id='word_1_638' title='bbox 986 5217 1014 5269; x_wconf 94' lang='lat' dir='ltr'><strong>ln</strong></span> <span class='ocrx_word' id='word_1_639' title='bbox 1028 5216 1154 5285; x_wconf 87' lang='lat' dir='ltr'><strong>supernis</strong></span> <span class='ocrx_word' id='word_1_640' title='bbox 1167 5214 1291 5271; x_wconf 87' lang='lat' dir='ltr'><strong>collocati</strong></span> <span class='ocrx_word' id='word_1_641' title='bbox 1308 5230 1417 5286; x_wconf 83' lang='lat' dir='ltr'><strong>seraper</strong></span> <span class='ocrx_word' id='word_1_642' title='bbox 1429 5215 1549 5285; x_wconf 85' lang='lat' dir='ltr'><strong>gandent</strong></span> <span class='ocrx_word' id='word_1_643' title='bbox 1565 5212 1694 5275; x_wconf 72' lang='lat' dir='ltr'><strong>sedunus,</strong></span> 
     </span>
     <span class='ocr_line' id='line_1_56' title="bbox 141 5300 1708 5378; baseline -0.004 -16"><span class='ocrx_word' id='word_1_644' title='bbox 141 5312 274 5377; x_wconf 77' lang='lat' dir='ltr'><strong>Quocum</strong></span> <span class='ocrx_word' id='word_1_645' title='bbox 288 5323 335 5363; x_wconf 89' lang='lat' dir='ltr'><strong>cos</strong></span> <span class='ocrx_word' id='word_1_646' title='bbox 348 5307 523 5364; x_wconf 82' lang='lat' dir='ltr'><strong>deduxissent</strong></span> <span class='ocrx_word' id='word_1_647' title='bbox 536 5305 688 5361; x_wconf 80' lang='lat' dir='ltr'><strong>dmmorrum</strong></span> <span class='ocrx_word' id='word_1_648' title='bbox 703 5302 843 5367; x_wconf 88' lang='lat' dir='ltr'><strong>satellites,</strong></span> <span class='ocrx_word' id='word_1_649' title='bbox 988 5303 1222 5370; x_wconf 66' lang='lat' dir='ltr'><strong>mactatarum,</strong></span> <span class='ocrx_word' id='word_1_650' title='bbox 1244 5319 1294 5374; x_wconf 88' lang='lat' dir='ltr'><strong>per</strong></span> <span class='ocrx_word' id='word_1_651' title='bbox 1300 5312 1408 5378; x_wconf 73' lang='lat' dir='ltr'><strong>aeterua</strong></span> <span class='ocrx_word' id='word_1_652' title='bbox 1425 5304 1587 5362; x_wconf 77' lang='lat' dir='ltr'><strong>seculorum</strong></span> <span class='ocrx_word' id='word_1_653' title='bbox 1601 5300 1708 5360; x_wconf 77' lang='lat' dir='ltr'><strong>secula.</strong></span> 
     </span>
     <span class='ocr_line' id='line_1_57' title="bbox 140 5392 793 5466; baseline -0.006 -14"><span class='ocrx_word' id='word_1_654' title='bbox 140 5397 181 5453; x_wconf 92' lang='lat' dir='ltr'><strong>llli</strong></span> <span class='ocrx_word' id='word_1_655' title='bbox 196 5399 249 5454; x_wconf 79' lang='lat' dir='ltr'><strong>laeti</strong></span> <span class='ocrx_word' id='word_1_656' title='bbox 263 5407 291 5455; x_wconf 90' lang='lat' dir='ltr'><strong>ct</strong></span> <span class='ocrx_word' id='word_1_657' title='bbox 307 5399 413 5455; x_wconf 88' lang='lat' dir='ltr'><strong>alacres</strong></span> <span class='ocrx_word' id='word_1_658' title='bbox 426 5397 622 5466; x_wconf 84' lang='lat' dir='ltr'><strong>laudantesque</strong></span> <span class='ocrx_word' id='word_1_659' title='bbox 639 5392 793 5460; x_wconf 79' lang='lat' dir='ltr'><strong>bominum,</strong></span> 
     </span>
    </p>
   </div>
   <div class='ocr_carea' id='block_1_3' title="bbox 178 5528 1395 5666">
    <p class='ocr_par' dir='ltr' id='par_1_3' title="bbox 178 5528 1395 5666">
     <span class='ocr_line' id='line_1_58' title="bbox 178 5528 1395 5666; baseline -0.016 -12"><span class='ocrx_word' id='word_1_660' title='bbox 178 5528 240 5653; x_wconf 45' lang='lat' dir='ltr'><strong>:lib</strong></span> <span class='ocrx_word' id='word_1_661' title='bbox 250 5529 521 5666; x_wconf 47' lang='lat' dir='ltr'><strong>Tlfflsstt??bag?crrdo.</strong></span> <span class='ocrx_word' id='word_1_662' title='bbox 1024 5597 1035 5624; x_wconf 71' lang='lat'><em>⁶</em></span> <span class='ocrx_word' id='word_1_663' title='bbox 1055 5584 1086 5638; x_wconf 86' lang='lat' dir='ltr'><strong>b.</strong></span> <span class='ocrx_word' id='word_1_664' title='bbox 1105 5581 1209 5648; x_wconf 87' lang='lat' dir='ltr'><strong>Teulet‚</strong></span> <span class='ocrx_word' id='word_1_665' title='bbox 1224 5598 1266 5636; x_wconf 87' lang='lat' dir='ltr'><strong>ros</strong></span> <span class='ocrx_word' id='word_1_666' title='bbox 1281 5589 1395 5636; x_wconf 81' lang='lat' dir='ltr'><strong>econtra.</strong></span> 
     </span>
    </p>
   </div>
   <div class='ocr_carea' id='block_1_4' title="bbox 0 0 1929 6116">
    <p class='ocr_par' dir='ltr' id='par_1_4' title="bbox 0 0 1929 6116">
     <span class='ocr_line' id='line_1_59' title="bbox 0 0 1929 6116; baseline 0 0"><span class='ocrx_word' id='word_1_667' title='bbox 0 0 1929 6116; x_wconf 95' lang='lat' dir='ltr'><strong> </strong></span> 
     </span>
    </p>
   </div>
  </div>
 </body>
</html>
