3832 6120
96 320 135 386 m
435 384 445 397 ,
667 320 1168 397 oomsoumruruoaoruu.
1700 334 1737 402 ro

90 446 176 500 ustus
194 438 229 494 de
247 433 335 491 alteru
352 440 449 507 patre,
469 450 524 492 non
544 436 688 509 adoptatur
701 454 717 494 a
731 439 787 497 Deo
799 438 889 495 Patre.
904 446 1081 515 Anunquam
1095 447 1194 503 talibus
1214 450 1362 518 obnoxius,
1379 447 1446 508 nihil
1465 452 1538 511 aliod
1556 470 1617 513 esse
1634 458 1737 531 possit,

90 532 163 603 Quia
183 543 250 591 vero
271 527 394 597 nascitur
413 541 447 591 aa
467 529 524 587 uso
542 529 640 597 Palas,
656 545 708 587 nee
727 546 790 587 eum
809 531 891 587 homo
943 534 996 591 nisi
1008 535 1094 592 Filius
1107 540 1233 608 proprius
1246 547 1274 594 et
1287 557 1369 597 verus
1382 553 1484 600 aeterna
1500 545 1650 602 nativitate.
1671 548 1740 606 Pro·

90 625 145 689 sit,
161 622 308 692 adoptatur
323 634 339 673 a
354 618 451 686 Patre;
468 620 531 690 quia
552 622 580 676 in
599 622 784 692 assumptione
799 622 890 680 carnis
943 636 1004 700 pter
1014 630 1086 699 quod
1097 631 1178 687 etiam
1191 648 1252 688 cum
1267 635 1324 703 ipsa
1336 647 1476 705 assumpta
1490 638 1658 696 humanitate
1668 658 1738 700 nnus

89 730 146 773 nou
160 713 192 771 us
205 712 294 781 alten
316 713 366 771 ssd
385 712 469 783 isqui
483 722 543 770 erat
555 714 643 782 Deus,
658 714 776 773 eilieitur
789 718 888 784 homo,
942 732 986 776 est
999 736 1079 778 verus
1092 722 1163 779 Deus
1177 740 1240 779 cnm
1251 725 1343 792 Patre,
1356 743 1410 783 non
1423 731 1566 798 posterior,
1580 747 1634 786 non
1650 733 1739 789 ruinor

89 809 164 865 lleus
186 817 269 865 natus
290 807 350 875 sine
372 807 450 869 initio
472 816 583 880 propter
604 825 650 874 se,
675 809 757 866 homo
778 818 890 866 salusa
943 812 1041 881 Patre,
1056 823 1104 868 aut
1119 814 1223 885 Spiritu
1237 826 1347 881 sancto,
1365 834 1419 873 nou
1436 818 1563 875 differens
1578 820 1736 890 majestate,

89 910 169 960 certo
183 900 260 967 initio
273 908 385 971 propter
399 916 464 967 nos,
477 916 548 958 unus
559 909 586 957 et
599 901 709 969 unicus,
723 903 850 973 proprius
863 910 891 959 et
944 921 998 961 non
1023 906 1110 978 impar
1131 917 1285 978 potestate,
1309 926 1362 966 non
1388 912 1545 982 discrepans
1567 916 1736 983 operatione.

89 1010 185 1063 serus.
205 993 262 1051 Nec
274 1002 437 1065 propterea,
452 996 516 1066 quia
530 996 668 1067 particeps
686 997 746 1052 iveri
766 997 892 1068 dignaatus
944 996 1044 1053 Sancta
1065 999 1138 1054 enim
1159 1001 1217 1056 haec
1238 1002 1374 1069 Trinitas,
1388 1005 1504 1059 discreta
1527 1006 1668 1075 personis,
1683 1020 1738 1061 uon

91 1100 137 1149 sst
149 1088 308 1154 suirstautiae
320 1096 348 1145 et
360 1090 534 1146 mortalitatis
546 1099 646 1147 nostras
658 1092 796 1163 particeps
810 1092 892 1147 etiam
942 1089 1114 1159 separabilis,
1127 1106 1211 1145 unum
1224 1100 1297 1146 suut.
1312 1093 1387 1149 linus
1401 1103 1460 1159 est,
1474 1110 1527 1149 noo
1542 1095 1569 1150 in
1582 1113 1634 1151 uua
1646 1112 1740 1153 essen·

89 1176 184 1249 iactam
204 1178 355 1243 credendus
375 1188 418 1237 est
436 1187 464 1236 et
486 1180 671 1248 conditionis;
694 1198 755 1237 eum
776 1198 841 1250 nos,
862 1190 894 1237 ut
943 1182 996 1247 tia,
1013 1183 1128 1239 seduna
1142 1184 1277 1248 essentia,
1292 1200 1345 1238 una
1361 1187 1529 1252 substantia,
1544 1189 1737 1256 unonomine,

91 1285 176 1340 supra
187 1271 246 1342 jam
258 1270 360 1329 dimam
373 1280 431 1340 est,
445 1273 600 1330 conditione
614 1290 770 1341 nascamur,
783 1275 828 1332 ills
841 1276 893 1330 mi·
943 1288 998 1327 uon
1019 1282 1135 1340 nasama,
1157 1275 1250 1329 vivens
1268 1283 1296 1329 et
1315 1290 1448 1344 regnans,
1468 1277 1528 1332 sine
1551 1279 1739 1334 recordatione

92 1362 260 1431 sericovdia,
275 1378 324 1427 nes
335 1362 425 1423 dehita
439 1366 599 1433 moriamur,
614 1368 659 1423 ille
671 1376 806 1439 potestate
819 1385 826 1434 ;
841 1381 891 1423 uos
942 1365 1158 1436 preteritorum,
1183 1367 1242 1420 sine
1265 1368 1469 1436 exspectatione
1494 1367 1663 1437 futurorum,
1688 1383 1739 1442 per

90 1451 311 1524 diospomstau
330 1453 363 1515 de
384 1453 448 1512 liliis
461 1457 510 1513 ire
523 1456 674 1514 efficiamur
691 1458 741 1514 dlii
763 1457 831 1524 liei,
847 1457 892 1513 illo
942 1455 1036 1511 omnia
1049 1455 1148 1510 saecula
1163 1456 1333 1512 saeculorum.
1348 1457 1446 1514 Arnen.

97 1591 1732 1633 mm

520 1712 620 1788 αιιι
657 1708 877 1790 numnam
908 1708 1313 1804 russurrensis,

396 1889 488 2006 DE
533 1888 962 2009 INSOLENTIA
1001 1889 1428 2013 JUDAEORUM.

133 2172 156 2246 L
181 2173 424 2247 chrigtiapissimm
436 2181 465 2235 st
475 2188 541 2237 vere
555 2172 688 2244 piissimo,
705 2181 733 2233 et
745 2173 773 2237 in
783 2173 893 2239 Christo
907 2179 932 2238 Β
944 2175 1096 2233 ctissimsm
1107 2173 1444 2233 sollicitudinemvestrsss
1456 2176 1492 2234 ds
1501 2192 1533 2234 ro
1545 2184 1600 2237 tam
1612 2195 1740 2243 nedem

90 2267 238 2338 sistuviac
252 2267 444 2339 triumphatur-i
459 2267 595 2333 Ludovioo
617 2267 781 2338 imperaturi
792 2266 892 2323 felicis·
942 2268 992 2329 ria,
1010 2283 1070 2338 quae
1085 2277 1133 2324 aut
1151 2268 1221 2335 sola,
1239 2277 1287 2325 ant
1299 2271 1434 2341 praecipua
1452 2279 1506 2338 est,
1521 2272 1565 2329 oui
1588 2290 1644 2345 pras
1657 2286 1738 2335 cate·

89 2357 174 2433 ῃῇιιιι,
189 2372 299 2437 semper
310 2355 609 2428 Ausustollgolsardus
622 2357 824 2427 abiectissimus
834 2373 892 2415 om·
942 2359 981 2415 ris
992 2374 1152 2416 succurrere
1162 2360 1427 2433 debeatgubernatio
1437 2374 1544 2431 vestm
1555 2367 1633 2438 eujus
1645 2385 1738 2426 narra·

91 2450 171 2508 nium
182 2463 324 2504 servorum
340 2455 503 2502 vestrorum.
942 2448 1044 2509 danem
1065 2451 1090 2505 si
1100 2452 1228 2521 prosequi
1248 2454 1397 2522 potuissem
1416 2455 1506 2510 tacitis
1524 2458 1739 2515 nominlrusaw

127 2539 199 2597 eum
216 2537 480 2607 deusomnipotens,
495 2536 541 2607 qui
551 2551 599 2592 vus
610 2544 674 2593 autc
689 2544 810 2609 tempora
822 2556 891 2611 pras·
941 2542 1171 2605 claramvallem
1190 2544 1312 2600 omniuo.
1340 2543 1395 2600 Sed
1414 2547 1477 2616 quia
1494 2545 1552 2601 lieri
1567 2564 1622 2605 noar
1635 2560 1736 2618 potest,

90 2629 177 2691 seivit
186 2638 215 2684 et
234 2626 430 2697 preordinavit
449 2633 585 2683 rectorem
600 2627 675 2695 pium
692 2628 812 2684 lutrrmm
824 2641 891 2687 tem·
941 2635 1082 2689 committo
1096 2650 1139 2690 me
1154 2636 1267 2692 bonitati
1281 2645 1308 2690 et
1318 2638 1457 2706 patientiae
1470 2649 1578 2705 vestra,
1591 2642 1680 2707 dando
1693 2659 1737 2709 me

90 2723 208 2815 porinus
221 2721 299 2779 valde
318 2721 493 2787 necessariis,
508 2720 695 2791 sublimaverit
716 2724 891 2793 prudentiam
940 2728 1080 2803 periculis,
1107 2736 1136 2791 et
1149 2729 1164 2786 i
1177 2729 1353 2791 innotescens
1366 2732 1443 2791 vonis
1458 2749 1519 2806 quar
1537 2743 1629 2805 tacere
1642 2738 1737 2809 porni-

89 2826 215 2889 sestraps
225 2825 252 2883 et
268 2817 390 2881 studium
403 2816 543 2888 religionis
564 2832 645 2889 snpra
668 2826 783 2885 caeteros
806 2820 891 2877 vestri
940 2819 1047 2887 clusam
1057 2829 1110 2880 ιιι.

90 2907 226 2979 mansoris
239 2907 383 2974 mortales,
405 2907 517 2963 dubium
529 2922 582 2965 uon
597 2918 640 2963 oss
650 2917 831 2978 praeparatum
842 2925 891 2966 vos

95 2999 131 3056 sd
146 2999 294 3063 remedium
314 2997 480 3069 temporibus
494 2997 666 3069 periculosis,
678 2997 712 3053 de
721 2999 891 3071 qsribusapo-
974 2996 1007 3065 il.
1031 2997 1170 3053 Venerunt
1184 2992 1734 3067 ⁰Gerricusetdllrederieusmuosprm·
1830 3007 1838 3023 ·

91 3087 182 3144 stolus
197 3087 333 3158 loquitur:
352 3076 385 3139 lu
400 3087 546 3140 nooissa'rm's
563 3087 654 3149 dicias
678 3088 812 3145 instalum
825 3098 891 3144 ters-
940 3088 1027 3147 currit
1043 3087 1205 3143 0Errardus
1221 3086 1231 3126 ¹
1256 3087 1332 3145 missi
1347 3087 1458 3157 quidam
1471 3087 1555 3147 vestri
1567 3102 1622 3143 non
1644 3095 1735 3145 tamen

89 3198 161 3257 poro
174 3181 333 3253 periculoso,
354 3189 467 3241 mersat
493 3180 611 3243 dossioes
627 3196 654 3237 ss
675 3180 745 3251 ipsos
760 3192 890 3248 amantes,
940 3181 1090 3252 peremnia
1102 3190 1190 3236 vestra
1204 3188 1328 3252 agentes,
1359 3182 1408 3236 sed
1426 3189 1550 3250 exparte
1565 3181 1691 3249 alterium
1705 3189 1734 3237 et

90 3273 194 3346 aspidi,
218 3273 291 3339 sinti,
315 3281 461 3338 steaemra,
476 3281 501 3327 et
519 3271 643 3327 dolestos
656 3273 760 3343 guidem
778 3276 890 3346 speciest
940 3272 1119 3341 ostenderunt
1131 3287 1160 3327 se
1173 3270 1336 3327 Christianis
1347 3271 1481 3328 terribiles
1495 3279 1523 3328 et
1533 3268 1635 3329 iudaeis
1645 3273 1736 3340 mites,

88 3371 209 3451 gietmis,
223 3373 345 3425 uirtutem
366 3380 453 3427 ortem
475 3369 720 3441 ejusoloegaates;
739 3369 772 3427 de
791 3367 889 3447 quihus
940 3362 1061 3433 maxime
1075 3363 1210 3435 Lugduni,
1230 3365 1275 3421 ulai
1286 3372 1393 3435 partem
1406 3366 1419 3406 ⁸
1430 3364 1629 3436 persecutionis
1641 3365 1738 3427 sdver-

88 3460 214 3527 nilailess
227 3462 439 3533 exspectandum
452 3461 525 3531 quod
542 3459 600 3529 jam
613 3476 667 3517 non
680 3460 817 3524 videatur,
835 3458 888 3515 nisi
940 3468 989 3517 sus
997 3454 1146 3514 Ecclesiam
1160 3457 1351 3525 depinxerunt,
1382 3457 1568 3526 quammultis
1582 3456 1737 3527 gemitibus,

89 3553 193 3610 sslutio
209 3551 327 3614 Satanae,
348 3560 376 3606 et
391 3550 498 3622 publica
519 3552 633 3607 calcatio
649 3557 753 3606 sanctae
769 3550 889 3605 civitatis
903 3558 926 3621 (ζ
941 3547 1067 3616 suspiriis
1077 3555 1105 3602 et
1120 3548 1247 3619 lacrymis
1258 3548 1476 3605 stimulaverunt.
1498 3548 1737 3620 Quaepersecutiu,

89 3643 232 3699 mensilms
256 3643 436 3715 quadraginta
451 3642 567 3709 duobus,
597 3659 656 3713 qarae
678 3642 768 3699 lutura
787 3651 889 3713 estper
941 3638 1004 3711 quin
1018 3638 1152 3710 praecipue
1167 3639 1310 3699 adversum
1323 3656 1367 3697 me
1380 3649 1441 3703 acta
1456 3649 1508 3707 est,
1523 3648 1661 3697 totaame
1672 3656 1737 3711 pro-

89 3747 175 3815 capus
189 3733 311 3797 omnium
334 3732 490 3807 iniquorum
502 3733 712 3791 Antichristum.
748 3734 816 3791 Cum
830 3734 889 3791 tac
941 3728 1030 3795 deum
1048 3745 1103 3795 non
1117 3740 1169 3796 est,
1184 3730 1237 3785 uisi
1260 3730 1331 3787 sorta
1358 3731 1569 3789 cleansntissima
1584 3730 1738 3787 sollicitudo

88 3826 175 3898 iflitttr
190 3826 227 3882 ita
238 3826 406 3892 saisiscant,
428 3827 544 3882 obsecro
561 3826 813 3899 tranquillissimum
829 3825 890 3880 lon·
940 3822 1117 3877 vestraseire
1132 3822 1257 3879 voluerit.
1299 3822 1402 3876 Tamen
1417 3823 1445 3875 in
1461 3830 1593 3892 quantum
1608 3821 1738 3883 Ecclesiae

88 3918 278 3995 ganimitatem
290 3927 423 3985 vestram,
451 3928 482 3975 ut
496 3919 643 3990 praebeatis
659 3917 888 3988 patientissimam
941 3912 1044 3970 Christi
1057 3913 1139 3968 noxia
1154 3923 1204 3979 cst,
1218 3913 1242 3967 sl
1258 3919 1347 3967 restra
1359 3912 1461 3993 patitur
1472 3912 1662 3981 mansuetudo,
1675 3914 1739 3971 irre-

88 4004 186 4077 'anrsm
201 4017 321 4077 nestram
335 4010 426 4075 verbis
439 4009 538 4084 quihus
551 4023 601 4081 ego
624 4006 734 4065 intimus
748 4020 888 4073 servorum
941 4002 1013 4059 riter
1027 4002 1155 4065 iutimare
1169 4001 1305 4065 exordiar.
1333 4001 1480 4061 lenientes
1502 4003 1595 4074 itaquo
1619 4005 1737 4074 primum

87 4111 246 4165 lastrorum
254 4103 337 4162 nimis
349 4102 536 4161 necessarium
548 4100 816 4173 putoadmonendum
824 4115 889 4155 san-
941 4092 1038 4158 ludat
1057 4095 1191 4151 dederunt
1203 4097 1294 4152 asiliil
1308 4096 1459 4154 indiculum
1469 4112 1503 4154 ex
1512 4098 1622 4155 nomine
1634 4107 1736 4166 restro,

768 4190 907 4253 nanduli
924 4188 1041 4247 NOTAE.

124 4301 140 4330 ι
161 4289 202 4343 Ad
214 4289 302 4345 osma
314 4291 379 4362 imp.
390 4288 423 4353 de
436 4290 488 4349 ins.
501 4287 528 4345 is
539 4287 701 4355 estomuino
725 4287 788 4353 libri
807 4286 887 4353 istius
939 4282 1014 4341 Calvi
1030 4286 1072 4341 tit.
1085 4284 1130 4350 la.
1144 4301 1176 4351 oa
1187 4302 1204 4347 t·
1219 4285 1264 4351 ll,
1279 4294 1372 4343 exstat
1396 4287 1498 4344 mentio
1519 4288 1663 4355 emundans
1675 4304 1736 4349 ms·

87 4359 185 4427 situlus
193 4360 222 4417 is
232 4360 319 4417 veteri
331 4360 437 4427 codice,
452 4373 534 4435 quem
548 4358 636 4427 risum
649 4369 690 4415 est
703 4358 815 4421 retineri
836 4358 885 4415 ds·
939 4357 1039 4427 gnatis,
1054 4355 1162 4417 nomine
1177 4303 1320 4436 iredriei,
1334 4356 1381 4426 qui
1399 4354 1524 4415 iortassis
1538 4358 1612 4415 idem
1626 4354 1736 4430 quoque

86 4430 165 4493 herc.
184 4429 238 4485 Sed
253 4430 326 4493 hune
348 4430 465 4497 fibram,
477 4445 525 4487 seu
548 4429 641 4487 verius
698 4431 817 4495 istolam,
830 4443 885 4483 uiro
939 4436 980 4482 cst
994 4442 1057 4482 cum
1071 4427 1122 4481 hoc
1139 4424 1295 4481 Frederaeo.

87 4500 232 4557 divisimus
246 4500 275 4563 in
292 4501 393 4573 capiis,
408 4500 473 4573 guia
492 4498 521 4559 id
542 4444 809 4573 epistolaeepurevitas
831 4499 949 4578 noni),
977 4508 988 4535 ⁰
1011 4496 1156 4578 Eurorum.
1171 4495 1243 4578 litem
1260 4495 1382 4576 sormssis
1394 4498 1442 4566 qui
1456 4497 1612 4578 Eberavulus
1623 4506 1738 4555 vocatur

87 4570 254 4643 petiebatur·
323 4615 327 4624 .
522 4592 526 4597 ·
941 4566 1131 4623 mdnnalrlrus
1145 4566 1301 4637 Egmharm,
1321 4563 1427 4634 luitque
1447 4576 1578 4638 magister
1595 4569 1737 4638 pincerna-

126 4642 141 4683 δ
157 4638 336 4707 lunsteseeos,
350 4641 378 4705 id
392 4648 453 4709 est,
468 4643 607 4711 iudicans,
619 4640 762 4711 ιιιιιιιιιιιιι
775 4655 783 4696 s
798 4644 889 4705 activa
940 4653 1000 4693 rum
1015 4637 1104 4694 Caroli
1120 4635 1309 4707 turgoiense
1323 4635 1420 4691 missus
1435 4652 1506 4697 auno
1524 4638 1573 4694 lili
1593 4638 1628 4694 sd
1648 4640 1735 4695 iiras-

88 4710 255 4787 dgniurapo,
273 4727 299 4791 e,
313 4712 538 4785 pttpmsolebat.
562 4710 608 4768 Sic
632 4710 660 4767 in
682 4711 826 4785 praeceptis
847 4730 890 4771 re-
940 4708 1055 4791 silerum
1068 4706 1319 4790 alascem'llajuarias.
1378 4775 1383 4787 .
1447 4778 1452 4790 Ι

88 4727 387 4865 μω,οιωιιωίιῦι
409 4780 548 4851 itolsrium
564 4801 570 4837 :
587 4780 640 4853 ills
659 4782 775 4849 imotait
797 4782 888 4852 sniis,
978 4776 1086 4860 [Πιθεῖ
1099 4781 1225 4844 moram
1237 4785 1288 4838 851·
1305 4776 1395 4847 legati,
1408 4792 1454 4847 (lut
1473 4777 1553 4850 vulgo
1576 4787 1633 4837 tum
1657 4780 1734 4839 missi

88 4852 119 4935 sd
133 4859 186 4921 pst,
199 4852 369 4924 signiticavil.
429 4855 456 4929 iu
483 4862 511 4923 et
529 4862 641 4915 sanetus
655 4868 726 4933 papa
737 4846 889 4934 §regorius
940 4849 1068 4917 dominici
1084 4850 1261 4911 voealmutur,
1278 4850 1349 4917 quod
1369 4862 1387 4902 a
1409 4849 1535 4920 principe
1548 4852 1732 4908 mitteremur.

89 4937 132 4989 sse
142 4938 210 5005 usur
228 4923 285 4983 avit
297 4922 419 5007 pluribus
433 4923 460 5007 iu
476 4924 554 4993 locis,
568 4930 774 5005 actnomsnatsm
788 4920 837 4977 ιιιι.
851 4941 888 4993 tt,
941 4937 952 5002 .‘
976 4917 1048 5001 Missi
1068 4935 1132 4992 ergo
1145 4918 1272 5000 dominici
1287 4918 1455 5001 dicebantur,
1471 4921 1559 4990 iuquit
1574 4921 1735 5005 §iv-mondus

89 4988 189 5075 indict
207 4938 251 5059 ft,
262 5000 343 5067 epist.
355 4992 407 5063 87;
432 4994 479 5061 lah.
492 4994 649 5067 m‚.iudsct.
664 4990 709 5059 la,
723 5000 803 5063 epist.
818 4990 845 5061 2,
861 5004 890 5059 es
939 5006 968 5047 ιιι
982 4999 1054 5071 notas
1068 4992 1102 5046 sd
1113 4989 1237 5073 Capitalia
1254 4987 1344 5043 Carula
1358 4988 1445 5071 Celsi,
1457 5007 1526 5061 quos
1540 5006 1666 5073 praeceps
1687 5006 1735 5046 es·

91 5060 280 5190 rr“rull-²⁸·
312 5131 378 5193 0·
464 5134 502 5193 a
556 5131 805 5197 amm
819 5133 887 5192 a.
938 5060 1117 5212 tamar
1132 5059 1678 5202 atialrlaavammdnsm
1692 5060 1735 5119 ι’·

93 5144 468 5339 5⁰⁸1ng555313111112th5
481 5153 618 5271 ιιιιιοἛιὸ
632 5153 890 5271 ιιιιιιιιιιοιιιιιιιῖ
939 5190 1219 5284 testatedvvigelaatr
1499 5270 1505 5283 ·
1686 5148 1735 5203 βο,

154 5275 395 5345 saniiermaoiam
414 5272 677 5341 inisseaLudnvisa
700 5272 735 5331 ad
757 5274 813 5341 Car
860 5292 889 5335 us
976 5266 1205 5335 ¹i’ersecsstmms
1219 5271 1280 5333 odv.
1296 5268 1441 5327 Eacl.Non
1459 5268 1570 5338 quadem
1588 5288 1665 5329 rtovae
1689 5274 1735 5329 ali·

121 5361 231 5420 ¹gisum,
246 5353 277 5404 ut
292 5362 355 5405 eum
368 5364 416 5423 pro
437 5346 594 5422 guilardum
617 5345 770 5407 maneriis
791 5363 890 5403 cossu-
938 5339 1018 5411 cujus
1035 5342 1243 5412 persecutionis,
1260 5357 1293 5397 us
1314 5356 1395 5411 quiem
1417 5340 1462 5397 hic
1488 5339 1562 5397 sallat
1586 5343 1732 5403 obscurum

119 5426 170 5475 ret.
938 5413 1074 5479 scribendi
1086 5429 1181 5485 genas,
1197 5413 1357 5470 sedveteris
1381 5413 1577 5480 persecutionis
1601 5429 1663 5496 quaa
1684 5431 1735 5485 per

126 5486 141 5529 l
160 5485 331 5557 fredericus,
344 5488 442 5559 llissos
455 5488 617 5556 dominicus,
628 5497 659 5545 ut
675 5488 754 5545 docet
765 5486 888 5560 lgobar-
940 5490 1076 5541 trecentus
1094 5484 1203 5542 circiter
1216 5497 1302 5539 sonos
1315 5480 1412 5538 allinit
1423 5480 1592 5551 Ecclesiam,
1607 5501 1635 5541 ιιι
1648 5486 1734 5541 initiis

128 5574 158 5627 s;
172 5559 246 5619 idem
259 5556 376 5618 tortasse
389 5561 436 5632 oui
451 5571 514 5635 post
524 5559 653 5617 Ludoviei
661 5558 703 5615 Pii
714 5567 831 5617 mortem
843 5554 889 5613 ad·
938 5552 1149 5619 Christianismi.

150 5628 324 5699 illothario,
336 5632 371 5688 alr
391 5647 479 5704 eoque
496 5631 597 5687 missus
614 5638 656 5687 est
673 5631 708 5687 ad
720 5627 888 5685 ludovicum
973 5622 1171 5683 ιιιιιιιιιιιιιιιιι.
1197 5623 1244 5681 Sic
1271 5631 1328 5679 tum
1353 5623 1435 5695 vulgo
1458 5625 1594 5682 vocabant
1617 5626 1734 5697 diplom

87 5706 121 5769 el
131 5698 259 5767 &salum
270 5700 396 5771 lotharii
411 5702 530 5761 iratres:
545 5700 617 5775 quod
629 5700 725 5769 scribit
738 5698 889 5755 liishardus
937 5695 1079 5825 Furiucipis
1093 5697 1166 5766 quod
1180 5696 1208 5751 in
1230 5709 1352 5765 praesens
1379 5696 1495 5753 dabatur
1509 5715 1519 5751 r
1531 5712 1593 5751 nans
1621 5712 1682 5778 qua
1704 5698 1734 5752 iu

88 5780 217 5847 stimuli
239 5764 311 5849 lilim
329 5774 457 5835 seeundo.
480 5772 512 5833 in
534 5770 660 5844 capitulis
676 5768 890 5843 quoquecamli
968 5775 1075 5834 ιιιῐιιιιι,
1094 5774 1226 5839 precepto
1253 5766 1430 5827 amslsumr.
1451 5766 1517 5825 ludo
1539 5768 1568 5823 iu
1594 5767 1734 5827 doemods
