3832 6120
630 304 658 358 s.
680 289 852 359 sconsum
873 300 1026 357 crossen
1045 298 1289 357 otruounm’sts

138 452 876 479 ’,Μ-,Μ

421 563 515 675 on
558 513 997 671 oonuonoou
1039 553 1475 690 nerseeoou,

363 792 472 876 ·DE
504 784 860 873 PRIVlLEGIO
892 785 968 868 ET
991 785 1149 869 tulto
1179 783 1557 872 SACERDOTH.

178 1027 196 1095 Ι.
210 1037 363 1094 Venerabili
375 1037 401 1090 in
413 1033 522 1089 Christo
538 1030 614 1085 tratri
631 1038 658 1084 et
675 1029 858 1099 coepiscopob
868 1029 932 1084 lter-
945 1034 971 1095 Α
984 1030 1058 1086 ribus
1068 1039 1095 1087 et
1106 1031 1229 1101 postibus
1239 1032 1381 1090 domorum
1392 1051 1530 1106 aspersus,
1539 1049 1703 1100 vastatorem
1714 1060 1778 1115 pro-

140 1133 226 1190 nardo
248 1130 406 1202 sigobardus
428 1128 453 1180 in
475 1124 589 1179 Donriue
616 1131 775 1190 perpetuam
805 1121 931 1176 salutern.

140 1221 232 1291 Nuper
242 1221 305 1275 dom
327 1218 355 1273 in
371 1230 454 1271 onom
469 1213 549 1284 positi
575 1211 802 1280 colloqueremur,
815 1209 933 1264 maxime

141 1312 176 1368 de
207 1309 364 1382 pressuris,
399 1305 469 1361 odiis
498 1310 526 1358 et
551 1300 723 1370 despectione
748 1298 932 1354 Ecclesiarom

143 1413 154 1442 e
176 1412 257 1472 atque
272 1398 443 1460 clericorum,
465 1410 526 1465 quau
547 1408 619 1447 rrunc
639 1391 821 1446 inferuescere
844 1405 934 1460 cope-

140 1501 205 1551 urnt
216 1492 322 1549 seculis
335 1488 457 1544 inaudite
470 1494 498 1540 et
518 1483 649 1538 inusitato
676 1481 771 1545 mode,
786 1481 934 1550 praecipere

141 1584 208 1639 mihi
226 1583 335 1652 dignata
350 1588 391 1634 est
403 1577 533 1633 sanctitas
545 1581 647 1637 restra,
663 1580 692 1625 ot
703 1571 793 1639 aliqua
812 1570 845 1625 dc
860 1568 934 1623 Seri-

141 1681 229 1752 pturis
249 1676 351 1739 sacris,
371 1675 411 1728 rel
433 1679 591 1727 sanctorum
609 1667 720 1721 Petrum
741 1664 822 1719 dictis
839 1678 933 1718 excer-

141 1785 244 1842 perem,
260 1783 320 1836 quta
341 1764 482 1820 materiem
510 1760 589 1815 nobis
610 1758 764 1828 praeberent
789 1756 823 1810 ad
841 1756 932 1825 inqui·

142 1861 241 1926 reoda,
264 1853 461 1913 consideranda
484 1859 512 1907 et
534 1847 697 1918 deploranda
716 1847 785 1900 nrala
803 1845 934 1915 temperis

141 1951 247 2015 nostri,
271 1963 331 2018 quae
359 1946 552 2014 ignoraverunt
575 1946 763 1992 antecessores
786 1943 813 1991 et
840 1943 934 2006 patres

140 2045 244 2110 nestri;
260 2045 322 2098 licet
337 2041 454 2113 Spiritus
477 2046 589 2095 sanctus
608 2036 721 2105 loquens
742 2036 770 2089 in
794 2034 933 2104 prophetis

141 2149 196 2189 aon
210 2131 341 2196 tacuerit,
356 2130 402 2199 qui
416 2128 483 2182 dixit
498 2145 504 2181 τ
519 2126 553 2179 b't
568 2125 616 2178 erit
634 2125 703 2178 sicut
722 2122 844 2194 populus,
859 2124 897 2176 sic
908 2132 933 2177 et

140 2224 264 2279 sacerdes
278 2237 287 2277 .·
303 2229 331 2278 et
351 2220 432 2275 molta
455 2216 617 2288 hujusmodi.
633 2215 726 2271 l'isutu
751 2215 840 2284 imque
868 2215 933 2269 nrihi

140 2327 182 2372 est
195 2317 317 2387 pariture
331 2321 431 2370 sanctos
444 2310 580 2366 deuotioni
604 2318 656 2364 toae
676 2316 717 2374 ut,
738 2309 932 2377 praetermissis

984 1124 1072 1180 bihoit
1082 1125 1186 1197 ingredi
1200 1124 1295 1182 domos
1309 1127 1505 1208 celebrantium
1518 1131 1616 1199 Phase,
1632 1150 1686 1191 noo
1698 1135 1778 1206 jube-

984 1223 1029 1271 tur
1043 1232 1059 1271 a
1073 1217 1262 1273 sacerdotibus
1279 1220 1360 1285 sumi,
1376 1221 1419 1276 rel
1432 1238 1447 1276 a
1462 1222 1562 1294 populo
1576 1231 1775 1299 sacerdotibus,

984 1314 1031 1360 atrt
1045 1322 1060 1360 a
1073 1307 1258 1362 sacerdotibus
1268 1308 1323 1364 beo
1334 1309 1436 1377 efferri,
1451 1314 1498 1369 sed
1510 1316 1544 1370 ab
1563 1318 1691 1376 universo
1704 1331 1779 1379 cautu

984 1395 1100 1451 liliorum
1114 1396 1195 1451 lsrael
1208 1397 1264 1452 tolli
1277 1413 1326 1468 per
1339 1398 1456 1457 familias
1466 1413 1495 1459 et
1509 1404 1704 1477 domos,ju1ta
1728 1428 1778 1467 no-

984 1503 1090 1543 merom
1113 1489 1266 1544 animarum
1292 1505 1352 1559 quae
1375 1491 1499 1550 sufficere
1522 1505 1634 1566 possent
1650 1501 1684 1555 ad
1699 1517 1777 1557 esum

983 1577 1054 1647 ejus.
1067 1576 1122 1633 Nee
1136 1579 1309 1649 excipiuntur
1322 1583 1435 1651 quilibet
1450 1595 1462 1624 0
1477 1585 1580 1658 indigni
1595 1596 1623 1643 et
1633 1589 1778 1657 immundi,

984 1669 1032 1724 sed
1041 1669 1167 1725 omnihus
1177 1672 1227 1727 hoc
1241 1671 1422 1730 incommune
1436 1678 1611 1747 praecipitur:
1630 1680 1697 1735 selis
1709 1680 1777 1736 dun-

984 1767 1060 1816 tanat
1075 1761 1235 1833 alienigenis
1249 1763 1391 1834 sejunctis,
1406 1767 1519 1824 aduenis
1542 1784 1607 1824 vero
1623 1780 1651 1825 et
1675 1785 1778 1827 merce-

984 1853 1070 1908 natiis
1083 1855 1244 1924 conjunctis.
1258 1854 1381 1928 lienique
1405 1865 1432 1913 et
1456 1858 1512 1930 ipse
1531 1875 1626 1932 agnus,
1642 1861 1705 1917 licet
1718 1863 1778 1919 sine

984 1945 1090 2001 macula
1108 1961 1168 2001 esse
1184 1947 1323 2017 jubeatur,
1338 1949 1373 2004 ab
1396 1950 1493 2007 oribus
1518 1958 1608 2007 umen
1633 1960 1661 2009 et
1687 1955 1777 2024 capris

984 2038 1133 2093 secondum
1145 2039 1285 2109 antiquam
1297 2041 1502 2098 translationem
1513 2044 1779 2109 mandatorassomi,

985 2138 1087 2185 etcum
1101 2131 1282 2186 amaritudine
1296 2133 1412 2188 comedi.

1020 2218 1062 2274 111.
1077 2220 1113 2276 Ut
1125 2221 1207 2292 igitur
1221 2221 1324 2292 liquido
1338 2230 1432 2295 pateat
1442 2225 1589 2281 eminentia
1605 2227 1647 2284 rel
1661 2229 1777 2298 dignitas

985 2311 1012 2364 in
1036 2327 1180 2367 commune
1204 2315 1360 2381 sacerdotii,
1382 2316 1586 2373 consideremus
1605 2334 1620 2372 a
1645 2320 1777 2390 principie

141 2408 236 2465 1111111
251 2406 371 2475 1111111111
391 2404 434 2459 1115
446 2418 506 2472 1111111
519 2402 552 2456 111
565 2400 930 2456 16111111111011110110111111
946 2400 969 2459 B
984 2402 1076 2458 attondi
1087 2403 1187 2473 grados
1198 2402 1266 2472 ejus.
1281 2404 1469 2474 Primegeniti,
1481 2407 1503 2461 si
1516 2415 1605 2462 tamen
1618 2409 1670 2463 dici
1686 2409 1776 2472 liceat,

140 2507 169 2552 ⁰²
185 2496 359 2552 1111111111ῑῑ11111
375 2495 506 2549 malorum
522 2492 702 2554 11111110111111,
717 2507 731 2544 {t
744 2490 870 2545 Patribus
884 2491 934 2545 sul·
985 2493 1065 2563 priori
1079 2493 1207 2556 beminis,
1220 2494 1298 2565 primi
1320 2495 1446 2567 leguntur
1466 2498 1633 2553 sacerdotale
1655 2499 1777 2554 ntirriste-

141 2587 215 2642 licite
228 2602 260 2641 ac
280 2584 466 2654 multiplicior
481 2582 580 2650 scripta
595 2589 675 2645 sont,
692 2580 793 2651 aliquid
815 2581 932 2635 medinm
986 2583 1056 2638 riom
1079 2585 1230 2655 peregisse,
1243 2584 1310 2640 Cain
1329 2585 1456 2643 videlicet
1478 2596 1505 2643 et
1524 2587 1607 2653 Abel,
1619 2588 1705 2652 idest,
1721 2588 1777 2643 lico

141 2679 213 2749 qood
227 2678 367 2746 utriusque
380 2690 523 2730 commune
545 2683 596 2739 cst,
614 2676 647 2727 dc
669 2672 812 2743 priuilegio
831 2673 935 2727 scilicet

141 2778 169 2826 et
180 2769 243 2838 jure
258 2768 414 2831 sacerdotii,
425 2781 541 2822 conarer
559 2763 704 2820 scribendo
718 2780 771 2818 non
786 2764 932 2834 explicare,

141 2860 189 2917 sed
204 2859 400 2915 considerando
415 2855 571 2928 diligentius
585 2853 700 2909 strictim
715 2855 857 2924 attingere.

178 2949 211 3004 11.
226 2949 447 3004 Praemittendum
467 2960 532 3000 sanc
551 2944 657 2997 ridetur
683 2945 841 2998 hrerissinrc
863 2944 935 3013 qnod

143 3055 239 3096 onmes
253 3053 317 3093 rere
335 3038 428 3092 ildrico
450 3037 571 3091 membra
596 3035 694 3088 summi
717 3035 875 3101 sacerdotis,
889 3036 933 3089 liei

143 3132 312 3189 uidelicetac
324 3129 430 3186 Domini
454 3128 539 3185 nostri
558 3127 622 3182 lesu
645 3125 763 3193 Christi,
776 3126 935 3183 mediatoris

144 3225 191 3279 Dei
205 3233 233 3279 ct
247 3224 397 3287 hominum,
409 3220 472 3277 lacti
490 3219 600 3276 suntab
621 3234 654 3273 ee
676 3218 750 3274 Patri
771 3237 882 3291 reguum
907 3229 936 3277 ct

141 3313 307 3378 sacerdotes,
323 3311 505 3380 dicunturque
526 3324 612 3381 gertus
632 3309 758 3377 electam,
774 3312 864 3384 regale
889 3328 934 3367 sa·

142 3401 306 3466 cordetiom,
321 3407 347 3456 et
360 3407 424 3456 sunt
438 3402 487 3455 suh
504 3401 593 3470 capite
606 3401 736 3458 sommetl
751 3417 822 3457 unos
843 3417 934 3457 saeer-

142 3491 202 3546 dos.
217 3489 331 3560 Propter
343 3491 415 3559 quel
433 3499 460 3545 et
475 3490 540 3545 vitia
551 3490 597 3548 illa
613 3492 796 3564 regaliaque
808 3492 934 3547 sacerdo·

142 3590 198 3635 tom
207 3567 413 3644 cssciuhilrcnt,
428 3596 570 3650 aeorpere
587 3592 614 3636 et
628 3597 712 3653 regne
725 3583 824 3637 sotumi
839 3581 936 3637 Sacer·

143 3670 214 3726 rlrrtis
227 3669 387 3735 excludunt,
401 3671 471 3725 sicot
481 3671 661 3740 probabilium
677 3672 788 3727 Patrem
803 3672 935 3742 expositio

986 2676 1088 2731 hostias
1103 2676 1233 2731 eburlisse
1250 2694 1257 2730 ε
1273 2692 1389 2747 quorum
1402 2695 1473 2736 uuus
1497 2681 1666 2754 improbatos
1681 2688 1734 2743 est,
1747 2691 1775 2732 et

986 2765 1120 2822 merrtem
1135 2766 1194 2836 ejus
1205 2783 1257 2821 nen
1270 2777 1332 2822 sont
1345 2778 1478 2837 respecta.
1490 2770 1523 2823 Et
1537 2772 1589 2825 hec
1604 2770 1654 2824 idei
1660 2786 1703 2824 reo
1719 2769 1776 2823 heri

986 2856 1084 2926 potuit,
1098 2857 1161 2926 quia
1189 2873 1242 2912 non
1265 2858 1426 2929 popoli,sed
1449 2858 1558 2930 propria
1582 2868 1643 2913 rota
1662 2858 1776 2923 obtulit,

985 2947 1049 3002 licet
1063 2963 1144 3002 causa
1159 2949 1358 3016 reprobationis
1368 2949 1421 3003 alia
1434 2950 1580 3004 exstiterit.
1594 2949 1661 3005 Nam
1676 2950 1703 3004 in
1713 2965 1778 3005 con-

987 3040 1162 3108 seqoentibos
1182 3054 1322 3109 nonquam
1347 3039 1468 3095 inrenics
1482 3049 1511 3094 ot
1535 3040 1624 3094 oblata
1649 3054 1699 3110 pre
1719 3038 1779 3094 aliis

987 3129 1131 3199 reprobata
1144 3128 1208 3192 sint,
1220 3128 1328 3183 etiamsi
1342 3129 1421 3199 isqui
1436 3130 1534 3184 obtulit
1551 3129 1675 3201 indignus
1688 3129 1777 3195 irrerit,

987 3219 1009 3273 si
1022 3227 1112 3274 tamen
1126 3218 1178 3273 lide
1186 3219 1307 3274 dedomo
1316 3218 1376 3283 tuit,
1385 3230 1433 3274 aot
1443 3221 1471 3274 in
1485 3220 1681 3285 domonhtulit,
1691 3221 1779 3291 inqua

986 3324 1073 3381 agnos
1086 3290 1238 3364 vescendos
1261 3315 1320 3375 est,
1332 3310 1403 3364 sicut
1417 3311 1460 3365 lert
1477 3311 1599 3381 praecipit
1614 3312 1707 3366 dicens
1722 3329 1728 3364 ε
1745 3310 1780 3366 Ιιι

986 3415 1040 3453 unu
1055 3399 1133 3454 deute
1155 3400 1313 3465 ceraedetur,
1328 3416 1374 3454 racc
1390 3399 1502 3469 efferetis
1521 3401 1553 3453 de
1570 3401 1692 3454 cornibus
1706 3398 1779 3455 iliius

986 3482 1069 3558 feras.
1086 3488 1140 3544 Sed
1158 3490 1244 3560 magis
1257 3505 1352 3546 eorum
1374 3490 1455 3544 cerda
1479 3497 1643 3558 pensantur,
1658 3490 1704 3558 qni
1727 3505 1779 3559 per

987 3580 1158 3644 meardetcs,
1178 3579 1379 3649 qualescunque
1399 3579 1438 3633 illi
1463 3581 1529 3643 siut,
1552 3572 1684 3645 oderunt,
1706 3579 1779 3635 sicot

988 3669 1080 3723 multis
1090 3671 1196 3725 ostendi
1206 3678 1305 3740 petest.
1322 3670 1397 3727 Unde
1410 3677 1439 3724 et
1453 3671 1484 3726 de
1499 3672 1577 3725 laenis
1591 3671 1780 3727 sacerdotibus

142 3766 249 3839 probat.
267 3765 343 3821 Unde
356 3782 417 3822 cunr
434 3782 512 3822 sacra
531 3766 572 3821 lex
595 3784 643 3838 per
667 3767 776 3838 bleysen
803 3767 970 3837 inciperctc
986 3760 1116 3817 Deurirurs
1129 3763 1166 3817 ait
1179 3781 1187 3815 r
1199 3760 1229 3819 Si
1249 3765 1364 3818 steterint
1390 3762 1493 3834 lleqscs
1511 3774 1534 3819 et
1560 3762 1669 3819 Serrurcl
1689 3779 1778 3816 ceram

144 3859 212 3924 dari,
225 3874 304 3916 sacer
320 3860 365 3915 ille
382 3875 476 3930 agnos,
491 3858 569 3928 cujus
581 3860 691 3931 sanguis
704 3860 730 3914 in
743 3859 934 3929 superlimina·
988 3871 1039 3919 ote,
1053 3871 1105 3909 ner
1115 3865 1154 3910 est
1168 3856 1258 3909 neimo
1269 3856 1370 3911 etceed
1377 3855 1502 3927 populum
1514 3855 1604 3910 istum.
1619 3855 1653 3910 Et
1664 3855 1778 3909 iterum:

824 3948 963 4005 BALUle
982 3946 1099 4002 NOTAE.

180 4042 415 4098 rtltcestonrnino
425 4041 485 4096 libri
498 4041 577 4096 istius
589 4040 682 4096 titulos
694 4041 720 4097 in
736 4040 828 4096 codice
835 4039 936 4109 Papirii
989 4052 1075 4104 reses,
1088 4046 1135 4092 aot
1148 4046 1210 4094 nata
1222 4039 1381 4106 schismata,
1393 4054 1475 4109 quam
1487 4040 1548 4095 indc
1557 4039 1628 4109 quod
1645 4038 1778 4094 sacerdoti

143 4113 273 4176 Messeni,
287 4122 315 4168 et
329 4113 357 4165 in
368 4119 496 4165 contexto
508 4110 582 4165 lihri.
596 4111 625 4165 ln
640 4111 725 4166 reteri
740 4119 829 4166 lernen
845 4110 938 4165 codice
989 4108 1037 4163 Dci
1052 4124 1106 4163 nen
1118 4109 1334 4180 obtemperatur,
1350 4125 1400 4164 occ
1414 4125 1484 4164 onus
1496 4111 1522 4164 in
1534 4108 1655 4164 Ecclesia
1665 4108 1699 4162 ad
1714 4115 1780 4162 tenr-

143 4199 194 4237 ms.
208 4182 314 4237 clariss.
324 4181 375 4236 riri
385 4179 459 4235 Petri
471 4178 604 4235 ,llarnmsii
614 4179 751 4235 senatoris
761 4178 939 4248 Gratiannpe
990 4195 1041 4249 pus
1056 4179 1184 4235 sacerdos
1194 4189 1222 4233 ct
1235 4179 1269 4234 ad
1281 4176 1478 4249 tempusjudcx
1493 4178 1551 4234 ricc
1564 4177 1665 4234 Christi
1678 4178 1780 4250 cogita·

145 4253 223 4309 lilani
236 4252 280 4308 hic
294 4252 363 4307 liber
377 4251 418 4305 sic
428 4249 576 4317 inscriptus
590 4259 651 4305 cst:
672 4248 791 4331 Epistola
806 4249 939 4319 dpebnrdi
992 4258 1045 4303 tur.
1060 4269 1070 4301 r
1089 4247 1157 4303 Nam
1169 4248 1221 4304 hec
1236 4257 1340 4304 tantum
1351 4249 1402 4303 sihi
1417 4249 1474 4304 rtrlt
1483 4250 1534 4305 hoc
1548 4249 1607 4304 leco
1619 4248 1780 4318 Cyprianus,

144 4321 258 4393 episcopi
274 4320 456 4403 Lugdunensis
472 4319 504 4373 de
519 4319 811 4389 sacerdotiidrprritate,
823 4319 858 4373 ed
871 4318 940 4373 Ber·
988 4318 1065 4387 juxta
1086 4318 1305 4374 obseruationem
1320 4318 1440 4441 Rifffi'
1458 4319 1670 4389 uniuscujusque
1688 4317 1782 4374 Eccle-

145 4392 258 4447 nurdrtut
287 4390 456 4447 l'tcnrrcuserrr
480 4389 729 4461 urclricpiscepum:
750 4389 822 4460 qued
843 4389 939 4445 eedem
992 4389 1056 4451 siae,
1077 4403 1138 4459 qnae
1161 4389 1322 4444 universalis
1346 4388 1418 4444 iiius
1438 4389 1528 4460 portio
1552 4398 1610 4455 est,
1626 4404 1708 4443 onum
1721 4403 1782 4443 esse

146 4462 254 4518 recidit.
990 4459 1090 4514 debere
1102 4459 1259 4528 episcopum
1271 4459 1456 4524 sacerdotem,
1474 4460 1519 4530 qui
1535 4460 1571 4515 sit
1583 4457 1712 4514 Ecclesiae
1726 4473 1782 4513 stru

181 4533 196 4571 11
210 4530 358 4586 bernardo.
371 4529 462 4585 Codex
473 4528 620 4594 liarnasii,
630 4529 779 4584 liarrrnrdo.
792 4529 826 4584 Et
837 4529 941 4584 monuit
989 4529 1118 4585 sacerdes
1128 4529 1162 4584 ad
1174 4536 1289 4599 tempos,
1301 4537 1329 4583 ct
1338 4530 1372 4584 ad
1383 4539 1489 4600 tempus
1499 4529 1582 4599 judex
1597 4530 1655 4584 tice
1669 4527 1780 4584 Christi.

146 4618 190 4657 nac
205 4603 248 4656 rir
265 4601 465 4657 ertrditissimos
491 4599 588 4655 Petrus
611 4600 772 4655 l'rarrciscos
791 4598 941 4655 Chiiiletius
994 4619 1003 4650 ι
1021 4596 1085 4654 llaec
1099 4599 1171 4654 enim
1185 4608 1260 4663 suut,
1284 4599 1372 4669 inquit
1386 4599 1537 4671 Cyprianus
1562 4602 1588 4655 in
1603 4598 1718 4668 epistola
1736 4598 1783 4664 65,

146 4672 290 4744 presbyter
303 4686 318 4727 e
330 4670 467 4727 societate
482 4670 564 4735 lesu,
583 4671 622 4725 sic
638 4685 747 4738 queque
765 4669 895 4738 scriptum
912 4685 942 4725 se
991 4669 1068 4724 initia
1082 4669 1284 4734 hereticorum,
1303 4678 1330 4725 et
1341 4678 1418 4724 ortos
1430 4676 1512 4738 atquc
1523 4678 1637 4725 cetratos
1652 4668 1783 4724 schisma·
1876 4693 1878 4697 v

146 4742 248 4797 rihsse
260 4741 313 4797 hee
325 4757 425 4796 nomen
441 4742 467 4794 in
479 4741 572 4794 rnoltis
584 4739 725 4794 codicibus
737 4740 939 4810 manuscriptis.
991 4739 1107 4795 ticornm
1120 4739 1189 4795 male
1204 4739 1392 4810 cogitantium,
1407 4749 1437 4794 ut
1454 4739 1506 4795 sibi
1519 4740 1654 4810 placeant,
1670 4747 1702 4793 ut
1714 4754 1784 4810 pne-

147 4810 247 4867 l'crum
276 4811 423 4866 discrimen
449 4809 514 4864 illud
539 4817 581 4891 est
599 4808 700 4863 nullius
719 4814 766 4863 aut
784 4809 861 4878 parri
880 4825 979 4892 ure-1)
992 4809 1108 4879 positum
1136 4808 1250 4880 (idest,
1272 4809 1440 4881 episcopum)
1465 4811 1582 4879 sup'erho
1596 4819 1703 4864 tumere
1716 4825 1782 4863 eon-

147 4881 241 4937 ruertti.

185 4965 196 4989 ⁰
217 4951 302 5020 Atque
315 4949 479 5003 clericorum.
495 4948 612 5018 tttpsnnr
629 4949 751 5019 sequenti
766 4948 865 5004 sacrun
877 4963 937 5019 gra·

146 5021 217 5076 riter
236 5020 386 5091 deplorauit
410 5017 557 5073 llatlrerius
571 5019 714 5101 episcopus
735 5019 900 5073 Veronensis
912 5020 938 5074 in

146 5101 223 5158 partc
240 5109 258 5146 ιι
277 5092 310 5146 do
321 5088 483 5158 Cerrternptu
493 5088 651 5154 Cononem,
665 5105 691 5142 ιιι
706 5098 777 5143 tomo
792 5088 812 5142 11
827 5086 941 5159 Spiciie·

147 5162 200 5231 gii,
217 5176 279 5232 pag.
297 5163 357 5218 188.

182 5231 194 5268 ¹¹
211 5229 423 5286 h'rrasseccrdes.
435 5228 550 5285 Unicum
565 5228 592 5282 in
605 5229 723 5284 Ecclesia
736 5228 838 5284 Christi
851 5244 941 5283 saecr-

148 5301 251 5354 dntium
265 5317 326 5357 csse
343 5301 482 5355 contendit
500 5298 675 5369 hgnbarlus,
691 5298 825 5368 hujusque
849 5313 940 5353 socer-

149 5370 214 5424 dntii
230 5378 311 5439 capot
321 5385 456 5424 sumuntur
467 5386 527 5425 csse
540 5369 688 5432 Christum,
700 5370 746 5438 qui
759 5385 881 5423 sunrmus
895 5386 940 5423 sa-

149 5440 244 5493 rculos
258 5448 308 5494 cst.
330 5438 363 5492 Et
376 5439 392 5492 sr
404 5440 468 5494 hies
482 5456 577 5496 ornnes
590 5455 650 5494 esse
673 5455 754 5494 unum
769 5440 938 5492 sarcerdotem

149 5509 199 5562 suh
210 5526 261 5563 uno
275 5508 363 5576 capite.
377 5509 503 5572 Cheimo,
525 5512 559 5565 nh
576 5511 649 5564 illum
665 5510 755 5563 incatur
771 5525 803 5562 ca
822 5508 938 5577 epistola

148 5579 235 5647 primo
247 5580 316 5634 beati
329 5577 413 5641 Petri,
426 5581 470 5632 ulri
484 5578 716 5635 iidelcsrocautur
726 5596 805 5648 perros
814 5578 939 5642 electam,

149 5649 235 5719 rrqric
246 5647 432 5703 secerdotium.
449 5648 506 5702 hlia
522 5650 657 5719 lirrrriouo
669 5666 745 5705 ruens
759 5649 824 5711 t'nir,
838 5664 900 5703 rum
914 5649 939 5702 in

150 5721 264 5784 casteria
276 5720 310 5776 53
326 5719 457 5774 scribmct
473 5737 481 5768 ι
501 5736 554 5774 non
568 5721 677 5777 oiiratde
689 5722 800 5778 obortas
813 5735 871 5775 csse
886 5721 940 5776 irtu-

992 4887 1124 4933 tcmnaut.
1140 4901 1149 4932 r
1172 4879 1207 4934 ht
1219 4879 1352 4935 baronius
1361 4880 1395 4933 ad
1408 4878 1678 4942 annumerasset,
1694 4878 1782 4949 51115,

991 4948 1131 5004 contendit
1144 4965 1228 5004 onom
1246 4951 1321 5005 illum
1335 4951 1506 5007 sacerdotem
1519 4950 1591 5018 apud
1605 4949 1782 5020 Cyprianom,

991 5035 1053 5074 csse
1066 5019 1140 5073 Petri
1152 5036 1337 5076 successorem
1347 5019 1500 5074 liemanum
1517 5019 1674 5088 pontificem
1686 5060 1695 5081 ,
1710 5027 1740 5075 ct
1751 5018 1784 5074 iis

992 5090 1100 5159 quidem
1118 5091 1218 5148 vertes.
1235 5100 1264 5144 ut
1281 5087 1424 5145 manifeste
1446 5090 1480 5144 ab
1504 5104 1537 5145 ee
1553 5090 1612 5146 lece
1638 5088 1784 5145 excludere

991 5161 1116 5214 rideatur
1141 5159 1260 5228 reliquos
1274 5162 1425 5231 episcopos,
1440 5161 1561 5230 atlenquc
1574 5161 1725 5215 homanum
1741 5173 1783 5214 so·

991 5230 1045 5283 lum
1070 5230 1097 5284 io
1117 5229 1237 5284 Ecclesia
1252 5231 1398 5301 praesidere
1412 5230 1478 5284 relit
1492 5230 1551 5284 rice
1564 5229 1676 5286 Christi.
1692 5230 1726 5283 to
1740 5238 1780 5281 ta·

992 5315 1054 5354 uteo
1069 5298 1191 5422 sinfqtrlos
1203 5301 1344 5424 eflisenpssrs
1356 5316 1417 5423 εἶξε
1437 5301 1556 5355 vicarios
1569 5298 1671 5357 Christi
1683 5316 1716 5355 cx
1732 5298 1784 5353 laec

991 5384 1201 5509 qttgtffiaolciomc
1201 5378 1465 5496 κιιῧῗιπιάιιὲῧιιῖἕῑειιι
1475 5441 1620 5496 admittere
1627 5438 1708 5493 etiam
1719 5438 1786 5494 istos

992 5511 1026 5565 ad
1040 5512 1234 5566 cornestionom
1248 5512 1318 5579 aqui.
1335 5511 1368 5565 Et
1382 5527 1447 5566 sane
1469 5511 1531 5567 illes
1543 5525 1650 5580 quoque
1665 5508 1786 5564 admittit

991 5580 1091 5635 Paulus
1103 5597 1117 5659 ς·
1129 5581 1176 5635 scd
1191 5581 1391 5637 datorationem
1407 5582 1457 5637 sibi
1472 5581 1639 5638 manducare
1651 5587 1679 5635 et
1692 5579 1786 5635 biheta

991 5660 1159 5719 pronuntiat.
