3832 6120
1332 171 1352 209 s
1365 166 1386 205 r,

129 254 178 315 83¹
668 256 805 315 CLAllllll
824 255 1058 314 stntnebsts
1076 257 1231 317 eetscort
1344 198 1364 257 f
1406 282 1409 289 ·
1447 246 1466 253 '⁴
1485 272 1510 305 re·
1563 252 1567 257 ’
1708 251 1763 309 832

130 381 179 445 seri
202 374 400 448 supramodum.
428 370 483 426 Nec
508 370 668 436 sulliciebat,
686 373 809 440 quamvis
834 371 1084 437 eche-Aramum,
1108 381 1132 429 et
1158 373 1312 427 diruiserunt
1328 373 1449 429 Tarsum.
1480 372 1530 429 llic
1552 340 1771 433 autemdicit„

131 483 210 525 mens
224 463 387 537 persecutio,
401 461 447 515 sed
459 461 535 530 quasi
550 460 661 530 qnidam
676 470 816 530 grassator
828 459 922 515 Eccle-
973 461 1089 530 primum
1104 463 1158 517 isse
1176 463 1202 516 in
1222 462 1362 526 Arabiam,
1386 475 1415 517 et
1436 463 1536 519 iterum
1557 479 1700 521 reversum
1713 463 1771 525 br-

131 560 200 614 siam
213 563 240 611 et
255 552 347 626 praedo
361 551 509 606 vastabam.
524 549 580 607 Nec
595 549 632 605 ait
645 549 795 606 Ecclesiam
809 549 921 616 Christi,
974 566 1105 606 muscum.
1126 549 1191 607 eost
1206 551 1352 607 triennium
1363 552 1469 606 senisse
1484 549 1712 624 Hierosolymam,
1728 556 1771 611 ri-

131 656 162 701 nt
176 656 241 700 tunc
252 640 376 713 putabat,
394 655 477 712 qoam
499 640 614 696 ducebat
638 641 816 713 contemptui,
840 657 923 712 quam
974 642 1047 697 disse
1070 642 1191 707 Petrum,
1207 650 1235 698 et
1251 657 1313 697 cum
1330 658 1363 698 eo
1380 643 1515 699 mansisse
1534 643 1629 701 diebus
1651 645 1771 716 quinde-

131 733 346 805 persequebatur
361 729 439 796 :ecd,
455 738 485 785 ιιι
496 745 570 785 nunc
583 731 681 796 credit,
693 730 840 787 Ecclesiam
856 731 920 787 Ilei:
974 718 1037 787 cim.
1054 730 1117 792 Nec,
1132 741 1230 801 preter
1241 730 1373 786 iacobum
1391 731 1502 788 fratrem
1516 732 1635 799 Domini,
1650 735 1769 793 alterum

131 823 173 878 uel
194 823 282 893 ipsum
314 820 454 877 Christum
489 819 575 876 licum
599 834 660 876 esse
684 820 852 891 significans,
881 821 924 876 ret
975 819 1125 889 aprrsmimu
1150 820 1258 885 sitiisse,
1280 835 1340 891 qnae
1363 807 1392 876 u't
1413 837 1477 876 uera
1502 822 1648 879 credantur
1674 824 1770 899 (dubia
1799 820 1804 826 '

130 915 251 985 quisdam
261 913 380 970 Deiosse
398 911 559 976 Ecchsiam,
573 912 619 982 qni
633 911 924 983 quondamlegisdnc-
975 910 1074 981 quippe
1090 910 1176 966 rideri
1197 911 1354 968 absentibus
1381 913 1517 985 poterant)
1544 914 1596 970 sub
1625 917 1772 974 testatione

134 1016 175 1062 ror
187 1004 246 1061 fuir,
333 1022 338 1052 ι
975 1000 1117 1058 conlirmat
1131 1002 1224 1058 dicans
1239 1020 1245 1056 :
1260 1001 1326 1069 Qrtae
1338 1014 1426 1057 nutem
1439 1002 1497 1058 dico
1515 1004 1596 1071 nobb,
1608 1021 1668 1060 ecce
1678 1022 1772 1062 rorant

168 1095 202 1150 Et
216 1094 393 1168 proficiebam,
410 1095 508 1164 iuquit,
522 1095 549 1149 in
561 1093 702 1149 ludaismo
720 1110 802 1165 supra
825 1092 923 1149 multos
975 1090 1041 1156 beo,
1056 1091 1118 1163 quio
1141 1109 1193 1147 nou
1216 1092 1338 1146 mentior.
1362 1091 1510 1149 Possumus
1537 1094 1619 1164 igitur
1633 1097 1772 1156 estimare

133 1196 278 1241 coetaneos
308 1187 337 1240 in
361 1200 454 1256 genere
480 1201 548 1249 meo,
572 1183 752 1238 abundantius
786 1182 925 1238 undatur
976 1182 1030 1236 isse
1056 1182 1165 1251 quidem
1200 1181 1312 1237 Paulum
1343 1182 1490 1238 secundom
1519 1183 1603 1240 Luce
1627 1186 1773 1245 historiam

133 1276 244 1330 existens
257 1283 428 1346 paternarum
454 1290 573 1329 sucorum
596 1274 780 1328 traditionum.
806 1272 924 1329 Rursum
976 1269 1201 1341 hierosolymam,
1215 1286 1268 1325 non
1281 1271 1358 1341 qnasi
1376 1271 1410 1327 ad
1420 1281 1608 1330 antecessores
1620 1276 1770 1345 apostolos,

133 1364 295 1436 proiectum,
313 1379 366 1420 non
379 1364 448 1435 legis
469 1364 528 1430 tui,
551 1365 599 1421 sed
611 1362 743 1419 ludaismi
761 1372 860 1421 uocat:
875 1379 929 1419 nee
976 1369 1007 1421 ut
1027 1361 1129 1432 aliquid
1143 1362 1177 1415 ab
1191 1359 1244 1416 illis
1258 1359 1386 1428 disceret,
1400 1360 1448 1416 sed
1464 1369 1494 1417 ut
1511 1365 1712 1432 persecutionis
1722 1365 1772 1421 im-

132 1471 327 1528 superomnes,
344 1455 485 1527 sedsoper
497 1454 644 1527 plurimos;
672 1470 723 1510 nec
738 1470 821 1526 super
833 1471 923 1520 senes,
976 1461 1068 1525 petum
1091 1454 1248 1519 declinaret,
1261 1453 1307 1523 qui
1327 1453 1378 1509 sibi
1396 1454 1519 1509 Damasci
1532 1465 1644 1527 propter
1655 1471 1774 1530 evange·

132 1549 181 1604 sed
204 1562 285 1618 super
305 1555 467 1612 coaetaneos,
493 1554 563 1602 utet
581 1546 700 1602 studium
714 1562 792 1602 suum
811 1545 926 1602 referret
977 1542 1041 1598 lium
1056 1543 1157 1601 Christi
1172 1540 1261 1598 iuerat
1277 1542 1440 1608 concitatus,
1454 1552 1483 1599 et
1503 1544 1542 1599 sic
1556 1545 1663 1600 uenisse
1677 1545 1774 1602 llicro-

133 1639 159 1693 in
175 1636 244 1708 lege,
265 1645 293 1691 et
313 1635 474 1705 iactantiam
496 1635 656 1692 declinaret.
685 1635 816 1693 Paternus
834 1643 925 1690 arrtem
976 1635 1108 1706 solymam
1135 1634 1212 1704 quasi
1235 1631 1269 1688 ad
1298 1648 1487 1704 quamcunque
1512 1633 1592 1691 aliam
1618 1635 1771 1691 ciuitatem.

133 1730 301 1796 traditiones,
318 1744 370 1784 non
386 1728 492 1784 bomini
515 1726 640 1785 mandata
657 1742 884 1792 mmrnemorans,
898 1734 926 1782 et
939 1717 963 1776 B
978 1722 1054 1779 Unde
1074 1737 1136 1778 eum
1150 1723 1241 1778 statim
1264 1731 1374 1794 propter
1387 1723 1499 1779 insidias
1512 1724 1669 1790 renuisse,
1686 1733 1717 1780 et
1727 1740 1774 1782 re·

133 1820 300 1877 Pharisaeum
324 1833 357 1875 ex
376 1817 520 1873 Pharisaeis
534 1818 673 1884 indicarit,
688 1826 716 1874 et
726 1817 855 1873 babuisse
866 1818 925 1887 qoi-
975 1816 1049 1871 nisse
1074 1814 1101 1869 in
1116 1814 1244 1869 liralriam
1269 1815 1326 1871 siue
1341 1814 1512 1869 Damascum.
1527 1815 1616 1886 Atque
1632 1817 1698 1872 inde
1709 1826 1773 1889 post

132 1911 193 1965 dem
208 1910 294 1966 zelum
307 1909 367 1973 ilci,
381 1907 492 1963 sednon
505 1907 653 1963 seeundum
668 1907 820 1963 scientiam.
833 1905 925 1976 Usque
976 1907 1122 1962 triennium
1145 1907 1179 1961 ad
1203 1906 1348 1963 ridendum
1362 1905 1475 1962 Petrum
1490 1906 1708 1980 Hierosolymam
1730 1924 1773 1967 re·

132 1999 213 2054 botis
233 2008 335 2063 autern
350 1998 396 2070 qni
419 1995 532 2053 ludaico
549 2012 630 2052 sensu
652 1995 808 2066 Scripturas
825 1995 925 2050 intelli·

133 2095 209 2159 gunt,
233 2094 432 2158 persequuntur
452 2085 600 2141 Ecclesiam
625 2084 737 2150 Christi,
763 2093 791 2140 et
807 2085 926 2155 depopu-

134 2177 223 2232 lantur
244 2177 328 2243 illam,
343 2192 398 2235 non
415 2177 506 2232 studio
519 2176 586 2248 legis
599 2176 657 2242 bei,
672 2179 720 2232 scd
735 2176 926 2232 traditionibus

134 2270 273 2325 bominum
289 2269 440 2338 depravati.

168 2357 233 2412 Cum
258 2367 344 2412 autem
363 2357 460 2428 placuit
471 2359 505 2421 ei,
517 2357 562 2429 qui
577 2374 616 2411 me
634 2359 776 2428 segregarit
798 2358 829 2411 de
852 2366 926 2412 utero

133 2452 225 2505 ntutrir
237 2465 312 2515 mee,
327 2460 350 2503 et
364 2450 462 2503 oocooit
478 2465 525 2520 per
535 2449 649 2520 garrium
660 2465 748 2514 sunm,
762 2459 788 2502 ut
801 2448 926 2504 resisteret

134 2539 234 2597 Ft'lr'um
245 2557 322 2595 suum
336 2543 363 2594 r'u
376 2558 425 2607 rue,
439 2550 466 2594 ut
478 2540 653 2610 evangelizent
669 2539 743 2593 illum
755 2539 781 2593 in
792 2540 922 2611 gentibus.

133 2630 298 2703 segregatur
310 2629 508 2701 quodammodo
519 2631 552 2685 de
568 2639 659 2686 uentre
675 2631 783 2693 matris,
801 2631 925 2702 quisquis

134 2722 311 2778 acarnalium
335 2729 476 2791 parentum
497 2722 693 2777 cousuetudine
716 2736 788 2777 caeca
815 2736 925 2792 separa-

134 2825 187 2870 tur.
200 2815 249 2869 Vel
275 2814 358 2868 ctiam
374 2813 400 2867 in
414 2813 582 2883 praescientia
602 2813 637 2868 ab
664 2823 740 2869 utero
762 2816 923 2885 segregarit,

976 2000 1098 2057 vertisse.
1116 1999 1163 2055 llel
1176 2007 1253 2054 certe
1273 1999 1364 2054 statim
1385 2006 1415 2054 ut
1431 1999 1586 2071 baptizatos
1603 2000 1649 2066 sit,
1680 2008 1709 2056 et
1724 2015 1772 2057 ae·

975 2098 1053 2160 cepto
1077 2089 1139 2144 cibo
1157 2087 1336 2154 confortatus,
1360 2088 1442 2145 inisse
1470 2104 1532 2144 enm
1546 2104 1608 2145 cum
1630 2089 1773 2162 discipulis

975 2183 1021 2253 qoi
1047 2190 1127 2241 crant
1150 2180 1275 2236 Damasci
1301 2196 1350 2251 per
1363 2181 1422 2236 dies
1443 2180 1546 2251 aliquot
1568 2179 1639 2254 (det.
1671 2179 1723 2254 rt).
1738 2180 1773 2237 m

975 2272 1148 2343 stupentibus
1161 2271 1266 2326 cunctis
1292 2271 1317 2325 in
1342 2271 1485 2342 synagogis
1497 2268 1652 2327 ludaeorum
1673 2273 1772 2344 prada

975 2379 1052 2425 casse
1077 2363 1205 2418 continno
1229 2361 1299 2432 qnod
1313 2359 1391 2416 lesus
1404 2369 1477 2416 esset
1496 2360 1582 2418 Filios
1594 2361 1656 2428 oet,
1669 2370 1773 2418 ettnnc
1833 2413 1836 2418 .

976 2455 1028 2509 isse
1039 2453 1066 2507 in
1081 2452 1218 2517 braidam,
1230 2459 1257 2506 ct
1273 2453 1306 2506 de
1320 2451 1418 2506 brabia
1435 2452 1597 2507 Damascum
1609 2454 1771 2520 revertisse,

975 2553 1002 2600 et
1016 2545 1052 2599 ibi
1065 2544 1161 2598 iecisse
1175 2544 1321 2598 trienninm
1340 2562 1346 2597 :
1365 2559 1434 2613 quos
1445 2543 1503 2599 dies
1515 2543 1772 2619 multosScriptnra

976 2642 1101 2699 testator,
1114 2635 1207 2689 iliceos
1222 2651 1228 2688 ε
1242 2631 1309 2689 Cam
1320 2635 1492 2706 implerentur
1505 2634 1662 2690 ostendier
1680 2635 1771 2705 nutri,

975 2723 1113 2779 consitium
1133 2723 1250 2794 iecerunt
1264 2723 1281 2777 J
1285 2724 1353 2777 udrri
1358 2765 1365 2788 ‚
1378 2735 1405 2778 ut
1419 2741 1479 2780 cum
1488 2725 1677 2794 interficerent.
1692 2724 1772 2784 Notae

975 2823 1064 2869 autem
1077 2813 1156 2869 iactae
1173 2821 1236 2868 som
1251 2813 1333 2868 Sunio
1353 2814 1458 2868 insidia
1473 2830 1579 2880 eornm,
1594 2824 1622 2870 et
1636 2815 1771 2873 custodie·

974 2903 1039 2958 barrt
1051 2910 1143 2973 portas
1156 2911 1234 2957 nocte
1247 2918 1279 2956 ac
1294 2903 1347 2966 die,
1359 2911 1389 2956 ut
1401 2917 1463 2956 enm
1480 2901 1674 2959 interficerent.
1690 2901 1771 2960 Acci-

134 2994 227 3050 i‘otest
245 3005 272 3049 et
286 3010 338 3050 non
354 2994 576 3050 inconvenienter
589 3003 682 3050 uterus
695 2996 789 3050 matris
803 3011 858 3052 suae
882 2997 924 3051 in·
974 2993 1080 3064 pientes
1099 3008 1163 3063 ergo
1180 2993 1304 3063 discipuli
1330 2993 1388 3062 ejus
1409 2999 1488 3047 nocte
1501 3009 1549 3063 per
1563 3010 1673 3049 morum
1686 2995 1770 3051 dimi-

135 3086 215 3156 telligi
228 3085 380 3157 synagoga.
937 3064 959 3125 C
975 3093 1069 3142 serunt
1083 3101 1154 3152 errnr,
1170 3086 1359 3140 submittentes
1373 3085 1398 3138 in
1414 3094 1516 3154 sporta.
1534 3084 1602 3141 Cum
1616 3095 1710 3143 autem
1724 3103 1769 3144 re·

168 3174 299 3229 Continuo
318 3191 370 3228 non
383 3175 499 3243 acquievi
517 3174 592 3228 corni
605 3184 630 3229 et
647 3177 779 3247 sanguini.
807 3177 924 3249 Acqnie-
974 3178 1058 3233 nisset
1071 3176 1296 3248 Hierosolymam,
1311 3177 1433 3232 tentabat
1445 3192 1474 3234 sc
1487 3178 1602 3248 jungere
1615 3177 1768 3249 discipulis

133 3266 184 3321 seit
207 3274 298 3319 autem
321 3265 397 3320 carni
413 3272 441 3319 et
456 3265 593 3335 sanguini,
621 3267 745 3336 quisquis
770 3267 924 3324 carnalibus
974 3271 1074 3326 Lucam
1090 3286 1155 3326 uero
1171 3270 1271 3325 idcirco
1287 3269 1320 3325 de
1334 3270 1434 3326 brabia
1448 3271 1621 3341 praeteriisse,
1638 3273 1703 3343 quia
1717 3272 1771 3329 ior·

133 3355 290 3427 propinquis
305 3363 333 3412 et
351 3355 561 3426 consanguineis
575 3355 631 3410 sois
648 3356 795 3413 carnaliter
805 3360 923 3415 suaden·
974 3361 1045 3417 sitan
1059 3360 1126 3416 nihil
1138 3362 1249 3432 dignum
1262 3361 1413 3432 apostolatu
1432 3361 1459 3415 in
1472 3361 1571 3416 Arabia
1584 3371 1769 3433 perpetrarat,

133 3446 204 3500 tibus
218 3445 376 3500 assentitur.
974 3461 1043 3508 etea
1061 3453 1150 3523 potins
1171 3453 1361 3524 compendiosa
1390 3453 1546 3508 narratione
1575 3452 1679 3510 dixisse
1708 3471 1770 3528 quae

168 3536 259 3608 Neque
284 3536 340 3590 ueni
355 3533 568 3607 hierosolymum
591 3539 625 3591 ud
652 3549 827 3595 uritecersores
853 3558 923 3596 meos
974 3544 1053 3615 digna
1069 3541 1170 3598 Christi
1187 3542 1334 3614 Evangelio
1350 3542 1518 3598 videbantur.
1536 3541 1591 3599 Nec
1612 3543 1665 3600 hoc
1677 3545 1770 3613 ωςιιί·

131 3623 272 3695 apostolor.
289 3622 317 3680 Si
332 3625 366 3680 de
380 3625 509 3695 apostolis
529 3625 645 3694 dixerat,
661 3625 793 3683 Continuo
809 3645 862 3684 uon
876 3647 922 3684 ac·
974 3633 1017 3688 tire
1029 3631 1144 3702 apostoli
1158 3632 1389 3703 deputandumsi
1403 3631 1504 3689 trustra
1519 3633 1546 3688 in
1560 3634 1662 3690 Arabia
1675 3634 1767 3700 ruent,

130 3714 214 3784 quievi
227 3714 301 3769 carni
310 3725 334 3769 et
345 3715 479 3786 sanguini,
490 3716 555 3787 quid
568 3731 680 3774 neeesse
691 3717 780 3774 iuerat
795 3720 821 3774 irl
835 3719 923 3790 ipsum
973 3724 1020 3780 sed
1032 3723 1104 3794 qood
1118 3724 1207 3794 aliqua
1220 3723 1397 3794 dispensatio.
1411 3732 1439 3779 et
1463 3724 1511 3780 liei
1526 3734 1696 3796 praeceptum
1712 3724 1769 3781 iue-

131 3805 232 3860 iterare
245 3804 366 3871 dicendo,
386 3804 480 3878 Neque
492 3807 550 3862 reni
565 3806 777 3881 Hierosolymam
790 3811 825 3865 nd
847 3821 922 3867 unte·
973 3816 1020 3879 rit,
1032 3824 1063 3869 ιιι
1076 3813 1186 3868 iaceret.
1201 3811 1270 3867 Nam
1285 3820 1312 3868 et
1327 3821 1421 3884 postea
1439 3813 1554 3886 legimus
1564 3815 1590 3869 in
1605 3813 1683 3872 Actis
1704 3830 1769 3887 apo·

130 3911 244 3951 terrores
256 3913 327 3952 meos
347 3897 488 3969 apostolor,
505 3907 536 3955 ut
548 3899 648 3970 aliquid
659 3900 759 3957 abillis
773 3901 923 3959 discerem?
973 3905 1114 3969 stolorum,
1141 3902 1254 3960 Paolum
1267 3920 1330 3959 cum
1361 3903 1417 3962 Sila
1436 3920 1577 3977 egressum
1598 3907 1769 3977 prohibitum

129 3982 184 4041 lste
202 3985 294 4058 itaque
309 4002 405 4043 sensus
425 3987 557 4044 tenendus
573 3996 616 4044 est
629 4005 711 4061 quern
735 4006 817 4063 supra
841 4007 923 4063 expo
972 4009 1032 4052 esse
1048 4009 1064 4050 a
1078 3993 1180 4066 Spiritu
1196 4003 1290 4051 sancto
1307 3996 1418 4050 uerbum
1433 3995 1460 4050 in
1473 3996 1537 4051 heia
1554 3996 1639 4068 loqui.
1657 3998 1767 4055 Aliter:

131 4077 246 4133 suimus.
972 4085 1027 4141 Sed
1039 4084 1092 4140 ulii
1103 4084 1130 4139 in
1141 4083 1276 4149 Arabium,
1292 4094 1316 4138 et
1331 4085 1424 4139 itenenr
1446 4101 1563 4141 reuersus
1583 4103 1644 4141 rum
1669 4086 1770 4144 Dorus·

133 2906 241 2973 rqrraruio
258 2905 342 2960 rolrrit
355 2912 384 2958 et
406 2902 469 2958 iecit
486 2906 558 2974 quod
581 2902 686 2960 sciehat
707 2920 768 2959 esse
791 2902 923 2960 futurum.

166 4188 221 4245 Sed
245 4190 299 4244 obii
317 4191 346 4244 ia
367 4190 503 4257 Arabium,
514 4202 538 4246 et
549 4194 644 4248 iterum
661 4211 779 4250 reuersus
796 4213 854 4250 sont
868 4196 922 4251 Du·
972 4189 1055 4229 mm·
1069 4172 1140 4240 ΟΜ
1154 4173 1219 4228 mihi
1239 4173 1349 4245 l’ffldeSt
1365 4173 1416 4229 5⁵¹³
1430 4174 1536 4242 “¹²¹¹i0r
1551 4177 1574 4230 ⁸⁵
1591 4176 1682 4249 'edm
1697 4180 1768 4251 ΨΜ

131 4297 259 4337 mm·
278 4279 308 4338 sq
333 4282 367 4337 ge
387 4283 518 4339 „mm
532 4284 599 4342 ,hm
626 4286 654 4340 ὴ,
669 4284 808 4353 ΔΝΜ,
825 4295 856 4343 ω
875 4288 938 4344 ὼ,
972 4261 1072 4320 Paulus
1079 4271 1139 4335 post
1148 4264 1341 4319 revelationem
1354 4265 1454 4320 Christi
1463 4266 1561 4329 ,statim
1576 4266 1640 4324 ierit
1656 4268 1686 4323 in
1701 4268 1768 4326 hra-

131 4365 593 4443 ceretquodirierateircrelatom,
610 4392 663 4432 non
677 4377 728 4434 sibi
742 4379 849 4435 ridetur
866 4357 1056 4466 bis-Dbiam’
1088 4365 1116 4412 ‘³‘
1138 4357 1170 4413 ‘¹⁰
1196 4357 1296 4412 Arabia
1328 4357 1488 4414 ”amasam
1517 4358 1600 4417 ‘⁰⁰¹³‘
1628 4378 1766 4430 '‘lem‘’

130 4464 297 4521 1035aeon
321 4467 478 4532 convenire,
499 4467 634 4525 regerem
663 4471 734 4527 Luca
762 4472 789 4527 5„
808 4472 921 4531 geum,
973 4449 1092 4504 nesciam
1116 4457 1207 4503 autern
1230 4449 1295 4519 quid
1318 4448 1353 4504 ibi
1371 4452 1495 4521 gesserit,
1516 4452 1616 4522 quidve
1641 4454 1766 4510 utilitatis

131 4553 313 4623 ,mmm
339 4551 416 4627 (gap⁸
430 4557 552 4628 „qqmd
569 4573 631 4615 cum
651 4560 751 4617 paulus
765 4571 826 4633 post
840 4563 921 4620 fldem
971 4537 1097 4593 babuerit
1118 4556 1125 4593 ε
1146 4537 1203 4594 ltus
1222 4554 1254 4594 ac
1269 4538 1390 4595 reditus?
1415 4539 1464 4595 liat
1476 4543 1649 4600 occasionem
1660 4545 1767 4601 altioris

130 4642 291 4714 chrisum,-
303 4645 361 4701 <1503
379 4647 477 4703 ΜΝ),
494 4647 669 4720 &angelium
683 4650 806 4708 gummi
829 4654 921 4724 loque,
971 4629 1155 4701 intelligentiae
1179 4629 1205 4684 in
1229 4631 1279 4686 bac
1292 4629 1387 4686 cadem
1404 4631 1516 4703 epistola
1542 4633 1601 4704 ipse
1620 4633 1766 4705 Aprostnlm

130 4741 206 4794 tetur
215 4736 356 4801 audenter,
369 4734 447 4791 iactu
462 4735 563 4794 inerint
575 4740 601 4793 ei
615 4740 729 4807 insidia,
748 4750 773 4796 et
787 4744 814 4797 iu
829 4753 921 4814 sporta
971 4724 1004 4779 ‘¹0
1014 4722 1151 4779 Abraham
1160 4731 1187 4778 θῑ
1199 4722 1277 4790 Sara,
1291 4734 1319 4779 et
1329 4725 1402 4795 Adii
1415 4726 1563 4795 dishsslisss·
1579 4726 1764 4798 0110ιῦῑᾶθῦ

129 4840 179 4899 W
203 4841 312 4883 murum
329 4839 408 4883 ΜΕ
423 4829 551 4885 dimissu,
566 4831 611 4895 sqq,
627 4842 655 4887 et
673 4833 746 4887 venq
770 4832 921 4893 gerusalem
971 4823 1043 4883 sunt,
1055 4814 1155 4885 inquit,
1167 4831 1213 4885 per
1226 4814 1468 4886 allegoriarudietu.
1484 4816 1547 4872 ilrec
1557 4819 1702 4874 enimcum
1711 4819 1764 4874 dea

130 4920 238 4973 gemm
254 4930 285 4971 ω
292 4915 408 4987 jungere
420 4916 570 4987 discipulis,
594 4920 727 4994 aquibus
745 4938 807 4978 cum
821 4925 921 4982 vigam,
973 4904 1138 4959 Testamenta
1151 4918 1160 4957 .·
1176 4921 1257 4958 unuut
1271 4905 1377 4976 quidem
1387 4906 1414 4958 in
1427 4917 1513 4961 rnonte
1528 4904 1593 4962 Sirra
1605 4908 1635 4962 iu
1652 4910 1764 4964 territa·

131 5019 185 5078 tur,
211 5021 239 5068 et
252 5012 381 5068 timerent
401 5012 435 5067 ad
457 5028 520 5068 eom
545 5015 686 5082 accedere,
709 5033 725 5071 a
748 5017 871 5074 Bnmaba
886 5021 920 5074 ad
971 5003 1022 5048 Μ’
1040 5010 1175 5066 demam·
1190 5010 1249 5067 (ΙΨ
1262 5004 1300 5051 ⁶⁸¹
1315 4996 1396 5065 ΑΨ·
1413 4993 1479 5050 Sina
1503 4996 1572 5051 ‘’m''
1587 5014 1665 5053 ”⁸⁰⁸⁸
1680 5008 1720 5055 ι’*
1736 5001 1763 5054 ⁵¹¹

130 5101 267 5171 ammos
277 5102 353 5158 mum
364 5117 425 5159 esse
441 5103 611 5175 perductum,
624 5112 652 5162 eq
665 5106 703 5163 ιω
715 5121 843 5164 „masse
852 5118 921 5183 u,
970 5086 1080 5152 Arabia,
1099 5088 1144 5157 qui
1157 5086 1312 5156 conjunctus
1325 5095 1362 5140 est
1375 5085 1409 5152 ei,
1417 5102 1476 5158 qure
1487 5103 1555 5142 nunc
1564 5097 1603 5142 est
1613 5087 1764 5147 tensum

131 5194 212 5252 nuto
224 5193 310 5250 usum
325 5194 423 5251 reuera
446 5194 474 5250 ιιι
488 5194 596 5261 tunae,
611 5203 640 5252 a
652 5180 920 5256 oanascrooucmr-
971 5178 1043 5252 (Gd-
1059 5179 1108 5252 n).
1123 5180 1157 5235 m
1170 5180 1248 5237 nocer
1260 5181 1567 5250 rossemannum,
1586 5183 1640 5242 boc
1652 5195 1763 5254 αιιι

131 5289 174 5341 ω,
199 5283 286 5357 egeris
309 5284 336 5339 qn
352 5284 461 5341 „0qu
482 5271 558 5340 jesu,
575 5283 654 5352 Erat,
677 5284 776 5356 inqua,
792 5303 852 5343 cum
866 5289 920 5344 gg,
971 5269 1040 5326 ciilre
1052 5270 1147 5337 tilium,
1159 5273 1186 5326 in
1198 5271 1308 5338 Arabia,
1323 5286 1384 5344 quse
1398 5272 1593 5344 interpretatur
1606 5275 1721 5334 homilis
1735 5289 1762 5334 ct

131 5372 234 5429 intrans
248 5383 273 5429 et
282 5375 372 5430 meus
385 5375 413 5430 in
422 5372 581 5443 Jerusalem,
592 5383 617 5431 et
631 5373 792 5445 fiducialiter
802 5395 882 5450 opens
892 5381 920 5436 in
971 5359 1085 5414 ⁰⁰⁰id⁰⁰
1117 5358 1302 5416 ⁰⁰¹¹⁵²i²¹¹¹l¹¹¹l
1317 5362 1439 5417 ‘smum
1465 5362 1557 5434 mille
1586 5372 1619 5421 ⁰¹
1645 5366 1763 5425 mistim

132 5463 236 5517 „mm
261 5461 377 5517 pompm,
394 5462 561 5536 pompm,
582 5483 695 5538 quoqu,
720 5477 746 5523 et
771 5469 920 5542 4533,ng
971 5448 1070 5507 tantm
1083 5450 1117 5506 ad
1127 5450 1213 5522 legem
1225 5460 1253 5508 et
1264 5454 1420 5523 propbetas,
1436 5463 1464 5510 ct
1474 5455 1580 5513 Veteris
1592 5457 1762 5517 Testamenti

133 5564 193 5602 eurr
214 5545 323 5605 Grecis.
345 5550 391 5607 lili
415 5562 502 5609 uatem
529 5556 680 5627 querebant
707 5559 823 5617 occidere
848 5576 918 5616 erum.
969 5542 1025 5612 1³¹⁰
1037 5545 1063 5600 5¹¹
1076 5543 1199 5610 ⁰⁰⁰ffl¹¹⁰r
1210 5546 1290 5617 Ρθθῑῑῑ
1306 5554 1476 5603 ”crimem
1489 5563 1650 5617 &nimuh
1664 5553 1763 5624 ΨΜ·

134 5633 211 5702 Quod
228 5652 286 5693 crum
298 5641 474 5711 sogrroairsent
489 5639 592 5711 fratrer,
609 5644 773 5704 deducerunt
787 5664 846 5707 euru
863 5647 920 5706 Cre·
972 5631 1010 5690 Vll
1022 5630 1049 5690 5¹¹
1061 5632 1102 5690 05⁵
1118 5631 1264 5702 Christum»
1286 5650 1366 5709 ‘lum
1379 5634 1472 5709 JUSWS
1483 5635 1572 5695 suem
1584 5638 1613 5697 Ῑῦ
1635 5642 1763 5712 lii-'¹¹¹ibin
