3832 6120
148 238 216 299 slot
716 222 914 282 directione
930 221 1209 283 ecchestnsnca.
1706 218 1777 279 ΗΜ

148 369 213 414 vero
228 367 276 423 per
292 352 363 408 hanc
381 356 502 406 sutram
516 345 705 402 auctoritatem
719 340 828 398 ωιᾶιιιι
840 353 886 396 res
908 345 936 395 et
949 339 975 399 Α
988 336 1073 400 mitio,
1088 343 1116 392 et
1137 335 1175 392 ihi
1201 349 1256 391 una
1271 349 1333 392 cum
1352 335 1484 392 aduocato
1497 334 1641 393 Parisiace
1655 334 1778 394 wesin

148 447 282 518 mucipta
297 458 329 499 ac
351 439 457 497 telonea
470 437 556 512 ipsius
572 435 704 501 ecclesm,
717 431 938 491 condrmarimus
988 429 1083 485 venire
1095 443 1152 484 non
1165 424 1302 493 dilierant,
1313 435 1341 483 et
1352 433 1454 483 rectam
1468 426 1603 484 radonem
1617 442 1650 485 ac
1663 426 1778 500 legalem

148 556 183 599 ac
205 535 402 599 roboravimus,
417 539 448 587 nt
459 531 487 587 in
500 537 641 602 posterum
653 534 774 584 rectores
790 525 876 595 ipsius
893 538 937 580 ec·
984 514 1119 587 iustitiam
1132 515 1282 588 adimplere
1300 523 1442 592 cogantur.
1456 515 1521 574 llaec
1544 531 1610 575 uero
1629 517 1779 576 aucmritas

149 629 239 689 clesiae
252 628 356 697 absque
367 624 449 680 ullius
459 620 645 693 inquietudine
666 619 709 674 rel
731 618 830 690 iniusta
852 616 938 672 inter-
988 616 1019 663 ut
1031 605 1137 662 firmior
1152 606 1180 661 io
1207 605 1256 661 Dei
1281 606 1392 663 nomine
1405 605 1549 672 habeatur·
1564 614 1626 663 ott
1654 605 1779 667 fidelibfli

147 719 291 795 ,diaticne
301 716 391 787 quiete
408 720 519 770 teneant
533 719 562 767 et
575 725 672 767 secure
699 709 868 780 possideant.
894 704 937 761 ln-
988 704 1089 753 sauctae
1102 695 1150 752 liei
1163 695 1291 752 Ecclesiae
1308 704 1337 752 et
1354 695 1455 753 nostris
1468 695 1624 768 diligentius
1635 709 1779 752 conserve·

146 823 229 880 super
247 804 500 874 etiamcidcmjam
515 801 654 858 nominato
681 800 812 856 inchado
831 798 935 870 episco-
989 793 1043 852 lut,
1056 801 1137 842 minu
1151 785 1334 857 lll⁰l¹¹³0²¹¹¹
1349 785 1442 842 Subli?
1455 783 1662 842 s'lmlimuffl
1685 784 1779 840 ⁸¹¹⁰ssst

147 897 308 972 posuitque
329 894 533 952 successoribus
556 889 741 948 concessimus
760 897 841 959 atque
861 902 938 944 morc
989 879 1076 934 noelli
1095 878 1272 949 ῑῑΰῡΐθὸὓῑθΰθ
1280 877 1383 949 signari
1393 876 1531 946 inibimus·

146 999 262 1063 patene
276 1003 326 1061 per
338 994 459 1043 amoram
471 983 661 1040 sustentarem
679 980 898 1037 confirmavimus
908 987 939 1035 ιι
1023 969 1167 1027 bannens
1181 971 1305 1029 neurim
1317 971 1351 1027 su
1375 971 1462 1028 ricem
1476 969 1612 1043 Frudisisi
1623 971 1780 1041 menonis

146 1080 238 1139 nudus
251 1094 343 1136 comcs
357 1093 445 1148 neque
456 1075 509 1132 ulla
523 1072 670 1142 judiciaria
681 1081 802 1144 potestas
822 1073 850 1127 in
865 1080 938 1127 terra
988 1069 1016 1119 ol
1027 1063 1198 1135 subscripsit·

147 1170 255 1229 Sanctae
269 1169 360 1224 blariae
372 1168 399 1223 in
414 1168 472 1238 ipsa
483 1165 571 1222 insrsla
590 1165 757 1221 consistente
769 1163 852 1218 ullum
876 1177 938 1219 cen·
1022 1152 1121 1211 litium
1131 1171 1176 1211 ῑῐι
1186 1154 1246 1211 Kol-
1261 1153 1434 1222 Novembris,
1455 1170 1526 1212 ²¹¹¹¹⁰
1541 1153 1650 1213 Christi)
1663 1156 1780 1228 llffllil¹5⁰

145 1281 208 1324 ,um
223 1265 256 1320 d„
272 1273 345 1318 ,em
359 1261 466 1318 gam
481 1258 572 1315 pappa,
592 1257 831 1330 20059122‚„00d0
859 1256 938 1312 sami.
989 1242 1006 1297 7
1023 1241 1130 1314 imperii
1144 1245 1237 1303 domni
1249 1245 1380 1303 Ludorici
1394 1246 1510 1317 piissimi
1524 1247 1707 1319 imperatoris.
1724 1248 1779 1304 Ae·

147 1355 184 1413 lia
199 1355 284 1428 ipsius
296 1353 419 1412 ecclesie
435 1366 522 1423 neque
534 1351 568 1406 dc
589 1351 651 1407 aliis
674 1349 769 1406 liberis
782 1349 938 1406 hominibus
989 1337 1045 1386 ‘¹¹¹⁰
1058 1331 1222 1405 Aiuiidfflssi
1236 1335 1330 1406 lilim
1343 1333 1450 1407 hubllffl
1464 1335 1493 1392 1¹¹
1504 1334 1553 1394 Dei
1570 1336 1680 1394 ”timim
1694 1335 1780 1394 silici·

148 1446 192 1504 sel
205 1445 308 1511 incolis,
323 1460 384 1515 quae
405 1444 507 1500 rustice
519 1441 616 1499 Albani
633 1441 814 1514 appellantur,
829 1440 857 1498 in
880 1441 938 1510 ipsa
989 1424 1041 1475 Ἢ·
1053 1418 1149 1477 ΛΜ·

148 1544 222 1594 terra
235 1533 343 1592 Senem
354 1533 445 1590 llario
455 1533 629 1589 manentibus
657 1531 709 1588 hoc
726 1546 807 1603 agere
837 1547 938 1604 presu-
1341 1511 1430 1570 ¹0³¹·

148 1635 236 1693 mant,
249 1641 300 1681 nec
313 1625 395 1681 etiam
407 1625 448 1681 eis
463 1624 592 1694 quislibet
614 1623 696 1679 ullam
724 1624 937 1694 inquietudinem
1193 1616 1245 1660 ¹³⁸⁰
1259 1616 1385 1660 mm*
1416 1616 1572 1660 ”mmm

147 1716 192 1775 rel
202 1716 413 1774 dominationem
425 1729 473 1771 seu
486 1714 571 1770 ullum
593 1716 713 1770 banmm
733 1723 828 1770 contra
852 1685 977 1785 legem¹3
1293 1689 1383 1765 (ΑΜ
1398 1689 1475 1762 8Ξο·)

148 1808 192 1865 rel
206 1807 327 1864 illicitam
340 1807 512 1863 occasionem
525 1806 744 1873 lacerestndeat
758 1822 848 1877 neque
872 1822 938 1865 cen·
1204 1804 1296 1879 {Apud
1316 1806 1466 1874 Balesium,
1487 1805 1566 1880 ibid]
1653 1817 1654 1820 ’

149 1914 210 1957 sum
234 1914 314 1970 quem
327 1901 421 1956 dicum
433 1900 588 1966 foraticum,
615 1915 704 1971 neque
714 1899 870 1971 ripaticum,
892 1913 940 1955 nc-
1024 1890 1054 1946 ln
1068 1892 1370 1952 nominenominee
1390 1904 1419 1951 et
1431 1894 1583 1952 Salvatoris
1608 1898 1696 1953 nostri
1716 1897 1779 1955 lesu

149 2004 202 2062 que
223 1990 394 2057 salvaticum,
421 1988 567 2046 senellam
581 1989 788 2047 redhibitionem
815 1989 939 2046 detersa
989 1977 1101 2047 Christi,
1116 1982 1288 2053 hadericus,
1311 1986 1402 2043 ditio·
1427 1987 1573 2045 ordinm&
1594 1989 1780 2059 providenti&

150 2076 257 2135 Sancte
271 2079 362 2134 llarize
375 2078 418 2135 rel
428 2079 461 2135 de
470 2078 727 2149 supermanentibus
743 2078 870 2150 accipere
891 2086 940 2134 aut
989 2069 1138 2152 imperator
1150 2073 1298 2148 Augustus.

149 2177 277 2227 exactare
289 2170 396 2225 audeat.
410 2166 555 2225 Sedliceat
565 2184 637 2240 saepe
650 2170 791 2226 nominato
813 2170 939 2241 episcopo
1025 2160 1055 2217 Sl
1066 2164 1244 2233 petitionibus
1258 2167 1430 2225 “cordetuo
1453 2168 1481 2224 in
1499 2170 1664 2241 quibuslibet
1688 2187 1782 2230 neees-

150 2256 537 2317 Ynchadoacsuccessoribus
555 2260 612 2316 suis
631 2260 723 2331 quieto
743 2259 832 2331 ipsam
861 2261 936 2316 insu-
989 2251 1326 2314 datibusecelestsnteis
1343 2263 1616 2319 nostraauctoritate
1639 2249 1783 2320 mitens-

151 2348 208 2407 lam
223 2352 369 2407 secundum
380 2351 520 2424 propriam
534 2350 702 2407 voluntatem
714 2350 843 2407 ordinare
856 2358 940 2421 atque
988 2342 1032 2399 dis
1047 2344 1227 2414 consulimus,
1250 2355 1279 2403 et
1292 2348 1533 2407 ari-ministerium
1553 2367 1650 2409 eorum
1671 2353 1782 2411 liberius

150 2441 382 2515 gubernarem„
398 2442 458 2513 ψῃ
472 2448 545 2498 „m
560 2438 667 2497 sm
677 2440 769 2496 uaria
782 2440 939 2496 „munes
988 2435 1193 2502 exsequendum
1218 2449 1298 2506 opem
1330 2436 1453 2502 ierimus,
1475 2453 1491 2494 a
1517 2455 1624 2498 summo
1650 2440 1782 2499 Pontidcc

150 2547 202 2589 ω
215 2547 295 2602 quam
309 2531 376 2589 aliae
389 2547 454 2589 puae
468 2532 645 2590 necessitates
656 2531 716 2589 gine
727 2530 842 2601 alicuju.
848 2529 939 2588 pedhi.
988 2521 1103 2579 Domini)
1116 2532 1211 2580 nostro
1229 2523 1293 2581 lesu
1310 2524 1420 2582 Christi)
1432 2535 1542 2584 aeiernae
1552 2533 1783 2590 remunemtlolllb

150 2622 252 2679 titione
265 2636 403 2677 exercere.
416 2621 684 2693 Praecipimusetiam
711 2629 793 2692 atque
812 2622 939 2693 jubemus
988 2610 1083 2683 ¹²²6st
1097 2614 1297 2685 nohiopraemio
1315 2630 1370 2672 non
1401 2617 1573 2690 ambigimus.
1591 2618 1709 2679 Proinde
1733 2637 1783 2680 no-

151 2711 314 2784 atderepaii
328 2712 372 2767 uia
385 2726 418 2768 ex
431 2719 509 2784 parte
535 2709 628 2768 Sancti
652 2709 815 2767 Germania
838 2709 939 2768 Sancto
988 2709 1046 2759 wan
1064 2704 1101 2759 sit
1118 2705 1244 2763 mnibus
1265 2704 1390 2764 fidelibus
1413 2716 1514 2765 sanctae
1535 2710 1584 2767 Dei
1597 2711 1728 2772 Ecclesiae
1755 2725 1783 2771 et

154 2801 290 2860 diederico
303 2818 389 2874 usque
403 2804 437 2859 ad
453 2802 542 2859 locum
554 2802 601 2874 qui
613 2802 693 2875 uulgo
705 2801 938 2858 uocaturTudella
988 2795 1102 2863 nostris,
1116 2797 1295 2869 praesendbus
1309 2799 1415 2857 seilicet
1426 2807 1455 2858 et
1472 2800 1581 2870 inituris,
1599 2805 1663 2874 quia
1680 2807 1724 2863 nir
1737 2822 1783 2863 ne

152 2893 180 2949 in
195 2909 261 2964 rupa
276 2893 370 2950 Sancti
381 2891 521 2957 Germani,
547 2906 635 2963 neque
649 2891 677 2946 in
702 2890 764 2952 aliis
788 2890 939 2948 minorihus
988 2886 1783 2968 secabilislnchsdusl‘arisiacaeurbisccclesiaeepiscopus

151 2983 204 3040 riis
217 2999 277 3054 quae
291 2983 404 3040 tendunt
416 2983 451 3040 ad
470 2982 665 3039 monasterium
691 2979 811 3051 eiusdem
830 2997 938 3053 praene-
990 2974 1782 3058 detalitserenitatinostroquamdamauctoritstemquonr

152 3071 247 3127 minati
261 3070 354 3128 Sancti
366 3070 506 3136 Germani,
519 3070 588 3127 ullus
605 3071 706 3127 missus
718 3070 871 3127 dominicus
886 3072 937 3128 ali·
989 3065 1144 3125 donnuset
1162 3069 1271 3140 genitor
1294 3077 1387 3128 neoto
1409 3073 1489 3130 bona
1509 3077 1648 3134 memoriae
1671 3077 1784 3135 carolum

151 3177 233 3232 quam
247 3163 419 3234 judiciariam
447 3171 608 3237 potestatem
624 3162 661 3218 ibi
686 3170 823 3230 exerceat,
850 3179 939 3236 neque
987 3154 1201 3229 poriodssimus
1216 3159 1367 3232 imperator
1380 3162 1414 3218 ad
1429 3165 1588 3234 petitionem
1603 3169 1784 3239 praedecesso·

152 3249 270 3321 aliquem
281 3267 403 3319 censum,
418 3269 506 3326 neque
515 3255 665 3327 ripaticum,
681 3269 769 3326 neque
781 3252 937 3322 foraticum,
988 3247 1027 3303 ris
1040 3248 1083 3306 sui
1096 3249 1266 3309 Enchenradi
1272 3253 1359 3325 ipsius
1364 3255 1484 3312 civitatis
1490 3256 1612 3330 episcopi
1622 3259 1783 3329 tertiasse

152 3357 239 3412 neque
251 3344 334 3400 ullum
349 3347 483 3402 teloneum
495 3348 625 3419 recipiat;
636 3347 685 3404 sed
699 3349 800 3404 missus
818 3345 938 3419 episcopi
988 3336 1017 3395 ¹¹²
1030 3354 1085 3411 qna
1098 3340 1291 3398 wottoobttor
1308 3344 1442 3401 inserorm
1453 3347 1527 3417 quod
1547 3363 1597 3418 per
1607 3349 1741 3408 incidam
1756 3364 1785 3409 et

152 3435 302 3490 secundum
320 3438 456 3509 propriam
482 3438 650 3495 uoluntatem
673 3438 796 3505 ordinet;
815 3437 938 3494 etadso
988 3431 1178 3503 negligentiam
1206 3436 1350 3491 custodum
1371 3437 1457 3508 ipsios
1482 3439 1607 3497 ecclesias
1630 3451 1783 3502 conmenta

152 3523 358 3595 catusejusdcm
371 3527 493 3584 ecelesiae
514 3537 570 3584 tam
598 3529 632 3586 de
655 3528 714 3600 ipsa
742 3536 815 3585 terra
844 3526 938 3583 Sancti
986 3523 1146 3580 chartarum
1164 3532 1261 3581 crusta
1283 3526 1326 3583 rel
1340 3536 1511 3584 concremata
1523 3529 1699 3602 disperdita
1714 3532 1783 3590 iuis·

149 3614 280 3674 Germani
293 3633 374 3689 quam
387 3619 420 3674 dc
439 3619 566 3690 praedicta
591 3626 665 3674 terra
679 3618 787 3674 Sancte
800 3617 893 3673 hiarie
910 3618 939 3672 in
988 3620 1060 3678 seut.
1092 3628 1142 3683 per
1167 3628 1228 3682 quae
1250 3615 1356 3671 scilicet
1379 3617 1452 3688 quod
1474 3616 1567 3687 plures
1598 3620 1704 3678 ncbdes
1730 3624 1782 3680 siri

151 3702 239 3760 insula
250 3707 339 3777 posita
352 3715 455 3762 rectam
473 3721 505 3761 ac
518 3706 631 3777 legalem
645 3708 778 3762 rationem
792 3707 890 3762 reddat
902 3707 939 3764 si·
988 3701 1170 3771 pmremeoio
1184 3702 1283 3758 anim
1306 3717 1362 3759 suae
1384 3717 1430 3761 res
1455 3711 1485 3760 et
1495 3705 1632 3777 mancipia
1646 3709 1782 3782 adipeam

151 3810 186 3848 ne
203 3795 293 3864 aliqua
307 3795 442 3866 judicaria
456 3803 589 3864 potestate
603 3797 668 3853 inibi
680 3796 723 3853 rel
734 3797 832 3860 banno,
848 3796 899 3852 nisi
911 3797 938 3852 in
988 3787 1182 3861 delegaverunt
1198 3792 1354 3859 ecclesiam,
1377 3801 1407 3849 et
1426 3794 1499 3864 quod
1516 3795 1589 3852 idem
1604 3799 1711 3870 genitor
1729 3817 1781 3860 no-

151 3883 234 3939 mallo
247 3884 368 3956 legitimo
387 3884 428 3939 rel
440 3884 525 3956 regali
535 3885 730 3956 piaesentem
738 3885 793 3941 hex
810 3883 939 3941 coelesia-
989 3888 1047 3938 ster
1075 3897 1125 3953 per
1153 3885 1277 3941 eamdem
1314 3885 1504 3944 confirmasset
1534 3891 1724 3949 auctoritatem
1750 3904 1781 3953 ut

152 3987 213 4028 rum
231 3974 364 4043 precipit.
380 3972 618 4031 heliberisautem
631 3975 843 4046 hominibusqni
858 3990 938 4047 super
989 3985 1033 4029 res
1055 3981 1083 4030 et
1100 3974 1235 4044 nandpta
1257 3990 1319 4047 quae
1344 3975 1372 4032 in
1393 3976 1499 4034 eisdem
1522 3978 1711 4043 instrumentis
1736 3985 1781 4041 in„

151 4072 254 4120 terram
265 4065 350 4136 ipsius
361 4066 522 4138 supradictae
534 4066 939 4126 ecclesiael'arisiacaeeomma-
990 4072 1062 4121 serta
1086 4063 1247 4133 suessones
1273 4065 1345 4122 unde
1370 4067 1501 4138 praedica
1525 4069 1641 4128 ecclesis
1658 4086 1694 4130 ee
1713 4080 1782 4130 teso-
1846 4095 1849 4101 ¹

151 4156 364 4222 nereridentur,
382 4172 415 4213 ac
430 4173 490 4214 eam
503 4160 654 4231 perservire
676 4170 837 4229 noscuntur,
865 4162 938 4218 volu
989 4170 1056 4227 pore
1076 4156 1452 4228 legibusresuraeras,1ure
1475 4159 1664 4221 ecclesiastico
1686 4179 1783 4222 secure

151 4265 212 4306 snus
226 4258 257 4305 ut
267 4251 338 4306 sicut
346 4251 373 4306 in
390 4262 524 4323 praecepto
536 4252 642 4325 Pippini
652 4253 696 4310 ari
719 4255 805 4310 nostri
819 4255 938 4311 contine·
989 4254 1018 4307 et
1029 4248 1120 4317 quiete
1132 4257 1252 4305 rectores
1268 4249 1355 4320 ipsius
1368 4250 1492 4308 ecclesie
1501 4251 1602 4312 tuturis
1614 4257 1782 4328 temporibus

120 4410 128 4421 α
150 4348 206 4408 tur,
224 4341 313 4398 nullus
327 4343 354 4397 in
364 4344 579 4414 hostemperpat
591 4344 643 4399 nisi
667 4359 795 4401 unacum
812 4345 938 4416 episcopo
950 4350 978 4410 Ι)
991 4343 1114 4394 tenerent
1124 4345 1208 4407 atque
1231 4338 1413 4411 possiderent.
1437 4340 1521 4399 Petiit
1534 4344 1617 4401 etlam
1635 4346 1782 4418 praedictus

150 4431 236 4502 ipsius
252 4431 383 4498 ecclesie,
403 4431 446 4487 rei
467 4433 614 4488 secundum
634 4447 712 4488 suam
739 4433 939 4490 ordinationem
990 4427 1125 4485 inchadus
1142 4428 1317 4485 serenitatem
1331 4438 1454 4487 nonum
1472 4440 1504 4488 ut
1517 4448 1567 4503 pro
1584 4438 1718 4493 mercedis
1733 4452 1782 4493 no·

151 4528 307 4584 remaneat3
324 4529 352 4577 et
366 4535 454 4591 neque
481 4521 516 4579 dc
542 4522 608 4593 ipsis
620 4522 776 4579 hominibus
790 4539 871 4595 supra
886 4532 940 4581 ter-
990 4525 1209 4588 straesoqmento
1228 4525 1257 4574 et
1283 4517 1421 4575 firmitatis
1441 4521 1533 4577 studio
1543 4522 1635 4579 cidem
1659 4524 1782 4583 ecclesias

149 4624 210 4665 ram
229 4610 338 4667 Sanctae
351 4613 443 4668 llariae
455 4615 630 4670 manentibus
646 4614 765 4685 aliquem
776 4617 939 4673 consumuel
990 4617 1192 4680 m⁰¹09210¹¹¹⁰
1205 4617 1327 4666 ¹¹⁰⁸‘l'2m
1339 4611 1532 4669 mmmm
1546 4628 1629 4686 super
1650 4615 1703 4674 ΜΘ
1730 4632 1780 4675 ⁸⁶·

149 4700 270 4770 aliquam
280 4701 490 4759 redhibitionem
508 4703 605 4774 aliquis
619 4705 753 4776 decapite
778 4719 871 4762 eornm
894 4721 940 4762 ae·
989 4699 1063 4773 gotio
1076 4688 1313 4768 fierflubmfflto»
1328 4714 1473 4772 perquam
1487 4703 1626 4764 modernis
1636 4715 1665 4763 et
1682 4704 1780 4764 iuwds

148 4792 240 4862 cipere
254 4802 403 4864 presumat
412 4810 473 4866 quas
487 4811 503 4851 a
518 4795 598 4868 longo
612 4803 734 4867 tempore
747 4797 813 4854 darc
826 4813 941 4855 musne-
990 4792 1158 4862 temporibus
1168 4804 1213 4847 res
1226 4798 1255 4848 et
1270 4791 1407 4868 mancipia
1423 4807 1484 4863 que
1495 4807 1546 4864 per
1569 4794 1683 4865 prefata
1710 4805 1782 4852 strn-

149 4890 247 4938 serant
256 4890 285 4939 et
299 4883 400 4941 tuturis
413 4886 581 4957 temporibus
593 4886 749 4956 persolvere
762 4885 879 4953 debent;
892 4889 940 4944 sed
990 4890 1082 4938 ments
1106 4883 1265 4938 chartarum
1279 4881 1369 4938 eidem
1396 4883 1503 4939 traditae
1521 4883 1630 4941 inerant
1648 4885 1781 4951 ecclesiae,

150 4972 284 5043 quidquid
300 4973 363 5030 inde
380 4975 462 5031 flseus
471 4983 565 5032 noser
574 4976 694 5048 veripere
708 4984 754 5031 ant
768 4991 879 5049 sperare
893 4990 941 5048 pc-
990 4970 1117 5040 drmiter,
1130 4972 1235 5044 quiete,
1246 4986 1279 5028 ae
1290 4987 1387 5030 secure
1403 4973 1549 5048 spraelatis
1564 4974 1649 5046 ipdus
1660 4976 1784 5035 ecclesie

149 5058 243 5126 tuerit,
258 5075 307 5132 per
320 5063 471 5134 omnispro
486 5076 579 5121 amore
592 5063 641 5121 liei
653 5073 787 5121 etsanctse
803 5064 852 5121 ilci
864 5065 940 5138 qeni-
990 5062 1157 5121 momenun
1181 5063 1226 5121 rei
1248 5065 1464 5135 possiderentur.
1479 5064 1545 5123 ¹ltus
1556 5068 1648 5140 lutrae
1659 5069 1782 5141 inspecta

149 5147 226 5206 tricis
256 5150 348 5209 liarie
379 5152 492 5224 praelato
522 5155 648 5227 inchadc
673 5155 800 5227 episcopo
830 5157 941 5229 suisque
990 5156 1086 5213 eadem
1100 5156 1263 5212 accerime
1276 5155 1368 5212 domni
1391 5156 1562 5231 etpenisorls
1576 5158 1673 5227 nosci,
1700 5157 1782 5217 libuit

149 5243 356 5298 accessoribus
369 5241 677 5313 libenterconcedimus,
692 5248 941 5320 etpratuitoanimo
991 5247 1070 5304 nobis
1080 5245 1202 5320 elumen
1213 5246 1379 5305 uenerabilis
1388 5247 1442 5304 riri
1452 5247 1629 5319 petitionibus
1640 5264 1782 5307 asseomsr

149 5336 315 5391 auctoritate
336 5341 432 5391 nostra
457 5334 652 5394 condrmamus
678 5345 710 5395 ut
736 5339 838 5395 nudam
859 5339 941 5396 etiam
990 5339 1112 5417 prebes
1124 5338 1647 5412 epaerssauctaritsubanequoqns
1660 5349 1782 5398 ωιιηιι

148 5422 349 5482 districtionem
373 5425 406 5481 de
425 5424 582 5482 hominihus
608 5441 689 5497 snper
716 5437 817 5485 terram
842 5437 943 5484 sanes
987 5426 1102 5498 junqere
1116 5428 1318 5485 auctoritatem.
1343 5428 1519 5501 Praecipimus
1537 5445 1602 5505 erpo
1617 5431 1783 5504 amosinhs·

149 5510 242 5568 ilaris
253 5510 574 5580 manentibnsindiciaria
593 5523 852 5585 petescsexercere
874 5532 942 5589 pre-
990 5532 1052 5576 snos
1074 5524 1210 5574 utomnes
1227 5530 1273 5575 res
1288 5524 1318 5574 et
1334 5518 1469 5590 mancipia
1482 5534 1543 5591 quae
1565 5535 1599 5577 ox
1621 5518 1783 5579 liberalitate

149 5613 251 5672 sonat,
266 5605 328 5674 nisi,
343 5613 465 5677 utsupra
478 5602 607 5675 diximus,
619 5605 647 5662 in
662 5606 743 5665 mmo
763 5607 882 5682 tepitirno
896 5624 942 5667 co·
991 5610 1079 5670 eidem
1092 5607 1197 5667 collate
1219 5606 1329 5667 lacrum
1350 5607 1485 5680 moena,
1508 5613 1613 5669 nostris
1631 5621 1661 5670 et
1683 5611 1782 5671 istsrris
