3832 6120
135 274 187 335 osv
662 260 803 324 ctauuu
823 255 1057 318 reuulsussls
1074 253 1227 320 urlseuri
1715 260 1769 324 aa

135 393 180 447 isti
203 385 336 449 fallacias,
355 393 382 439 ct
402 396 494 437 verum
513 381 584 448 quod
606 395 685 434 nosse
704 379 854 450 potueriat,
867 391 920 432 non
935 378 1000 439 Aet
1010 379 1051 433 sni
1064 379 1203 434 rnilitcsad
1214 380 1389 433 revincendos
1399 394 1447 433 eos
1460 378 1605 433 discerent.
1615 377 1697 445 Quod
1706 395 1776 437 uero

134 478 249 536 docendi
264 475 359 544 magia,
380 486 461 541 quam
478 469 629 539 decipiendi
643 469 697 524 irrre
719 468 922 538 pronuntiant:
976 472 1123 559 sequntur:
1148 472 1216 525 sicut
1244 470 1371 540 scriptum
1400 479 1438 523 eat
1464 469 1494 521 in
1519 468 1587 522 libro
1611 470 1777 538 januarum,-

134 583 162 626 et
175 572 244 625 iorte
257 569 308 622 boc
322 574 375 627 est,
391 561 461 632 quod
473 576 534 617 curn
548 561 593 616 illa
606 561 697 631 imago
712 559 847 614 Samuelis
859 556 927 613 Sau·
977 560 1063 631 ipsum
1082 561 1179 616 librum
1192 560 1273 615 hodie
1286 573 1534 629 nusquamgneqne
1545 558 1616 629 apud
1630 560 1705 630 ipsos
1717 559 1778 616 lle·

135 663 187 716 lem
201 657 361 728 praediceret
376 652 548 716 moriturum,
568 649 595 721 (l
609 649 675 721 Reg.
690 665 787 713 sarrit.
801 649 846 720 19)
859 646 928 703 dixit
976 653 1064 708 bracos
1086 652 1203 706 inveniri
1224 665 1304 721 posce
1327 657 1496 714 asseverant,
1512 649 1583 705 sieut
1601 665 1653 705 nee
1673 650 1779 706 librunr

134 753 216 807 ctiam
229 763 321 804 secum
334 744 467 812 loturum,
483 745 556 814 quod
578 744 670 813 utique
685 741 781 798 laisum
794 750 855 798 cst:
870 737 924 796 vnd-
978 740 1104 795 bellorum
1118 740 1237 807 bomini,
1253 740 1331 811 cujus
1343 740 1428 812 (nunt.
1444 754 1502 806 xxi,
1521 739 1566 812 11)
1586 740 1614 795 in
1631 739 1703 796 libro
1715 740 1778 796 Nn-

133 855 186 912 gno
197 839 295 910 qnippe
307 835 535 905 intervallnpost
548 842 663 889 mortem
681 833 802 903 separari
813 833 927 905 bonose
977 847 1116 889 merorum
1133 833 1235 888 mentio
1256 841 1308 898 est,
1332 830 1393 904 (lli
1416 831 1482 903 λε).
1505 831 1553 899 52,
1571 840 1600 888 et
1613 833 1661 905 ³3)
1682 848 1779 905 oeque

134 929 214 985 maiis
226 929 254 984 in
271 922 417 998 Evangelio
430 924 556 996 legimus,
572 922 650 995 (bor.
667 938 724 987 ιιι,
737 920 783 992 16)
797 935 859 976 curn
877 920 930 976 llo-
978 923 1098 979 carmina
1110 922 1273 988 Salornonis
1287 936 1375 994 neque
1387 922 1583 993 disputationes
1592 922 1654 994 ejus
1666 924 1777 994 sapien

135 1019 225 1076 minus
238 1019 310 1074 inter
324 1017 469 1088 superbum
484 1015 560 1070 ilioni
582 1013 703 1077 divitem,
717 1028 778 1068 cunr
789 1012 846 1082 jam
858 1013 930 1082 apud
980 1012 1099 1068 tissimas
1110 1013 1143 1068 de
1158 1013 1294 1083 lignorum
1307 1021 1416 1080 natura,
1430 1012 1631 1083 herbarumque
1639 1015 1777 1082 omnium,

134 1110 237 1166 inferos
257 1118 392 1165 tormenta
407 1114 556 1179 pateretur,
584 1112 612 1161 et
634 1105 722 1169 illurn,
745 1105 791 1174 qui
813 1103 847 1159 ad
870 1103 929 1173 ejus
980 1100 1099 1172 itemque
1119 1103 1315 1173 jumentorum,
1340 1103 1492 1170 volucrum,
1516 1102 1661 1173 reptilium,
1682 1113 1712 1160 et
1733 1107 1778 1177 pi·

132 1202 245 1273 ianuam
257 1202 394 1258 ulcerosus
404 1197 626 1270 jacebat,jarnin
639 1197 733 1267 requie
743 1196 928 1260 constitutum,
980 1195 1076 1258 scium,
1087 1195 1128 1250 vel
1141 1196 1213 1265 quod
1231 1195 1259 1250 in
1274 1197 1344 1252 libro
1361 1197 1467 1252 dicrum
1481 1197 1581 1252 dicitur
1595 1215 1602 1251 ε
1618 1196 1663 1270 (ll
1679 1196 1776 1254 Parni.

136 1308 263 1365 magnum
286 1291 370 1348 chaos
397 1287 569 1358 interiectum
593 1302 654 1343 esse
678 1293 813 1342 testetur:
837 1293 884 1340 aut
904 1285 929 1341 si
980 1299 1019 1348 rr,
1037 1282 1083 1355 19)
1108 1283 1208 1356 reliam
1233 1301 1293 1340 cero
1312 1301 1391 1354 opera
1414 1284 1577 1351 Solomonis,
1600 1288 1733 1356 priorum,
1751 1299 1777 1343 et

135 1392 278 1455 propterea
301 1381 411 1438 Samuel
426 1379 502 1435 Sauli
521 1378 609 1434 dixit:
623 1392 722 1433 mecum
742 1377 804 1442 eris,
828 1384 930 1431 utnon
980 1373 1178 1427 animamarum
1188 1374 1286 1442 scripto
1296 1383 1357 1427 sunt
1367 1373 1395 1427 in
1405 1373 1490 1428 cerlis
1500 1373 1609 1429 thlrca
1622 1374 1776 1447 Propheta,

136 1477 170 1532 ad
180 1475 362 1546 conditorem
378 1472 524 1537 felicitatis,
548 1471 596 1526 sed
617 1470 651 1526 ad
673 1484 768 1539 parem
791 1468 927 1524 conditio·
981 1471 1009 1517 et
1022 1462 1050 1516 iu
1062 1462 1228 1519 librishhiae
1253 1461 1397 1520 Silonitis:
1413 1465 1441 1519 ia
1462 1466 1561 1521 cisione
1580 1482 1685 1538 cacque
1700 1467 1777 1523 turo

13 1568 16 1573 '
136 1582 199 1622 nero
212 1565 308 1621 moru's
319 1563 464 1627 reieratur‚
478 1562 551 1632 quod
568 1568 684 1630 uterque
698 1560 781 1615 bomo
796 1557 888 1624 luerit,
903 1565 932 1613 et
981 1554 1090 1608 uidendi
1105 1563 1196 1608 contro
1212 1553 1354 1609 Jerohoam
1367 1554 1454 1624 filiam
1470 1554 1570 1622 Nalot,
1581 1565 1611 1611 ct
1626 1556 1715 1612 multa
1729 1558 1778 1613 ba·

137 1663 253 1724 uterque
263 1654 333 1715 mori
347 1652 476 1723 potuerit,
487 1651 598 1722 jamque
610 1657 734 1704 mortuus
744 1655 859 1703 mortem
869 1648 931 1703 vivo
979 1643 1097 1714 jusmodi
1112 1645 1258 1711 volumina,
1272 1660 1332 1715 quae
1346 1645 1486 1717 Scriptura
1499 1646 1609 1717 quidem
1619 1647 1707 1704 luisse
1716 1663 1779 1720 pro-

136 1742 337 1814 praenuntiabat
348 1714 510 1814 (perman,
523 1746 654 1811 unantnrn
669 1738 776 1808 opinor,
788 1737 931 1807 prudentia
946 1725 969 1785 B
983 1739 1039 1803 bat,
1052 1738 1100 1793 sed
1117 1738 1197 1793 hodie
1208 1745 1318 1793 constat
1331 1754 1386 1793 non
1407 1754 1477 1794 esse.
1495 1739 1607 1795 vastata
1629 1752 1777 1810 namquea

137 1845 193 1900 tua,
211 1833 360 1892 secundum
384 1840 528 1901 utrumque
551 1829 729 1894 intellectum,
752 1828 853 1884 habere
874 1828 932 1883 evi·
981 1827 1106 1884 chaldeis
1127 1826 1229 1894 ludrea,
1250 1829 1333 1883 etiam
1356 1828 1519 1885 bibliotheca
1545 1831 1700 1901 anhouitus
1713 1846 1777 1887 con·

138 1938 195 1981 vnvm
213 1925 294 1998 ¹iam
308 1923 461 1986 lectionem,
477 1921 523 1990 qui
543 1934 596 1975 non
609 1919 646 1974 sit
659 1925 753 1974 contra
769 1917 866 1972 fldem:
879 1917 932 1973 nial
981 1928 1102 1990 gregata,
1119 1920 1191 1975 inter
1200 1920 1271 1975 alias
1291 1920 1436 1990 provincie
1449 1935 1515 1993 opes
1527 1921 1620 1978 hostili
1636 1924 1701 1995 igne
1713 1939 1776 1980 coa·

137 2017 208 2074 iorte
219 2014 406 2087 profundiore,
422 2020 450 2068 et
473 2011 645 2082 perplexiore
668 2008 853 2078 inquisitione,
868 2021 930 2078 qun
982 2020 1089 2081 sumpta
1100 2018 1151 2074 cst,
1165 2027 1200 2067 ex
1213 2028 1266 2082 qua
1288 2013 1377 2083 pauci,
1393 2015 1439 2083 qvvi
1461 2030 1534 2071 nunc
1549 2013 1576 2070 in
1588 2024 1686 2071 sanem
1703 2016 1778 2072 Sat.

136 2109 180 2163 vel
197 2108 297 2163 virium
313 2120 444 2170 mearum,
459 2104 501 2159 vel
515 2103 644 2173 temporis
658 2101 764 2157 excedit
783 2102 931 2172 angustias,
981 2109 1061 2172 ptura
1076 2103 1253 2158 continentur
1265 2103 1337 2170 libri,
1353 2105 1524 2174 postmodum
1535 2105 1615 2161 Earae
1624 2105 1775 2173 Pontidcis,

138 2200 292 2256 inveniatur
305 2198 339 2253 ad
354 2197 497 2267 liquidum,
507 2194 550 2250 vei
559 2209 649 2264 posse,
661 2193 704 2247 vel
717 2208 770 2248 noo
784 2192 934 2262 possentn-
982 2201 1011 2248 et
1025 2192 1167 2265 Propheta
1182 2203 1246 2251 sunt
1269 2195 1402 2251 industria
1427 2198 1592 2253 restaurati:
1617 2199 1693 2255 unde
1711 2200 1777 2255 scri·

138 2293 378 2355 manciannum,
397 2304 505 2345 eunica
522 2287 641 2344 haesita
662 2285 828 2357 migraverit,
849 2284 934 2356 magi·
982 2293 1059 2355 ptum
1072 2294 1114 2339 est
1139 2284 1172 2341 de
1196 2301 1247 2341 eo:
1270 2286 1347 2358 (Eud.
1366 2303 1387 2354 ι,
1400 2288 1428 2354 7,
1443 2288 1470 2360 u)
1494 2290 1618 2344 Ascendit
1642 2289 1732 2347 liam
1746 2292 1777 2346 aa

137 2387 177 2441 eis
188 2384 354 2441 carminibus
375 2391 516 2439 evocatam
537 2382 564 2447 b,
585 2381 708 2436 vivorum
721 2394 854 2449 apparere
867 2394 933 2435 con-
983 2372 1128 2444 Bohplone,
1147 2384 1172 2429 et
1192 2376 1247 2445 ipae
1265 2377 1350 2431 scribo
1368 2377 1442 2432 aelon
1457 2379 1486 2432 in
1504 2377 1559 2449 lege
1578 2379 1686 2451 liegii:
1701 2381 1775 2437 relos

137 2473 285 2545 spectibus,
300 2473 382 2529 etiam
395 2471 518 2542 corporis
535 2470 699 2526 lineamenta
724 2477 887 2540 gestantem,
902 2476 935 2525 ut
983 2465 1118 2531 videlicet,
1128 2468 1199 2536 qood
1213 2469 1393 2538 promptiores
1403 2468 1556 2525 litterarum
1567 2471 1681 2542 liguras,
1693 2487 1775 2543 quarn

137 2577 190 2618 non
202 2561 290 2618 solum
302 2559 387 2617 videri
406 2560 504 2626 valeat,
520 2558 569 2616 sed
590 2558 710 2631 agnosci.
726 2559 760 2614 Et
781 2557 805 2614 si
819 2565 929 2629 potest;
983 2563 1096 2613 eatenus
1110 2557 1371 2626 llebraeilrabebant‚
1384 2562 1493 2632 reperit,
1504 2568 1531 2617 et
1542 2563 1569 2618 in
1580 2563 1778 2635 epistolaregis

137 2652 322 2708 vrtromctiam
333 2651 400 2725 justi
414 2650 515 2716 anina,
530 2650 704 2719 nonquidem
723 2661 835 2721 cogatur
848 2649 934 2721 magi-
983 2642 1128 2702 Persarum
1144 2645 1228 2720 (ibid.
1242 2666 1266 2703 o.
1281 2649 1326 2721 11)
1340 2649 1494 2706 Aaronem
1509 2651 1567 2708 Rea
1589 2669 1682 2724 regnan
1703 2654 1778 2710 Em.

137 2743 188 2808 eis,
210 2752 222 2782 ι
247 2741 296 2798 sed
321 2741 447 2812 dignetur
467 2739 574 2796 ostendi
598 2739 789 2795 occultioribus
812 2739 934 2810 imperiis
984 2733 1223 2793 Socerdcriacribo
1235 2738 1298 2810 legia
1313 2739 1361 2794 liei
1376 2740 1433 2794 coli
1451 2742 1775 2810 carchabianensem.»

138 2847 252 2887 svrrnmar
273 2831 341 2902 legis
363 2830 576 2899 obtemperans;
599 2826 674 2884 utsi
699 2825 759 2882 deri
776 2841 830 2882 non
854 2841 935 2897 posse
1019 2825 1064 2897 (11
1076 2825 1141 2897 Reg.
1158 2842 1178 2893 r,
1193 2826 1251 2898 21.)
1271 2828 1374 2885 Montes
1394 2829 1500 2898 Gelioe,
1521 2849 1568 2888 aec
1588 2850 1643 2900 roa,
1662 2835 1778 2907 accpi..

137 2922 276 2986 duruerit‚
301 2937 355 2978 non
378 2927 492 2990 noerque
514 2932 610 2975 sensus
630 2918 658 2973 in
681 2913 760 2984 buius
785 2914 933 2987 Scriptura
983 2915 1025 2970 uio
1042 2917 1128 2971 ueniat
1149 2934 1227 2988 saper
1245 2935 1314 2974 coa:
1335 2938 1417 2992 nepae
1439 2923 1492 2977 sint
1515 2925 1573 2995 agri
1589 2926 1777 2996 primhioraav,

137 2995 299 3069 tractatione
325 3020 407 3080 atque
429 3007 599 3080 expositione
620 3007 789 3072 admittatur,
809 3007 857 3063 sed
886 3005 933 3062 illo
983 3006 1045 3078 gaio
1065 3007 1100 3062 iii
1123 3008 1240 3078 abjectus
1253 3020 1291 3065 eat
1313 3010 1418 3082 elgpcca
1438 3013 1557 3083 fortiam,
1573 3014 1683 3086 clypeus
1701 3014 1777 3082 Sosi,

137 3104 259 3169 excluso,
284 3101 445 3172 imaginaria
471 3098 610 3155 simulatio
636 3096 771 3154 Samuelis
797 3097 932 3154 diabolico
945 3072 968 3136 C
982 3100 1059 3170 guasi
1072 3116 1123 3155 non
1143 3113 1208 3157 earet
1229 3112 1322 3158 unaue
1342 3104 1409 3159 oleo.
1427 3104 1498 3162 Sciri
1519 3104 1610 3175 debet,
1624 3109 1779 3178 quievera-

122 3193 198 3259 ,ritu
212 3190 287 3247 iacta
305 3189 480 3261 intelligatur.
504 3186 558 3243 Sed
569 3188 707 3258 quoniam,
722 3187 780 3244 sive
793 3187 858 3243 illud
872 3187 932 3243 lieri
983 3190 1052 3243 citer
1067 3188 1142 3255 Strui,
1157 3191 1204 3260 qui
1218 3200 1279 3262 post
1299 3193 1456 3250 unctionem
1478 3195 1565 3251 aancd
1579 3196 1750 3263 chrismatis,
1763 3212 1778 3253 a

130 3281 235 3352 ‚possit
259 3277 497 3349 circumponit,
515 3285 605 3333 tamen
627 3275 734 3333 laliaeia
751 3276 861 3333 Satauae
889 3285 933 3333 at·
983 3293 1037 3348 qno
1049 3289 1076 3335 et
1094 3278 1214 3336 Gloriatur
1227 3282 1335 3338 Domini
1347 3293 1459 3341 vocatus
1477 3293 1529 3353 est,
1546 3287 1581 3343 ab
1598 3288 1725 3345 hostibus
1735 3304 1779 3345 oc-

138 3385 192 3441 qae
207 3368 354 3439 imaginum
363 3365 588 3432 simulandarum,
603 3366 702 3423 callida
719 3368 841 3438 operatio
859 3369 932 3425 deci·
983 3368 1036 3424 cidi
1055 3371 1167 3435 meruit,
1185 3381 1300 3428 mortem
1315 3373 1373 3430 veri
1395 3373 1509 3441 Christi,
1523 3391 1606 3446 quam
1627 3377 1691 3435 siue
1704 3379 1780 3450 culpa

137 3459 245 3532 pieudis
260 3456 387 3515 humanis
399 3456 523 3513 sensibus
543 3454 717 3513 mutilemus
737 3456 872 3528 invigilat,
886 3472 935 3529 pc.-
984 3459 1077 3515 subire
1087 3461 1212 3532 dignatus
1222 3471 1275 3529 est,
1289 3465 1419 3521 insinuat.
1432 3465 1537 3522 Montes
1545 3483 1657 3539 quomo
1668 3469 1779 3535 Gdbn,

139 3552 270 3610 detentim
284 3550 404 3623 quidem,
422 3565 457 3604 oe
475 3548 697 3619 inquisitionibus
717 3547 934 3619 diligentioribus
985 3549 1013 3604 in
1027 3550 1125 3619 quibus
1138 3552 1253 3620 interiit,
1266 3555 1397 3625 superbos
1411 3555 1531 3613 iudaicae
1551 3559 1640 3628 plebis
1654 3569 1777 3625 constas,

138 3640 356 3713 praescribamus,
381 3639 428 3694 sed
445 3647 537 3693 tamen
558 3638 648 3709 potius
670 3637 858 3694 existimemus
880 3639 933 3695 tale
984 3640 1187 3708 quibuscontra
1205 3643 1334 3699 victorem
1350 3646 1413 3702 vitae
1436 3647 1615 3716 rebellabant,
1629 3650 1780 3707 insinuant.

139 3730 241 3802 aliquid
254 3728 357 3787 iactum
371 3727 490 3800 maligno
505 3728 602 3799 spiritu
616 3727 782 3800 pythonissa
798 3727 934 3785 illiusmi-
987 3731 1064 3788 Unde
1087 3733 1157 3789 bcne
1181 3732 1283 3791 Gelboc
1307 3736 1443 3803 colurnio,
1468 3738 1525 3794 sive
1547 3739 1679 3797 uxerem
1700 3742 1781 3797 inger.

140 3820 265 3887 nisterio,
281 3818 409 3892 quamdiu
424 3819 503 3876 nobis
523 3818 626 3890 aliquid
647 3817 762 3890 amplius
779 3819 935 3892 excogitare
986 3831 1127 3894 pretatur:
1152 3824 1344 3882 volutabantur
1365 3829 1437 3883 enirn
1462 3845 1490 3883 vn
1513 3830 1594 3886 sorde
1607 3842 1782 3902 pecmtomnr

140 3922 222 3983 al(1¹¹⁸
236 3910 372 3983 “plicare
391 3925 445 3966 ¹¹⁰⁰
460 3908 548 3964 dimi·
982 3913 1060 3984 juxta
1078 3913 1143 3969 illud
1158 3914 1378 3984 proverbiorum:
1396 3929 1446 3974 eet
1467 3937 1513 3975 aaa
1527 3920 1584 3976 loto
1597 3923 1624 3978 in
1647 3924 1782 3980 winetre

175 4003 245 4077 (lli.)
262 4002 368 4074 rigitur
383 4010 479 4057 exorto
496 4000 589 4072 praelio
599 4012 792 4072 percusserunt
803 4000 936 4059 brittanas
987 4004 1036 4059 lati
1046 4022 1056 4070 ;
1068 4011 1151 4074 atque
1175 4019 1191 4059 a
1206 4006 1368 4062 rectitudine
1391 4009 1442 4063 viae
1457 4009 1584 4067 salsuris
1607 4014 1781 4082 aberrantes,

139 4092 224 4150 lsrael
247 4093 326 4164 plaga
341 4105 458 4163 magua:
475 4099 503 4146 ct
519 4098 642 4147 mortuus
654 4098 697 4147 est
720 4089 796 4157 Snvvl,
814 4100 841 4148 et
855 4090 936 4148 lona·
982 4094 1040 4166 jam
1050 4093 1161 4166 jamque
1173 4097 1207 4152 ad
1222 4095 1361 4165 inferiora,
1377 4101 1429 4156 boc
1445 4109 1488 4157 est
1508 4101 1588 4171 bidus
1599 4107 1695 4162 menti
1707 4109 1778 4163 desi.

144 4185 212 4239 ¹¹¹²ss
225 4180 297 4237 fl¹¹¹¹⁸
308 4182 376 4252 ⁰1⁰⁸·
389 4200 399 4233 ‘
414 4178 440 4250 (1
442 4179 457 4233 Ῑ
473 4178 537 4250 ⁸⁰9·
549 4197 570 4246 ¹2
585 4180 613 4250 2)
628 4181 752 4237 Elidem
764 4192 857 4238 autem
875 4184 936 4254 qui·
986 4186 1062 4241 deria
1074 4185 1146 4242 ioeda
1159 4187 1349 4254 decurrebant,
1371 4191 1407 4246 ob
1421 4180 1719 4260 quorum'desidefpum
1741 4215 1783 4255 fg.

143 4275 206 4330 darn
218 4272 294 4328 venit
310 4272 344 4327 ad
358 4270 443 4325 David
458 4270 486 4324 in
509 4268 644 4337 sicelech,
658 4281 686 4327 et
700 4273 834 4328 nuntiavit
852 4272 936 4329 David
986 4293 1047 4349 gem
1068 4278 1129 4334 coeli
1147 4288 1176 4334 et
1190 4289 1270 4335 terrae
1289 4280 1317 4335 in
1329 4292 1444 4338 mortem
1467 4285 1574 4343 tradere
1596 4302 1653 4344 uon
1676 4291 1782 4346 dubita·

142 4363 248 4436 plagam
261 4376 396 4431 magnnrn,
409 4375 470 4432 quae
484 4359 557 4416 iacta
575 4368 618 4418 est
636 4361 663 4416 in
684 4363 800 4434 populo:
817 4362 894 4435 (uera.
907 4363 936 4435 u)
988 4366 1063 4434 bant,
1079 4369 1275 4439 propterquod
1288 4371 1330 4427 cis
1343 4374 1442 4429 merito
1455 4383 1575 4444 optatur,
1597 4393 1635 4434 oe
1648 4395 1741 4436 rorem
1751 4382 1784 4437 ὼ

142 4454 255 4524 insuper
267 4452 350 4506 etiarn
360 4449 513 4506 mentiendo
523 4450 633 4517 addidit,
646 4451 717 4521 qnod
731 4451 776 4507 ilie
787 4445 937 4522 percussis·
988 4459 1067 4526 ooelo,
1087 4460 1239 4530 pluviamve
1258 4463 1416 4534 suscipiant,
1437 4466 1509 4536 qnod
1525 4468 1606 4523 bodie
1622 4471 1707 4527 rebm
1720 4472 1785 4542 ipsis

143 4552 186 4601 set
206 4543 271 4600 Saul
285 4551 314 4599 et
339 4541 423 4598 fllium
443 4542 511 4614 eins.
536 4541 614 4616 (uera.
630 4542 675 4613 15)
690 4542 726 4597 At
748 4542 833 4598 David
854 4543 935 4600 Chri·
988 4550 1110 4606 videmus
1123 4551 1258 4622 expletum
1270 4553 1299 4608 in
1317 4553 1368 4619 eis,
1381 4556 1454 4626 quod
1478 4556 1538 4612 illos
1560 4559 1649 4628 gratia
1664 4560 1785 4618 emtum

143 4648 217 4694 stum
239 4635 345 4690 bomini
364 4633 504 4689 vindicans
522 4632 678 4704 jussiteurn
698 4633 842 4689 occidere:
857 4633 934 4704 (oen.
989 4639 1119 4695 deserens
1137 4640 1171 4695 ad
1194 4641 1300 4712 plebem
1327 4646 1448 4714 genitium
1471 4647 1599 4703 translata
1621 4657 1686 4715 est;
1712 4651 1785 4722 qnod

144 4741 194 4792 xvv,
209 4726 253 4796 11)
277 4723 381 4794 planxit
399 4723 485 4779 llarid
506 4722 692 4792 huiuscemodi
715 4735 797 4792 super
819 4722 895 4790 Saul,
911 4733 936 4780 et
992 4729 1075 4784 etiam
1089 4728 1173 4784 lsaias
1187 4730 1239 4786 sub
1254 4730 1340 4802 ligura
1352 4732 1437 4789 vinee
1452 4732 1573 4791 intorem
1594 4735 1652 4793 illis
1668 4754 1703 4795 ex
1720 4754 1785 4811 per-

147 4832 225 4886 soper
242 4813 377 4869 lonothon
394 4811 480 4882 filium
495 4811 561 4882 ejus.
577 4809 654 4884 (cera.
670 4811 733 4884 18)ι
751 4811 785 4866 Et
802 4815 935 4885 prorepit,
990 4833 1057 4874 sora
1072 4817 1178 4874 Domini
1192 4821 1372 4877 comminatus
1394 4833 1447 4891 est,
1462 4824 1575 4882 dicens:
1595 4825 1667 4899 (lac.
1679 4844 1707 4896 v,
1718 4829 1749 4904 6)
1761 4839 1786 4885 at

148 4918 177 4961 at
188 4907 310 4961 docerent
323 4902 394 4974 pillos
412 4903 485 4958 luda
509 4918 612 4969 orcam,
634 4904 702 4958 aiem
721 4905 846 4975 scriptam
857 4910 896 4960 eal
910 4908 938 4960 ia
991 4912 1102 4966 ualidas
1113 4912 1255 4977 mandabo,
1267 4930 1298 4967 ne
1305 4912 1398 4984 piuant
1411 4932 1489 4986 super
1500 4934 1559 4973 eom
1570 4920 1692 4977 iathrcvrt.
1709 4922 1787 4991 Quod

146 4995 364 5065 librojnatoraas.
386 4990 443 5048 lico
464 4991 526 5048 idco
549 4992 624 5060 iecit,
640 5002 670 5049 ut
681 4996 743 5065 quia
758 4994 771 5035 ‘¹
786 4995 938 5054 Philistaeos
990 5009 1033 5057 est
1046 5010 1140 5071 aperte
1154 5002 1245 5058 dicere
1264 5022 1271 5056 ι
1290 4993 1427 5074 apostolia
1445 5015 1527 5078 atque
1539 5008 1708 5080 Apostolieis
1720 5016 1788 5071 vifis

148 5088 298 5161 sagittariis
315 5086 452 5142 abundare
464 5083 522 5155 iam
537 5095 660 5152 nouerat,
675 5087 747 5143 unde
761 5095 788 5143 ct
805 5087 869 5144 Saul
881 5104 939 5143 ma·
989 5096 1115 5151 omnibns
1134 5096 1279 5163 mandabo,
1301 5113 1335 5154 ne
1349 5098 1404 5155 illis
1417 5100 1488 5156 ultm
1505 5102 1618 5158 verbum
1634 5103 1697 5161 vitre
1718 5122 1789 5178 pra·

146 5180 216 5235 tirno
229 5180 325 5235 horum
338 5176 436 5233 ictibus
445 5178 573 5248 perierat,
588 5177 710 5233 eamdem
721 5177 838 5234 bellandi
849 5187 937 5234 artem
990 5187 1089 5254 dicens,
1104 5187 1152 5243 seg
1166 5189 1324 5260 irrigatione
1336 5191 1412 5247 verbi
1435 5191 1565 5259 mestis,
1580 5195 1683 5263 quod,
1694 5211 1730 5254 ω
1743 5214 1789 5254 η,

181 5355 437 5422 ⁸Edili=eam,seu
451 5356 535 5412 illum·
730 5349 732 5353 ¹
952 5348 959 5355 ¹
991 5369 1119 5424 liehanos
1131 5367 1157 5422 in
1174 5367 1262 5422 locum
1275 5366 1357 5423 hunc.

181 5426 195 5465 ¹³
210 5425 281 5480 Editi
293 5439 301 5478 r
314 5426 440 5481 drumm.
1028 5450 1040 5478 ο
1055 5438 1077 5492 li
1087 5437 1146 5492 Pet.
1163 5453 1194 5502 ιι,
1210 5437 1256 5492 11.
1271 5435 1348 5494 Gonti
1370 5438 1390 5493 ‘t
1411 5439 1484 5494 cuim
1504 5439 1547 5495 eis
1567 5439 1635 5495 iliud
1649 5441 1712 5497 veri
1727 5458 1792 5512 pro·

182 5493 315 5548 ‘Addunt
329 5495 393 5550 editi
404 5509 412 5549 ε
424 5497 516 5551 socna.
991 5509 1095 5563 verbii:
1112 5505 1344 5562 Conisreoerauso
1375 5524 1452 5562 saona
1469 5511 1604 5578 scurilitas,
1623 5519 1649 5566 et
1667 5527 1715 5569 tus
1733 5514 1791 5568 icta

180 5562 195 5604 ι
210 5563 275 5686 (ὲιιε
288 5564 488 5634 subsequuntur
501 5567 606 5623 lineolis
626 5580 676 5637 pro
689 5580 764 5621 more
781 5575 875 5622 notata
888 5568 936 5624 do·
991 5579 1018 5632 in
1032 5577 1166 5634 noluaahro
1176 5576 1234 5630 lori.

148 5634 204 5689 cuit
239 5632 289 5686 eda
303 5631 410 5704 [quaest.
425 5633 462 5705 7),
478 5651 558 5704 quem
573 5637 692 5693 consule.
708 5634 771 5693 llaec
784 5636 839 5708 ipsa
856 5637 938 5694 habet
