3832 6120
141 259 177 325 is
635 264 665 319 S.
685 260 861 319 ACOBARDl
879 257 1033 315 EPlSCOPl
1051 257 1296 317 LUGDllNENSlS
1745 263 1781 325 ,56

142 379 262 455 loquitur
283 382 317 438 de
334 380 435 439 ludaeis
450 380 539 454 (lima.
557 396 596 446 ix,
610 379 638 453 5)
658 381 772 436 dicens:
791 337 936 446 «Quorum
949 379 976 440 A
988 377 1074 435 sibilis
1094 378 1224 450 splendor
1239 377 1339 444 Patris,
1364 376 1455 436 lumen
1478 394 1511 436 ex
1530 379 1644 449 lmuine,
1666 336 1786 441 εεηειιιι-Ι

142 468 250 540 Patres,
265 489 298 527 es
310 473 403 545 quilius
415 472 534 528 Christus
547 472 692 527 secundem
704 489 827 539 carnem,
839 473 884 544 qui
900 481 938 527 εει
989 469 1125 528 stantialis
1143 470 1234 538 Patri,
1255 470 1404 528 consimilis
1416 471 1460 538 εἰ,
1483 471 1594 544 aequalis
1612 488 1662 545 per
1675 476 1781 542 omnia,

141 564 325 636 superomnia
347 562 418 617 Deus
437 561 587 617 benedictus
609 563 638 616 iii
654 562 770 628 secula,
792 563 853 619 ait:
876 562 939 620 llaec
989 564 1133 623 invisibilis
1155 573 1187 623 ιιι
1206 565 1304 631 Pater,
1328 565 1492 631 immensus,
1518 566 1782 639 incircumscriptus,

142 652 221 711 lauh
232 654 333 721 verba,
359 669 441 725 quam
462 654 665 726 subreptionem
685 655 829 712 calumnia
845 673 938 713 eornm
989 662 1171 734 omnipotens,
1186 677 1283 719 creans
1292 661 1456 719 oriniacum
1467 661 1550 719 Patre
1559 672 1588 720 et
1601 662 1705 735 Spiritu
1721 680 1786 721 san·

143 746 191 827 qui
204 760 288 818 prava
299 745 417 818 diligunt
429 746 531 802 babere
544 746 671 802 mittunt!
687 747 761 802 Dixit
771 748 845 803 enim
858 746 939 804 Chri·
990 761 1046 820 cto,
1060 752 1158 820 lactor,
1172 751 1313 810 vivificans
1326 768 1396 825 qnos
1405 753 1478 820 vult,
1495 753 1566 809 sicut
1583 761 1611 809 ει
1625 754 1716 821 Pater,
1733 755 1785 810 eli-

143 846 237 905 stiim,
265 847 296 893 nt
318 839 447 897 ostendat
466 841 595 912 quoniam
623 842 772 897 secundnm
795 843 940 898 reritatcni
990 858 1058 917 qens
1067 859 1129 900 cuni
1142 845 1224 901 Patre
1241 860 1311 916 quos
1328 844 1400 912 uult,
1419 843 1617 916 praedestinans
1629 859 1691 901 cum
1704 846 1786 903 Patre

143 928 217 987 licus
229 928 319 987 lactus
332 937 377 987 est
393 931 485 987 bomo.
515 930 587 986 Dicit
603 946 666 987 eum
686 947 719 987 ex
729 931 829 987 iudaeis
843 947 942 989 sccun-
991 950 1061 1007 quos
1071 935 1190 1007 praescit,
1203 936 1388 1002 sanctificans,
1399 935 1540 1000 deitieans,
1551 934 1708 1008 glorificans
1718 952 1787 1008 quos

145 1017 210 1076 ilum
224 1035 335 1077 earnem
360 1029 390 1078 ut
412 1022 535 1079 insinuet
552 1023 616 1093 quia
639 1039 692 1078 non
712 1039 745 1079 ex
761 1023 807 1078 illo
820 1032 941 1094 tempore
991 1026 1060 1093 ruit,
1073 1034 1103 1083 et
1114 1027 1274 1098 reliquabis
1286 1027 1384 1085 similia
1397 1028 1525 1100 pluiima.
1543 1028 1709 1085 incedentia
1722 1046 1788 1088 vern

143 1126 200 1186 qno
221 1122 265 1171 est
284 1115 443 1172 incarnatus
464 1116 589 1171 exsistat.
614 1114 688 1170 Dixit
704 1132 766 1171 cum
783 1116 830 1187 qui
846 1126 899 1183 est,
911 1125 942 1174 ut
991 1115 1031 1172 illi
1045 1123 1126 1184 sunt,
1150 1118 1249 1183 bomo,
1265 1114 1372 1183 intans,
1385 1132 1464 1186 puer,
1481 1116 1656 1184 adolescens,
1667 1116 1787 1186 juvenis,

148 1216 211 1263 rani
226 1204 285 1260 sine
299 1205 378 1259 initio
388 1204 517 1261 declaret.
538 1203 614 1260 Dixit
627 1220 689 1261 eum
701 1221 784 1278 snper
797 1207 901 1274 omnia,
912 1214 943 1263 ut
992 1208 1121 1265 minister
1139 1208 1219 1281 lcqis,
1237 1223 1334 1265 seritis
1352 1207 1454 1273 Patris,
1475 1206 1565 1263 minor
1583 1207 1675 1274 Patre,
1698 1207 1789 1278 subje-

145 1296 231 1352 totius
263 1304 397 1353 creaturae
424 1296 570 1354 Dominum
597 1298 735 1370 praedicet.
780 1299 855 1356 Dixit
879 1317 942 1358 euin
992 1308 1071 1368 ctus,
1094 1300 1181 1357 irater
1200 1286 1367 1367 electorum,
1380 1299 1517 1370 particeps
1528 1313 1637 1366 eorum,
1654 1301 1786 1369 cobaeres,

146 1383 480 1458 hermeneumatis
495 1390 643 1462 habituque
662 1393 779 1448 traducti
796 1394 943 1450 intemera-
991 1393 1161 1466 propinquus
1172 1391 1291 1458 illomm,
1303 1389 1674 1463 conformis,consimilisper
1684 1396 1787 1463 omnia,

147 1488 204 1536 tani
217 1480 275 1551 ejus
290 1483 438 1539 audeamus
452 1498 552 1556 negare
565 1485 757 1542 substantiam.
776 1486 850 1543 Dixit
860 1489 944 1545 bene·
992 1493 1108 1558 excepto
1131 1493 1266 1556 peccato,
1290 1482 1426 1541 mediator
1447 1483 1496 1538 Dei
1521 1491 1550 1538 et
1560 1484 1711 1549 hominnm,
1725 1503 1789 1558 prn-

146 1574 270 1642 dictum,
286 1584 316 1630 nt
335 1574 479 1633 adoremus
497 1592 560 1632 eum
574 1586 704 1648 tanquam
727 1581 943 1652 omnipotentem
991 1576 1091 1647 pheta,
1115 1575 1299 1648 euangelista,
1314 1573 1468 1645 apostilus,
1488 1575 1634 1643 sacerdos,
1654 1577 1788 1648 pontifex.

63 1714 71 1728 ,
146 1666 317 1738 suppliciter,
332 1675 599 1725 neenteonservnm
613 1670 940 1745 calumniisappetamus.
993 1665 1058 1723 llaec
1070 1667 1171 1733 omnia,
1188 1675 1218 1723 et
1230 1665 1274 1722 bis
1284 1665 1384 1721 similia
1398 1666 1554 1722 accedentia
1566 1675 1630 1722 sunt
1640 1667 1678 1722 illi
1693 1683 1791 1724 seeun-
1849 1742 1852 1747 ι

147 1755 224 1814 Dixit
236 1773 299 1813 eiim
313 1758 340 1813 iii
352 1760 467 1827 saeciila,
481 1771 512 1816 ut
525 1761 693 1818 demonstret
707 1764 779 1835 qnod
794 1765 817 1822 is
832 1766 878 1835 qui
892 1782 943 1823 nos
956 1747 981 1809 Β
994 1759 1059 1816 dnm
1074 1758 1307 1829 dispensationem
1320 1755 1430 1823 01111118,
1444 1772 1498 1813 11011
1514 1757 1623 1828 propria
1640 1758 1790 1816 secundum
1853 1746 1856 1751 ¹

147 1851 233 1907 serbo
247 1852 361 1915 creauit,
377 1868 426 1923 pro
441 1868 490 1908 sua
503 1853 645 1910 divinitate
654 1853 713 1927 jugi
731 1870 746 1909 a
762 1855 840 1912 nohis
858 1856 944 1913 bono-
992 1856 1157 1923 potestatem
1173 1847 1292 1904 deitatis·
1308 1867 1318 1900 1

147 1956 180 1999 re
193 1941 354 1999 celebretur.
364 1941 500 1999 llabentes
516 1944 608 2014 itaque
620 1945 797 2001 Christnmct
806 1948 943 2003 exsisten·
994 1970 1002 1999 e
1030 1938 1126 1994 XXIX·
1147 1939 1237 2006 Εθΰθ,
1259 1938 1392 1996 1111111111
1416 1940 1475 2012 ipsa
1503 1939 1692 2006 d0ffl⁰¹¹⁸lt³li
1713 1938 1791 1996 Feli!

150 2040 217 2098 teia,
228 2041 257 2088 et
270 2032 370 2100 Deum,
387 2042 414 2089 et
427 2033 600 2091 benedictum
615 2036 643 2090 iii
656 2037 770 2103 saecula,
782 2053 945 2094 veneremur
994 2039 1088 2106 aperte
1101 2039 1217 2088 testatur
1231 2032 1289 2087 bec
1309 2033 1423 2088 nomina
1443 2032 1594 2089 seeundum
1613 2030 1792 2104 dispensatio·

144 2139 214 2189 ¹euni
229 2126 314 2182 Deum
331 2135 359 2181 ει
377 2126 536 2193 Dominum,
561 2127 685 2184 diceutes
703 2129 884 2185 assertoribus
898 2145 946 2185 ex·
995 2142 1059 2184 nem
1079 2128 1181 2195 carnis,
1197 2143 1325 2186 nonesse
1339 2129 1449 2201 propria
1464 2129 1613 2185 seeundum
1628 2136 1792 2199 potestatem

148 2224 272 2275 terarum
297 2218 472 2289 dogmatum,
499 2217 527 2273 Si
548 2217 610 2290 quis
630 2219 756 2288 spiritum
773 2217 876 2275 Christi
890 2235 945 2276 non
996 2218 1116 2276 deitatis.
1135 2218 1165 2275 Si
1181 2235 1246 2276 caro
1264 2221 1322 2292 ipsa
1335 2220 1446 2292 propria
1465 2219 1576 2284 dieitur,
1595 2227 1623 2275 ει
1635 2225 1678 2274 εει
1693 2218 1792 2285 Verbi;

147 2308 243 2392 babet,
256 2310 301 2366 hic
314 2326 368 2365 non
383 2310 503 2382 esicius.
518 2330 528 2363 i
996 2326 1081 2383 quare
1094 2313 1186 2368 carnis
1197 2313 1307 2369 nomina
1320 2327 1375 2369 nou
1395 2323 1476 2368 erunt
1492 2311 1602 2383 propria
1621 2310 1646 2365 ei
1663 2309 1740 2380 cujus
1752 2317 1795 2366 est

185 2400 305 2458 xxiiii.
334 2402 435 2458 ltemm
459 2403 608 2475 interrogat
627 2401 704 2458 Felix
721 2402 834 2459 dicens:
853 2421 862 2454 i
876 2402 947 2471 Quid
996 2420 1062 2462 caro
1076 2405 1135 2476 ipsa
1148 2405 1277 2477 propria?
1302 2405 1338 2463 tit
1353 2405 1420 2462 mihi
1434 2405 1556 2470 videtur,
1571 2403 1702 2459 intellexit
1718 2402 1795 2459 Felix

141 2491 243 2557 ,differt
259 2495 332 2549 iuter
351 2495 462 2565 propria
483 2495 672 2566 naturaliaque
691 2497 801 2552 nomina
820 2498 946 2553 divinita·
997 2498 1069 2568 quod
1081 2498 1134 2554 ista
1153 2498 1274 2565 nomina,
1299 2498 1394 2562 idest,
1409 2499 1500 2562 homo,
1514 2495 1619 2560 inlatis,
1638 2510 1714 2564 puer,
1729 2510 1795 2566 apo-

150 2583 188 2641 tis
201 2583 230 2639 in
243 2599 296 2639 uno
316 2584 385 2641 Filio
404 2584 472 2651 Dei,
495 2594 577 2657 atque
590 2587 748 2642 accedentia
770 2588 947 2643 humanitatis
998 2587 1083 2644 stolus
1102 2594 1132 2643 et
1149 2587 1289 2657 pontifex,
1307 2602 1360 2643 non
1376 2596 1469 2643 essent
1480 2586 1586 2643 Domini
1598 2594 1626 2641 et
1644 2583 1795 2642 salvatoris

150 2668 232 2743 ejus?
254 2691 264 2725 i
285 2671 499 2746 Respondetque
527 2673 711 2748 subjungens:
731 2694 741 2728 ι
764 2675 822 2732 Ηοε
846 2675 947 2743 diliert,
997 2678 1106 2745 nostri,
1131 2677 1186 2732 nisi
1208 2678 1417 2733 incarnaretur:
1432 2676 1504 2747 qnod
1525 2676 1619 2745 utiquc
1636 2680 1793 2730 ierumest.

150 2767 225 2841 qnod
239 2767 269 2823 in
290 2767 435 2825 divinitate
454 2769 525 2824 sicut
540 2785 620 2826 seriis
639 2779 683 2825 εει
694 2770 779 2826 Filius
796 2771 857 2838 Dei,
870 2772 907 2827 ita
921 2779 949 2828 ει
998 2768 1057 2825 Non
1068 2777 1159 2825 tamen
1181 2767 1314 2824 intellexit
1327 2767 1400 2837 quod
1414 2774 1559 2837 postquam
1573 2765 1731 2820 incarnatus
1743 2770 1795 2831 est,

151 2874 236 2917 vertis
248 2860 331 2916 Dens.
352 2860 381 2916 ln
395 2861 566 2919 humanitate
577 2878 644 2918 iero
659 2863 730 2918 sicut
745 2878 827 2919 verus
845 2872 889 2920 εει
902 2864 950 2920 bo-
998 2860 1107 2933 propria
1126 2858 1199 2916 lacta
1225 2859 1280 2914 sint
1301 2856 1366 2923 Dei,
1393 2857 1456 2926 qnia
1478 2856 1549 2912 Dens
1567 2856 1625 2925 ipsc
1643 2853 1732 2910 iactus
1755 2860 1798 2911 est

152 2964 209 3017 nio,
224 2950 262 3005 ita
275 2964 356 3005 ierus
365 2956 408 3006 est
418 2949 504 3006 Filius
515 2952 645 3007 bominis.
659 2973 668 3005 i
690 2951 803 3008 Videtur
814 2954 880 3009 mihi
894 2954 948 3010 Fe-
999 2952 1068 3018 baec,
1080 2949 1108 3007 id
1121 2960 1180 3017 est,
1200 2949 1273 3005 Deus
1287 2949 1406 3005 Verbum
1420 2947 1508 3002 lactus
1521 2954 1565 3002 est
1581 2947 1678 3011 borno,
1693 2944 1796 3010 intans,

152 3041 191 3098 lix
205 3041 305 3098 remia
319 3041 445 3098 hocloco
463 3042 561 3099 iecisse
575 3044 760 3100 ridiculosam.
782 3044 948 3102 Differentiis
1000 3050 1028 3100 et
1040 3059 1125 3114 puer:
1145 3043 1203 3112 ipsc
1226 3041 1315 3097 lactus
1337 3047 1379 3097 est
1401 3038 1556 3112 apostolus,
1581 3038 1639 3108 ipse
1652 3037 1739 3092 lactus
1753 3045 1797 3091 εει

153 3147 272 3204 namque
290 3135 432 3190 nominum
452 3126 632 3207 interrogavit
644 3137 796 3195 dlviiiitatis
813 3103 984 3195 ethuma-C
1000 3133 1133 3208 pontitcx.
1155 3132 1208 3189 Sed
1222 3133 1302 3205 quia,
1322 3141 1352 3187 ut
1370 3133 1441 3196 diiii,
1461 3133 1531 3188 benc
1547 3131 1634 3201 potuit
1648 3130 1737 3186 dicere
1748 3129 1797 3186 Fe·

153 3225 265 3293 nitatis,
287 3234 316 3281 et
332 3228 474 3297 respondit
487 3229 539 3285 hoe
551 3229 663 3286 dilierre
682 3232 753 3302 quod
768 3232 949 3288 indivinitate
1000 3228 1038 3284 lix
1051 3228 1124 3298 quod
1137 3228 1197 3298 ipsa
1211 3227 1321 3282 nomina
1335 3242 1390 3282 nou
1406 3226 1462 3282 sint
1476 3226 1504 3280 iti
1516 3224 1631 3279 Domino
1646 3239 1679 3278 ex
1698 3231 1798 3278 natura

152 3331 237 3374 verus
248 3319 285 3374 sit
296 3318 386 3383 Deus,
411 3329 439 3375 ει
456 3322 666 3379 inhumanitate
680 3340 761 3380 ierus
778 3325 868 3381 homo.
891 3324 949 3381 lloc
1000 3319 1169 3386 divinitatis,
1189 3318 1236 3374 sed
1253 3332 1287 3373 ex
1302 3316 1495 3382 humanitatis;
1507 3330 1561 3370 non
1576 3321 1665 3369 tamen
1677 3314 1746 3369 bene
1759 3312 1799 3368 di·

154 3424 209 3465 non
224 3418 266 3466 est
277 3410 430 3468 differentia
450 3413 611 3480 nominum,
635 3416 684 3483 sed
702 3418 793 3486 potius
813 3417 950 3488 separatio
1000 3417 1042 3473 xit
1055 3414 1129 3487 quod
1144 3430 1199 3472 nou
1219 3415 1274 3470 sint
1287 3413 1412 3485 propria,
1429 3411 1493 3482 quia
1509 3410 1618 3482 piopria
1634 3407 1704 3464 sacta
1722 3412 1796 3472 sunt,

154 3502 380 3559 snbstantiamm.
401 3504 471 3561 Nam
484 3507 526 3573 si,
550 3514 581 3562 ut
601 3508 655 3575 ait,
681 3509 832 3567 divinitatis
850 3527 950 3568 nomen
1000 3517 1115 3581 propter
1128 3520 1240 3562 carnem
1250 3506 1387 3577 propriam
1400 3518 1482 3575 quam
1495 3501 1653 3572 assumpsit.

154 3595 293 3664 estheris,
305 3605 333 3652 et
344 3598 524 3655 humanitatis
537 3600 629 3666 homo,
644 3601 737 3657 debuit
749 3604 844 3675 ntique
858 3605 950 3662 dicere
1035 3598 1121 3657 xxx.
1140 3598 1195 3655 lt'os
1218 3606 1326 3663 tamen,
1346 3612 1428 3667 quain
1450 3594 1584 3651 cantelam
1599 3607 1672 3649 sana
1688 3591 1751 3646 fidei
1769 3591 1798 3646 in

154 3686 222 3757 qnid
234 3685 342 3743 differat
353 3688 426 3744 inter
438 3697 584 3762 utrumqne
598 3706 714 3759 nomen,
730 3692 827 3759 idest,
840 3695 951 3752 Denset
999 3695 1053 3752 bac
1067 3708 1097 3749 re
1111 3700 1205 3747 ιειιειε
1221 3688 1368 3754 debemus,
1385 3703 1420 3743 0¹
1438 3686 1529 3743 1111111
1545 3685 1657 3739 pallum
1671 3681 1799 3737 ⁰⁵lssnda·

155 3781 253 3847 hom0;
268 3788 296 3837 et
307 3790 338 3838 ut
348 3782 376 3838 iri
391 3785 569 3855 sequentibus
579 3785 629 3852 ait,
644 3785 673 3841 iii
685 3787 822 3844 diuinitate
835 3789 952 3860 ariperti·
1000 3803 1071 3844 mus.
1089 3785 1189 3841 Beatus
1206 3784 1297 3855 itaque
1310 3782 1426 3853 vigilius
1438 3782 1605 3853 episcopata
1618 3780 1645 3834 111
1658 3792 1798 3850 1111118113·

155 3881 209 3938 tas,
222 3873 425 3930 inhumanitate
440 3876 636 3948 primogenitos,
662 3877 754 3933 debuit
773 3887 848 3936 certe
860 3880 951 3937 dicere
1003 3881 1077 3939 tione
1094 3875 1296 3949 acephalorum
1310 3873 1501 3930 beretirarnm
1516 3872 1556 3928 sic
1576 3871 1667 3926 dixit:
1695 3887 1705 3920 i
1722 3866 1800 3923 Sicut

153 3962 220 4034 quid
235 3963 343 4020 dillerat
354 3967 426 4021 inter
437 3966 605 4038 unigenitum
619 3976 648 4023 ει
658 3968 878 4042 primogenitum.
895 3971 951 4029 Sed
1002 3972 1041 4030 illi
1061 3971 1131 4027 mori
1152 3977 1180 4025 et
1200 3983 1255 4024 noa
1278 3965 1349 4022 mori
1371 3980 1405 4021 ex
1423 3963 1548 4033 utrisque
1564 3961 1669 4016 naturis
1683 3967 1725 4015 est
1738 3973 1800 4030 pro-

154 4068 289 4125 ponamus
314 4056 400 4128 ipsius
420 4057 519 4115 Felicis
540 4061 624 4117 verba
642 4078 704 4133 quae
722 4067 906 4136 prosequitur,
921 4075 951 4122 ut
1001 4067 1111 4139 prium,
1137 4065 1176 4120 ita
1196 4076 1340 4119 commune
1363 4066 1406 4117 est
1429 4057 1531 4128 inipso
1550 4056 1673 4126 utrisque
1694 4051 1799 4110 naturis

155 4162 191 4205 ox
204 4148 272 4219 ipsis
281 4147 368 4207 lector
381 4161 529 4222 cognoseat
547 4155 683 4224 quomodo
699 4158 851 4226 separando
864 4158 953 4213 nomi·
1006 4155 1079 4229 quod
1099 4153 1208 4211 illarum
1233 4162 1276 4209 est
1288 4153 1440 4225 proprium.
1460 4151 1504 4215 Et,
1528 4156 1559 4205 nt
1575 4146 1692 4219 exempli
1713 4147 1799 4219 gratia

140 4255 205 4306 nti,
217 4239 315 4297 dividit
327 4241 514 4300 snbstantias:
531 4245 583 4300 iln
597 4245 655 4312 illa,
674 4247 773 4317 inquit,
785 4247 857 4304 Dens
871 4264 953 4319 super
1005 4245 1131 4311 dixerim,
1157 4244 1298 4317 proprium
1313 4243 1381 4299 milii
1394 4250 1437 4300 est
1451 4250 1545 4298 notam
1556 4240 1650 4296 livoris
1668 4238 1801 4308 cujusque

155 4331 265 4400 omnia,
280 4333 309 4387 in
328 4333 380 4391 ista
397 4349 464 4391 vero
481 4336 564 4393 bomo
581 4326 653 4394 intra
672 4341 780 4408 omnia;
794 4349 823 4399 et
833 4350 863 4396 ut
877 4340 954 4397 breui
1004 4339 1128 4398 verberis
1137 4345 1245 4412 gestare
1262 4337 1291 4392 iri
1304 4352 1419 4407 corpore
1432 4352 1493 4392 meo
1508 4350 1559 4407 per
1572 4341 1697 4389 naturam
1708 4330 1801 4388 carnis

66 4482 75 4493 ‚
136 4468 141 4479 .
155 4425 319 4497 compendio
330 4426 450 4498 plurima
463 4429 642 4497 concludam,
658 4433 685 4487 iii
699 4430 753 4500 illa,
769 4433 795 4490 id
812 4441 854 4491 est
869 4434 897 4489 in
910 4448 954 4490 es-
965 4470 993 4532 D
1004 4447 1088 4498 meae;
1109 4439 1138 4487 et
1155 4429 1295 4502 proprium
1320 4428 1388 4484 mihi
1407 4434 1451 4484 est
1472 4428 1544 4483 hanc
1566 4424 1690 4482 camdem
1707 4431 1802 4478 notam

156 4516 245 4573 maha
266 4517 433 4588 divinitatis,
454 4521 540 4588 Deus,
556 4521 704 4592 Dominus,
717 4525 807 4582 Patris
820 4526 951 4593 Verbum,
1006 4539 1061 4582 non
1075 4529 1183 4598 gestare
1192 4521 1221 4577 in
1232 4521 1329 4592 spiritu
1341 4535 1403 4576 meo
1413 4533 1463 4590 per
1472 4527 1599 4575 naturam
1611 4517 1708 4572 animae
1721 4529 1800 4572 mea.

155 4604 248 4667 Patris
261 4612 376 4681 veritas,
391 4615 538 4686 sapientia,
559 4616 655 4684 virtus,
671 4616 761 4690 imago
773 4619 874 4686 Patris,
887 4619 955 4675 invi·
1007 4618 1092 4683 ltcm,
1113 4614 1253 4687 proprium
1266 4611 1334 4669 niibi
1352 4611 1514 4684 est-plagam
1526 4609 1618 4675 verbi,
1633 4609 1730 4675 idest,
1745 4621 1803 4664 ser·

836 4711 974 4770 Bahhztl
991 4707 1110 4768 NOTAE.

155 4800 254 4859 beatus
279 4799 391 4857 Procius
415 4801 733 4878 constantinopolitanus
757 4808 850 4877 episco
888 4823 902 4864 s
924 4806 953 4862 in
1007 4797 1291 4927 Eamdemessistolam
1300 4798 1394 4854 laudat
1403 4811 1510 4851 rursum
1521 4792 1651 4874 alcuinus
1664 4789 1692 4846 in
1701 4789 1771 4871 libro
1781 4808 1803 4848 ii

157 4887 173 4928 e
192 4871 272 4928 istola
283 4872 318 4928 ad
328 4873 473 4928 Anncnios
486 4875 524 4929 ita
542 4876 580 4930 ait
603 4894 610 4930 :
635 4876 776 4948 Apostolus
802 4878 871 4933 dixit
893 4893 954 4932 eim
1007 4875 1139 4931 adversus
1176 4871 1286 4935 elicem,
1301 4878 1330 4926 et
1350 4864 1516 4923 Theodulius
1533 4863 1738 4920 harebanensis
1751 4863 1802 4918 snb

180 4943 304 5010 liristitm,
320 4953 349 4999 ιιι
365 4943 560 5015 ostendatqaia
573 4946 718 5001 secandam
731 4949 866 5003 ueritatem
880 4947 953 5003 Deus
1007 4945 1089 5002 linem
1103 4943 1166 4998 libri
1182 4942 1221 4997 De
1240 4940 1344 5013 Spiritu
1356 4945 1461 4994 sancto.
1539 5006 1546 5020 ,
1591 5007 1597 5018 .

157 5012 245 5084 {oetas
256 5022 294 5070 est
308 5012 483 5070 homoDiait
496 5017 613 5088 cumquei
630 5026 678 5080 εει,
692 5026 722 5071 at
732 5035 792 5072 eam
809 5019 866 5073 siue
878 5018 954 5072 initio
1043 5026 1056 5057 1
1075 5013 1111 5069 lii
1126 5029 1159 5068 ea
1194 5030 1240 5085 qn.
1251 5009 1455 5091 acephalor.,·id
1470 5014 1523 5070 est,
1538 5021 1566 5088 ¹.¹¹
1580 5003 1651 5060 bbro
1668 5017 1685 5055 v
1706 5000 1804 5056 adver-

129 5102 143 5125 0-
157 5098 215 5138 sate
232 5083 355 5141 declaret.
375 5085 450 5140 Dixit
472 5101 531 5140 eum
543 5104 573 5142 sii
592 5103 621 5142 er
635 5088 734 5154 anania,
747 5099 776 5143 iit
788 5090 868 5144 totius
882 5105 955 5143 crea·
1007 5101 1055 5143 sus
1068 5086 1154 5156 Eutyc
1173 5094 1257 5149 etem,
1269 5097 1328 5151 cap.
1347 5081 1375 5146 8,
1382 5080 1429 5136 ubi
1442 5077 1565 5135 defendit
1576 5074 1709 5159 synodum
1722 5070 1804 5155 Chal-

157 5160 228 5208 tiiroe
241 5153 377 5212 domitium
401 5155 535 5229 predicet.
584 5158 633 5212 ixit
650 5174 710 5213 eum
736 5159 911 5223 benedictam,
927 5171 955 5212 ut
1007 5157 1198 5213 oedoiieasem.
1211 5151 1342 5224 bcephali
1354 5152 1507 5233 enimhaeio
1518 5146 1663 5203 lustratam
1676 5142 1802 5227 angusti,

159 5222 301 5280 odoremus
313 5242 373 5281 eam
384 5236 511 5313 tuaquom
523 5228 726 5298 omnipotentem
742 5226 886 5317 ferialiter,
904 5245 950 5284 uec
1005 5226 1105 5309 infensi
1117 5223 1192 5279 suere
1204 5223 1323 5307 decretis
1341 5220 1449 5277 concilii
1472 5217 1714 5302 Chalcedonensis.
1734 5212 1804 5269 Αεε-

159 5298 954 5440 tmttittmhttttttittlatisitithtti
1005 5284 1805 5438 thithhlstttahiiittitti‘ilhhhla

157 5434 347 5495 Anaocbenus
359 5451 421 5492 enm
432 5436 563 5497 Orientali
574 5441 704 5508 Concilio,
712 5450 743 5496 ut
755 5440 836 5497 docet
847 5438 955 5495 Facun-
1006 5437 1140 5493 Daeberio
1153 5435 1225 5489 edita
1238 5442 1290 5490 est.
1297 5433 1459 5512 Quanquam
1470 5432 1509 5486 illi
1521 5446 1575 5486 non
1585 5440 1696 5510 omnino
1708 5438 1806 5507 seque·

141 5506 212 5563 'dns
226 5505 254 5561 in
271 5504 342 5561 libro
363 5521 373 5561 ι
396 5521 447 5575 pro
467 5508 625 5569 detersione
650 5513 732 5569 trium
757 5510 952 5584 Capitulomm,
1006 5507 1106 5564 bantur
1119 5507 1215 5577 dogma
1230 5505 1282 5560 Eut
1301 5502 1530 5584 ebetis3ideoqne
1551 5496 1806 5580 semieutychianos

160 5575 697 5712 minitataiiauaiat
710 5580 953 5711 ἰιιιιι,ιιι
1006 5519 1452 5716 miiiaiaaiailh
1465 5570 1806 5714 aestuamus

682 5673 691 5712 i
740 5671 765 5712 is
942 5679 955 5693 ·
1258 5686 1264 5700 .
1298 5686 1306 5711 ,
1401 5683 1408 5696 .
1454 5684 1462 5709 ,
1528 5680 1535 5695 .
1570 5677 1578 5693 .

160 5716 721 5793 mmmmmeacbatcsooneus
737 5722 954 5786 consilioluiste.
984 5738 988 5743 ·
1006 5665 1072 5777 tuin
1083 5717 1192 5776 innotis
1202 5715 1238 5776 ad
1251 5715 1350 5777 timu
1361 5712 1511 5777 secundnm
1526 5709 1658 5768 Facundi.
