3832 6120
141 336 191 395 25]
694 331 798 389 tmsu
816 327 957 390 CONTRA
975 328 1138 388 tdutcltttt
1155 330 1222 386 hut.
1725 335 1780 392 25⁸

143 450 366 525 optumatutile;
389 451 431 507 sic
444 449 533 506 omnis
552 451 648 516 virtus,
668 451 752 508 etiam
772 451 831 524 ipsa
856 449 933 516 ddes,
947 446 1054 513 Askut
1070 446 1152 502 dileai
1169 464 1223 513 aas,
1238 454 1267 501 ut
1282 457 1307 501 ot
1330 463 1374 502 sos
1396 447 1515 519 diiiqotis
1535 450 1656 507 tmtoen.
1676 451 1712 508 in
1731 456 1783 512 lios

144 558 198 600 non
212 541 287 597 valet
298 539 333 595 ad
344 539 458 595 salutem
473 539 591 596 hominis
607 542 665 596 siue
675 556 751 611 paee.
988 548 1141 607 cognoscent
1156 554 1244 591 omnes
1257 539 1320 607 quio
1333 539 1384 591 mei
1396 537 1520 609 discipuli
1539 541 1612 609 estis,
1625 544 1648 597 si
1661 542 1782 603 dileetio·

176 633 243 700 Quis
256 632 352 686 borum
372 630 452 685 trium
466 630 569 686 uidetur
583 631 630 687 tihi
645 633 779 703 prosimus
798 632 880 701 suase
897 631 938 687 iili
988 646 1046 684 nem
1061 629 1206 683 habueritis
1219 629 1254 681 od
1268 630 1388 683 inuicem.

144 722 186 800 qui
199 720 293 774 incidit
306 718 334 772 in
347 717 482 772 latrones?
498 715 533 773 lit
546 717 590 773 ille
601 718 665 773 dicit
680 732 689 770 :
704 718 756 785 Qut
769 720 829 790 feeit
840 720 938 776 no'ien'-
1024 719 1086 775 Noa
1105 735 1153 791 pro
1171 720 1212 773 bis
1227 728 1315 772 autem
1338 735 1400 790 roqo
1421 728 1534 787 tuntum,
1557 723 1603 777 sed
1624 727 1782 800 precisque

143 807 447 869 irritamentum&
463 808 939 883 ptttatroboeestis,operohoratioe
988 813 1113 866 credituri
1140 820 1200 865 sunt
1222 828 1268 883 per
1287 810 1392 866 uerbum
1415 827 1505 866 eorum
1529 814 1557 867 in
1576 831 1626 880 me,
1646 826 1675 871 ut
1694 835 1783 874 omnes

141 903 231 975 [acite.
248 899 329 955 Nunc
345 909 433 953 autem
445 900 562 971 queritis
576 901 782 972 meinterpeere,
795 904 938 970 homiuem,
988 904 1144 968 unumsint,
1157 903 1224 956 sicut
1238 911 1266 955 tu
1280 900 1361 955 Pater
1380 902 1407 956 in
1425 919 1477 968 me,
1497 912 1520 956 et
1534 920 1580 975 eqo
1601 906 1630 959 in
1648 914 1683 972 te,
1708 917 1736 961 ut
1757 918 1783 963 et

140 997 185 1067 qui
199 1012 260 1050 uero
279 991 382 1047 locutus
396 1008 454 1045 sum
474 992 555 1058 uobis,
575 1010 634 1065 quie
658 996 777 1050 auditio
794 996 858 1050 Deo.
881 995 939 1051 lloe
989 995 1039 1064 ipsi
1053 995 1080 1048 in
1099 993 1171 1048 nobis
1188 1009 1271 1048 unum
1290 994 1351 1055 sint,
1371 1002 1400 1046 ut
1421 994 1534 1048 mundus
1557 996 1647 1049 credet
1669 999 1732 1066 quio
1754 1009 1784 1052 tu

141 1084 276 1138 Abrohom
297 1096 349 1136 non
369 1080 440 1149 serit.
462 1079 513 1136 Vos
531 1084 620 1153 [oritis
642 1100 721 1155 opero
743 1087 826 1155 putris
849 1088 937 1141 uestri.
988 1099 1031 1138 ma
1045 1085 1150 1138 misisti.
1172 1082 1212 1138 Sit
1234 1091 1322 1135 eutem
1340 1081 1515 1137 omnishomo
1531 1084 1605 1138 uelox
1620 1085 1655 1138 od
1671 1087 1783 1140 audien-

142 1174 209 1231 Oees
224 1189 386 1230 meoeuoeem
406 1190 490 1228 nuum
506 1177 628 1242 audiunt,
642 1187 666 1231 et
680 1194 726 1248 eqo
740 1194 867 1250 eoqnosoo
883 1196 937 1243 eus,
988 1173 1071 1236 dum,
1096 1172 1189 1226 Midili
1215 1181 1302 1225 autem
1327 1172 1362 1224 “d
1383 1169 1556 1241 loquendum,
1581 1183 1606 1227 θ’
1631 1176 1723 1231 lardus
1748 1177 1784 1233 sd

141 1276 166 1321 et
178 1276 325 1338 sequuntur
337 1282 388 1320 me.
988 1264 1067 1318 irem.
1088 1263 1135 1317 iro
1146 1264 1215 1317 eninr
1229 1263 1277 1316 oiri
1287 1261 1419 1331 justitiam
1434 1263 1482 1316 llei
1494 1281 1547 1318 aon
1560 1277 1695 1335 operatur.

177 1354 207 1410 st
229 1357 357 1411 sacerdos
374 1356 511 1423 attonita,
530 1359 577 1428 qui
598 1361 769 1418 vulneratos
789 1362 940 1420 latronibus
1025 1352 1054 1406 Si
1071 1352 1214 1407 dilectione
1230 1362 1430 1419 cognoscuntur
1444 1353 1568 1424 discipuli
1588 1357 1703 1420 Domini,
1716 1358 1783 1414 riuis

141 1445 236 1519 plagas
255 1462 307 1502 oon
327 1448 525 1519 imposuerunt,
551 1452 598 1505 sed
618 1454 680 1523 quia
701 1470 753 1508 non
770 1454 938 1519 prosuerunt,
989 1452 1018 1498 et
1031 1443 1250 1498 contentionibus
1260 1451 1461 1513 cognoscuntur
1473 1444 1598 1514 discipuli
1616 1448 1725 1504 diaboli.

141 1538 258 1609 proximi
271 1553 323 1592 uon
337 1536 455 1606 luerunt,
469 1552 569 1609 epitumo
588 1545 673 1614 magis
686 1544 723 1598 illi
738 1547 783 1614 qui
795 1546 888 1617 plagas
901 1547 940 1600 in·
1026 1532 1055 1589 Sl
1067 1535 1158 1589 “lillis
1181 1534 1265 1588 llahll
1289 1534 1419 1587 mundum
1434 1535 1469 1589 id
1488 1535 1577 1601 fidem,
1594 1539 1726 1598 dissensio
1738 1543 1786 1596 lm·

142 1625 252 1701 digunt,
265 1631 381 1699 proximi
395 1647 448 1686 non
464 1633 546 1687 sunt?
557 1633 608 1700 Qui
619 1650 683 1705 ergo
694 1653 747 1692 nou
762 1638 940 1708 impertiendo
990 1624 1066 1696 l)ellit
1076 1623 1204 1678 mundum
1217 1624 1252 1679 id
1265 1622 1416 1694 Wsllllaffl·

142 1718 356 1777 misericordiam
369 1723 571 1793 aproitnitate
593 1741 622 1781 se
637 1727 754 1781 alienum
778 1727 853 1793 iacit,
874 1727 940 1782 alie·
1028 1714 1104 1779 Quod
1122 1714 1145 1766 δί
1164 1712 1250 1767 iilum
1270 1729 1390 1766 “mmm
1407 1713 1519 1780 bilem,
1532 1724 1556 1769 θ’
1570 1719 1787 1775 wiliephonsus

142 1828 195 1867 nus
219 1822 262 1868 est
283 1820 310 1867 et
332 1827 349 1870 a
373 1814 571 1870 medicanunis
588 1817 659 1888 quod
676 1818 819 1875 vulnerato
837 1818 940 1889 jacenti
952 1807 977 1867 B
991 1803 1220 1867 sortientium,
1235 1802 1314 1857 notrae
1325 1802 1435 1871 oloriori
1447 1812 1471 1857 et
1482 1805 1618 1879 menduces
1629 1823 1684 1861 esse
1698 1810 1787 1864 muer·

144 1902 264 1959 ccelesiis
278 1901 467 1961 Samaritanus
482 1904 629 1962 clementer
640 1906 748 1963 inludit,
990 1915 1035 1952 sus
1046 1897 1190 1950 ueritatem.
1205 1892 1266 1948 Non
1276 1903 1314 1947 est
1325 1894 1377 1947 isto
1392 1896 1521 1962 supientia
1532 1896 1669 1952 desursum
1684 1900 1788 1956 descetu-

178 1994 228 2062 Qui
252 1995 429 2050 domesticum
452 1995 514 2050 ssdei
535 1999 660 2054 occidens
685 2000 793 2069 quaefli,
815 2012 871 2056 nnn
897 2006 940 2055 pst
990 1991 1063 2061 dens,
1077 1988 1122 2042 sed
1137 1985 1547 2052 terreno,onimulis,diabolico.
1563 1987 1612 2045 Ubi
1632 1993 1701 2047 enim
1715 1993 1786 2049 uelut

144 2084 217 2140 dlius
232 2084 359 2150 Abrahae,
382 2085 516 2154 quiahoc
539 2087 677 2144 Abraham
696 2105 750 2145 nou
771 2089 845 2145 lecit.
862 2090 940 2146 Facit
990 2093 1014 2138 et
1034 2081 1182 2147 contentio,
1198 2080 1234 2133 ihi
1248 2080 1424 2134 inconstantia
1441 2089 1464 2135 el
1485 2098 1561 2143 omae
1583 2100 1647 2154 opus
1665 2103 1786 2156 pravum.

143 2184 233 2228 autem
246 2189 327 2245 opera
350 2176 446 2243 patris,
475 2175 501 2229 id
522 2186 576 2243 est,
602 2177 714 2244 diaboli,
738 2180 784 2249 qui
805 2180 840 2234 ab
861 2179 938 2234 initio
1026 2174 1172 2231 EtPaulus
1191 2172 1328 2242 apostolus
1351 2173 1391 2227 ait
1404 2190 1411 2226 ε
1426 2171 1489 2227 Noli
1510 2174 1595 2230 uerbis
1620 2178 1784 2242 contendere,

143 2259 277 2317 homicida
291 2269 361 2317 erat.
374 2260 424 2329 Qui
441 2278 546 2318 summe
556 2266 658 2321 bonurn
673 2276 810 2338 pastorem
822 2284 941 2340 sequun-

66 2362 71 2369 ·
141 2361 200 2417 tur,
220 2368 285 2407 ores
306 2361 384 2419 sunt;
406 2353 452 2421 qut
477 2362 567 2410 autem
583 2357 609 2410 in
625 2359 757 2414 membris
781 2361 839 2416 suis
864 2361 940 2417 illum

143 2446 339 2515 insequuntur,
353 2444 408 2514 lupi
424 2452 496 2499 sunt.

182 2533 289 2606 Siquis
310 2535 374 2588 mihi
396 2534 538 2604 ministrat,
562 2554 603 2591 me
623 2547 764 2610 sequatur:
781 2551 806 2597 et
825 2544 870 2598 uhi
884 2559 942 2599 sum

143 2644 202 2699 eqo,
215 2625 270 2682 illie
285 2637 309 2680 et
324 2627 444 2682 minister
459 2646 531 2683 meus
547 2629 609 2683 erit.

181 2718 210 2773 Si
222 2719 267 2788 qui
290 2720 435 2785 ministrat,
452 2721 591 2788 sequitur,
606 2721 653 2790 qui
677 2722 847 2790 adversatur,
869 2723 941 2780 inse·

145 2812 247 2881 quitur.

181 2913 195 2942 ⁸
210 2901 365 2957 liundotum
377 2919 472 2957 risuum
492 2905 526 2959 do
541 2905 623 2972 uobis,
640 2916 668 2959 ut
686 2905 803 2978 diliqotis
818 2909 937 2975 insicum,

992 2267 1027 2323 od
1041 2263 1106 2323 nibil
1120 2267 1189 2321 enim
1203 2263 1265 2318 utile
1278 2274 1327 2330 est,
1350 2263 1401 2318 nisi
1414 2264 1449 2317 ud
1471 2263 1662 2321 subversionem
1674 2270 1786 2324 audien·

992 2362 1070 2426 tium,
1085 2358 1120 2414 de
1134 2357 1186 2412 liae
1199 2355 1342 2425 sapientia,
1358 2369 1418 2424 quae
1440 2371 1493 2410 nou
1509 2364 1551 2411 est
1572 2358 1724 2426 desursum,
1740 2362 1788 2418 sed

992 2461 1101 2509 terrena
1118 2458 1198 2519 atque
1212 2447 1344 2503 diabolica
1359 2449 1405 2501 sit.
1428 2445 1462 2501 Et
1486 2447 1549 2502 illud
1572 2449 1667 2506 beatus
1688 2451 1788 2509 Paulus

993 2540 1123 2602 insinuat,
1137 2537 1251 2591 dicens:
1273 2531 1392 2603 Prosono
1408 2542 1495 2586 eutem
1511 2541 1534 2586 et
1551 2533 1641 2589 itiouiu
1658 2534 1729 2607 ioqui
1742 2537 1788 2591 de-

994 2632 1056 2687 oito.
1070 2626 1184 2683 Multum
1198 2626 1266 2678 enim
1278 2623 1418 2693 proficiunt
1434 2621 1469 2676 od
1482 2623 1652 2692 impietatem,
1666 2636 1690 2680 et
1703 2644 1788 2683 sermo

992 2740 1084 2779 eorum
1097 2731 1125 2775 ut
1138 2735 1232 2774 conces
1245 2718 1333 2788 serpit.

1029 2815 1058 2871 Si
1071 2830 1136 2884 ergo
1150 2809 1287 2866 contentio
1302 2808 1423 2864 cordium
1444 2810 1590 2868 mendaces
1603 2815 1722 2870 ostendit
1741 2814 1789 2871 ad·

991 2922 1087 2964 versus
1102 2905 1263 2968 veritatem,
1285 2910 1314 2956 et
1333 2902 1469 2957 contentio
1490 2905 1630 2958 verborum
1656 2906 1789 2962 subvertit

821 3026 958 3084 BhLUle
976 3023 1091 3082 NOTAE.

182 3125 196 3155 ι
216 3107 374 3168 liundotum
391 3128 484 3166 norum
498 3113 531 3167 do
546 3113 626 3167 robis.
638 3110 716 3169 Nulla
728 3120 862 3172 sententia
876 3120 942 3174 mihi

144 3183 254 3240 videtur
273 3184 362 3252 aptior
382 3190 428 3235 aut
450 3184 629 3252 opportunior
643 3185 676 3239 ad
700 3189 941 3244 commendandam

145 3264 267 3311 mutuam
279 3251 526 3308 interChristianos
536 3255 708 3309 duricordiam
719 3264 747 3311 et
758 3257 940 3326 dilectionem,

146 3339 228 3395 quam
241 3337 368 3392 suprema
381 3321 425 3376 illa
437 3322 538 3378 Christi
551 3323 658 3378 Dnmini
671 3327 752 3380 rerba
766 3343 826 3395 quas
840 3329 884 3384 hic
896 3331 943 3385 de·

146 3394 241 3449 scribit
251 3393 419 3462 hgobardus.
435 3388 490 3447 lies
501 3404 591 3447 autem
604 3395 671 3448 tanti
685 3399 814 3451 momenti
828 3401 885 3453 visa
899 3408 942 3455 est

145 3463 264 3528 Christo,
287 3471 317 3517 ut
336 3462 418 3518 etiarn
433 3464 508 3517 reiut
528 3477 661 3532 suprema
681 3465 826 3523 voluntatis
841 3470 942 3525 tabulis

145 3548 205 3589 mm
220 3533 350 3604 apostolis
370 3548 402 3587 ac
416 3533 556 3604 discipulis
576 3534 633 3588 suis
655 3535 770 3591 voluerit
790 3552 850 3593 esse
870 3555 942 3594 coin·

146 3604 314 3667 mandatam3
329 3603 410 3673 idque
423 3619 476 3658 non
487 3603 605 3659 abaliud
617 3605 697 3660 toties
708 3609 848 3676 repetierit
859 3618 941 3680 atque

146 3674 334 3736 inculcaverit,
348 3674 399 3728 nisi
412 3681 443 3728 ut
455 3674 611 3729 ostenderet
629 3675 680 3729 sibi
696 3678 812 3733 inanime
829 3680 856 3734 iu
872 3682 941 3736 votis

147 3752 250 3807 esseut
269 3743 380 3815 apostoli
395 3751 423 3798 et
435 3742 557 3814 discipuli
572 3745 610 3814 (in
626 3746 725 3815 quihus
739 3763 834 3804 omnes
849 3750 941 3805 Eccle-

146 3817 247 3870 siarum
260 3813 388 3882 presules
398 3815 573 3874 docebantur,
587 3823 617 3868 ut
628 3815 653 3869 in
666 3817 780 3886 epistola
793 3831 890 3887 quarta
903 3820 943 3874 ait

146 3894 256 3940 sanctus
267 3885 330 3956 leo)
346 3884 437 3938 vivant
449 3885 628 3949 eoricorditer,
641 3887 818 3957 exemploque
832 3905 882 3943 suo
893 3904 942 3959 po-

165 3956 238 4008 ulmu
256 3953 396 4009 stimulent
406 3954 439 4007 ad
463 3962 583 4008 inritatam
597 3954 777 4010 dilectionem.
793 3959 943 4030 Praesagie-

183 4025 276 4079 teuim
287 4024 394 4078 divinus
408 4023 454 4077 ille
469 4024 585 4087 animus,
597 4025 668 4092 quod
682 4040 735 4079 non
747 4027 861 4082 obscure
873 4044 942 4099 prae-

147 4095 215 4150 dixit
226 4095 297 4164 apud
311 4095 500 4163 evangelistas,
521 4093 643 4148 laturum
664 4103 696 4149 ut
717 4110 778 4150 eum
799 4099 856 4167 ipsc
879 4099 942 4154 reli-

146 4165 251 4233 quisset
277 4173 386 4229 terras,
420 4165 529 4219 inimico
560 4165 676 4219 hominis
707 4169 942 4237 superseminante

146 4234 263 4298 zizania,
277 4235 469 4290 coutroversiae
486 4237 604 4302 rixaeque
620 4235 757 4291 orirentur
775 4238 848 4293 inter
862 4239 941 4294 Chri·

146 4305 259 4367 stianos,
284 4315 313 4360 et
336 4320 390 4359 uon
412 4305 498 4359 solum
520 4305 547 4359 in
572 4305 678 4375 populo,
698 4308 746 4361 sed
766 4309 848 4362 etiam
871 4309 942 4364 iuter

146 4375 294 4431 ministros.
317 4374 426 4442 Quidni,
447 4376 662 4444 quandoquidem
688 4385 716 4431 et
737 4377 788 4445 ipsi
815 4380 940 4448 apostoli,

957 3125 978 3187 C
994 3116 1168 3176 concordiam
1182 3111 1360 3168 fraternitatis
1373 3126 1441 3181 pene
1460 3113 1663 3170 iuterfecerunt.
1684 3117 1718 3172 Et
1731 3119 1789 3177 haee

994 3189 1103 3261 quidem
1117 3185 1240 3242 fervente
1254 3182 1473 3247 Christianismo,
1490 3200 1550 3240 cum
1566 3186 1653 3249 adhuc
1667 3187 1788 3247 Ecclesia

993 3261 1124 3315 iuimcens
1138 3256 1263 3326 vagiebat
1285 3255 1310 3307 in
1332 3254 1419 3315 cunis,
1442 3269 1502 3308 cum
1524 3270 1588 3325 grex
1608 3258 1696 3313 adhuc
1716 3269 1789 3319 esset

992 3329 1118 3401 pusillus,
1134 3342 1196 3382 cum
1210 3324 1303 3395 gloriee
1322 3324 1470 3378 ducebatur
1488 3339 1538 3394 pro
1559 3328 1666 3383 rtonrine
1686 3328 1787 3388 Christi

992 3398 1183 3456 coutumeliam
1198 3395 1264 3465 pati.
1286 3393 1322 3447 ht
1335 3402 1428 3463 postca
1442 3411 1522 3465 quam
1537 3398 1635 3453 tascius
1656 3400 1788 3471 ablegavit

992 3469 1123 3534 Ecclesia,
1135 3467 1277 3538 positaque
1289 3463 1383 3533 puerili
1397 3473 1536 3533 praetexta,
1550 3466 1607 3534 J'am
1621 3468 1691 3524 lactu
1705 3474 1788 3527 robu-

992 3543 1070 3604 stior,
1090 3535 1300 3592 adolescentiam
1314 3533 1434 3604 ingressa
1448 3543 1500 3600 est,
1514 3538 1615 3591 cncidit
1629 3539 1758 3608 paulatim
1772 3557 1788 3596 a

992 3611 1119 3666 cordibus
1131 3607 1346 3663 Christianorum
1364 3620 1442 3658 amor
1457 3606 1648 3671 irateruitatis,
1665 3610 1788 3691 irrepsit·
1821 3600 1824 3614 “

992 3697 1045 3751 que
1059 3679 1186 3750 pervicax
1206 3676 1319 3731 nocendi
1338 3673 1502 3745 fallendique
1522 3676 1636 3731 invicem
1657 3680 1786 3737 studium.

992 3751 1061 3805 llinc
1077 3756 1144 3803 orta
1159 3747 1232 3811 lites,
1247 3745 1312 3799 hinc
1323 3743 1422 3815 iurgia,
1438 3746 1501 3799 hinc
1514 3746 1593 3808 bellu,
1610 3756 1638 3800 et
1649 3751 1746 3813 caedes,
1761 3760 1790 3807 et

992 3818 1123 3889 quidquid
1136 3816 1273 3871 exitiabile
1287 3829 1346 3868 esse
1360 3822 1448 3882 potest
1460 3815 1609 3870 concordiae
1622 3816 1789 3876 Christiano·

992 3904 1063 3944 rivin.
1082 3888 1121 3940 Ex
1135 3901 1168 3940 eo
1182 3885 1254 3940 toute
1275 3883 1375 3953 prodiit
1394 3882 1437 3937 lex
1457 3881 1707 3954 (immobiliaque
1726 3890 1788 3947 lites

992 3958 1141 4014 certamine
1161 3955 1289 4025 singulari
1311 3957 1440 4023 praecepit
1461 3953 1543 4018 finiri,
1559 3956 1604 4009 ubi
1619 3957 1789 4029 ailimproha·

993 4030 1080 4084 tiones
1094 4027 1206 4089 desunt;
1223 4027 1351 4079 adversus
1365 4038 1446 4093 quam
1462 4024 1572 4090 aeriter,
1587 4035 1616 4080 ut
1634 4043 1679 4083 res
1693 4040 1787 4098 postu-

992 4098 1082 4162 labat,
1109 4097 1245 4151 invehitur
1267 4095 1442 4164 agobardus,
1469 4103 1598 4165 tanquam
1627 4096 1788 4158 Christiane

991 4170 1085 4239 pietati
1101 4184 1133 4222 ac
1148 4166 1315 4236 simplicitati
1337 4165 1414 4219 valde
1434 4168 1607 4223 contrariam.
1628 4167 1663 4224 Et
1685 4178 1786 4238 baraton,

992 4255 1052 4310 quae
1064 4247 1107 4294 est
1125 4254 1216 4292 vertam
1237 4237 1416 4290 hiirrranarum
1432 4237 1599 4303 vicissitudo,
1622 4252 1730 4311 recepta
1744 4253 1786 4299 est

991 4318 1086 4380 postea
1105 4308 1163 4363 lucc
1184 4308 1226 4361 lert
1246 4322 1295 4376 per
1313 4321 1408 4361 omnes
1421 4306 1521 4376 ubique
1535 4311 1703 4377 provinciam
1719 4314 1786 4368 adeo

992 4390 1023 4434 ut
1034 4382 1116 4434 etiam
1130 4393 1220 4433 caiisa
1235 4376 1411 4430 ecelesiarum
1425 4392 1456 4432 ae
1471 4381 1710 4446 monasteriorum,
1726 4396 1786 4452 quae

146 4447 198 4500 viri
210 4446 305 4516 spiritu
320 4446 364 4499 illo
378 4446 478 4500 Christi
493 4445 582 4514 pleni,
599 4454 627 4500 et
641 4447 728 4501 adhue
746 4462 761 4501 a
774 4448 884 4504 Christo
896 4466 942 4506 ca·
993 4453 1115 4505 obscurae
1131 4460 1220 4512 erant,
1235 4446 1324 4500 duello
1343 4446 1472 4516 singulari
1493 4447 1647 4513 linirentur,
1669 4453 1739 4506 datis
1751 4453 1787 4508 ah

147 4515 206 4579 titt,
221 4515 320 4585 quique
334 4515 458 4584 exeniplo
471 4515 576 4569 lloririni
590 4515 657 4570 nibil
672 4516 743 4571 aliud
757 4519 897 4587 spirabant
909 4535 941 4575 ac
992 4530 1108 4589 utraque
1126 4525 1200 4587 parte
1215 4517 1400 4585 eanrpionibus
1414 4534 1420 4566 :
1435 4517 1474 4570 sic
1493 4517 1566 4570 enim
1582 4519 1714 4575 vocabant
1730 4521 1787 4576 bel·

148 4587 328 4655 praedicabant
339 4602 420 4655 quam
433 4600 525 4654 pacem
539 4593 566 4639 et
580 4587 762 4650 mineordiam,
775 4590 941 4656 usqueadeo
992 4591 1102 4645 latores.
1119 4588 1239 4642 Tandem
1255 4586 1303 4640 liei
1323 4585 1492 4654 providentia
1507 4586 1608 4640 laetum
1624 4597 1667 4642 est
1681 4601 1710 4644 ut
1724 4606 1787 4661 pes-

148 4665 297 4710 retrorsum
317 4658 451 4716 abierunt,
475 4666 506 4709 ut
525 4656 638 4709 inuicem
652 4659 783 4726 quasdam
800 4659 873 4713 velut
890 4661 942 4715 ini·
992 4661 1062 4718 sima
1075 4660 1133 4713 haec
1151 4657 1194 4710 lex
1208 4656 1362 4710 aboleretur
1377 4655 1471 4710 edictis
1484 4658 1647 4726 principum,
1665 4669 1693 4714 ct
1706 4677 1787 4716 cauo-

148 4727 267 4781 mieitias
288 4727 453 4781 miscerent?
476 4725 569 4794 Neque
593 4741 658 4780 vero
682 4726 742 4781 dieo
767 4728 884 4797 aliquem
908 4730 942 4785 de
992 4727 1271 4786 nibuseonciliorum.
1287 4724 1340 4780 Sed
1360 4733 1389 4778 ut
1404 4726 1472 4780 titula
1488 4728 1573 4798 ruagis
1589 4727 1710 4797 relincunt,
1723 4733 1786 4787 reti·

147 4795 226 4865 plebe
246 4797 448 4865 apostulorum,
467 4797 538 4849 absit
558 4794 642 4850 verbo
663 4795 781 4862 invidia;
807 4800 853 4853 sed
874 4798 942 4856 duos
992 4807 1072 4855 netur
1089 4799 1183 4863 hodie,
1205 4813 1258 4851 tion
1274 4796 1383 4866 quidem
1401 4796 1434 4849 ad
1453 4797 1585 4852 finiendas
1600 4799 1671 4863 lites,
1690 4801 1737 4855 sed
1751 4803 1784 4860 ad

150 4866 210 4920 illos
223 4869 405 4935 apostolurum
420 4866 564 4936 principes,
577 4866 686 4920 Petrum
700 4875 728 4921 ct
738 4866 861 4933 Paulum,
875 4885 943 4938 quo
992 4870 1111 4925 sarrienda
1122 4869 1212 4939 jurgia
1227 4875 1255 4921 et
1267 4868 1351 4921 rixas.
1367 4866 1406 4920 lle
1426 4866 1489 4922 licet
1505 4869 1676 4923 severissima
1691 4871 1782 4927 adver·

150 4937 267 4992 mathie
281 4937 461 4991 semiramin
477 4937 585 4990 modum
601 4934 733 5008 gloriatur
744 4953 804 4992 esse
823 4940 942 4994 imitato·
992 4956 1039 4994 sus
1060 4941 1205 4994 immanem
1223 4937 1447 4992 consuetudinem
1465 4941 1553 4994 edicta
1573 4940 1736 5008 prodierint,
1752 4956 1781 4997 as

149 5021 208 5061 rem
221 5006 332 5063 Christi.
355 5008 390 5061 m
403 5006 447 5062 hie
460 5015 551 5061 tameu
563 5005 663 5062 Christi
680 5006 809 5073 imitator,
826 5009 870 5064 hic
884 5009 942 5078 ipse
992 5010 1148 5080 nuperrime
1162 5008 1381 5132 sapientissimus
1400 5024 1492 5080 regum
1512 5008 1662 5065 hadericus
1680 5010 1737 5063 lllll
1752 5026 1785 5067 ea

149 5074 251 5134 Paulus
274 5092 323 5133 nos
344 5078 432 5144 docet,
453 5093 493 5141 se,
517 5092 578 5131 cum
592 5078 712 5133 venisset
734 5077 830 5133 Petrus
848 5078 943 5135 Antio-
992 5079 1173 5144 renovaverit,
1207 5086 1266 5133 urat
1281 5086 1370 5132 tamen
1387 5079 1510 5148 pertinax
1528 5080 1621 5133 isthuc
1635 5089 1663 5133 et
1676 5081 1786 5152 insopo-

151 5147 256 5211 chiam,
282 5158 364 5232 atque
387 5147 414 5202 id
436 5148 543 5218 quidem
564 5157 626 5216 post
647 5156 786 5219 acceptum
811 5147 942 5219 Spiritum
992 5149 1086 5204 rabilis
1096 5149 1188 5204 rabies
1197 5148 1492 5218 pugnandi,nemoque
1502 5164 1573 5203 riuus
1586 5150 1657 5204 cedit
1669 5150 1784 5222 legibus.

150 5225 284 5284 sanetum,
299 5234 324 5274 er
339 5217 471 5274 restitisse
483 5217 510 5271 iu
525 5214 632 5284 faciem,
646 5218 708 5286 quia
723 5219 943 5289 reprehensibilis
991 5219 1069 5286 Quod
1083 5220 1106 5275 si
1120 5219 1316 5274 monitionibus
1327 5227 1354 5273 et
1369 5218 1567 5273 hortationibus
1586 5225 1708 5276 revocari
1722 5236 1785 5292 pos-

152 5295 220 5344 arat
243 5288 369 5360 Nunquid
393 5287 474 5343 etiam
497 5287 570 5342 iuter
593 5288 704 5343 Paulum
728 5297 756 5344 et
778 5288 942 5356 Barnabam,
993 5299 1054 5345 sent
1068 5291 1191 5345 homines
1205 5289 1240 5343 ab
1253 5303 1284 5342 eo
1299 5287 1418 5353 feritate,
1435 5288 1598 5344 admonendi
1610 5300 1703 5346 essent
1716 5294 1786 5348 mul·

151 5357 303 5415 Antiochiae
316 5373 434 5431 quoque,
450 5372 511 5412 eou
548 5373 581 5413 ue
594 5358 733 5413 incanduit
747 5369 899 5425 certamen,
913 5369 944 5415 ut
994 5369 1050 5414 tum
1070 5360 1178 5417 Christo
1198 5359 1272 5415 cordi
1294 5373 1355 5413 esse
1373 5357 1520 5412 fraternam
1542 5361 1732 5428 concordiam,
1753 5377 1786 5417 ae

152 5428 290 5486 desineret
305 5429 336 5489 iu
350 5427 514 5486 divortium?
550 5427 716 5495 tCorinthii,
733 5429 943 5486 novellueadlme
993 5430 1130 5486 sinceram
1145 5426 1439 5498 minimequelueatam
1454 5426 1642 5498 dilectionem,
1656 5431 1785 5502 illumque

150 5497 254 5555 Christi
275 5499 381 5570 plantae,
397 5499 701 5623 nouneersqdarguuntur
721 5498 740 5553 a'
757 5498 851 5565 Paulo,
871 5500 944 5572 quod
992 5501 1155 5584 precepisse
1174 5501 1231 5556 suis
1250 5497 1430 5553 sectatoribus
1443 5506 1473 5552 ut
1486 5501 1711 5568 quemadmodum
1726 5503 1786 5573 ipse
1824 5548 1839 5570 χ

151 5566 223 5624 inter
241 5569 316 5640 ipsos
334 5569 391 5639 iarn
413 5578 470 5622 tum
535 5578 582 5622 ent
601 5567 728 5634 dissidia,
748 5569 942 5636 dissensiones,
993 5571 1054 5626 rllos
1077 5570 1230 5634 dilexerat,
1254 5569 1293 5623 ita
1316 5566 1367 5637 ipsi
1391 5567 1507 5624 invicem
1530 5571 1576 5626 dili
1595 5581 1681 5628 erent
1707 5572 1785 5628 llane

151 5639 298 5705 aemulatio,
312 5649 340 5695 et
352 5639 557 5696 contentiones?
574 5638 682 5694 Exortae
700 5639 797 5694 deinde
814 5649 878 5696 suut
889 5641 943 5697 his·
993 5642 1067 5697 euim
1080 5655 1143 5697 esse
1154 5653 1246 5696 veram
1259 5645 1353 5692 uotam
1365 5636 1559 5710 discipulorum
1571 5587 1695 5707 domiui,
1706 5643 1730 5698 si
1743 5643 1785 5699 di·

153 5722 240 5778 reses,
259 5720 354 5767 exorta
375 5709 531 5777 schismata,
549 5724 609 5780 qoae
626 5708 745 5765 tunicam
764 5708 836 5766 illam
853 5711 943 5767 lucon-
992 5710 1138 5766 lectionem
1150 5707 1441 5765 haheautadiurioem.
1458 5710 1514 5766 lloe
1528 5709 1579 5767 hait
1591 5728 1689 5770 novum
1704 5721 1733 5768 et
1744 5697 1786 5766 ul-

152 5776 261 5836 nibem
283 5778 448 5845 laceratum,
470 5793 565 5851 pacem
586 5776 714 5836 Ecclesia
737 5778 891 5847 turbarunt,
915 5789 943 5837 et
994 5780 1090 5836 dmum
1104 5778 1261 5839 mandatum
1272 5775 1375 5835 Christi
1389 5777 1505 5834 liomlnt.
1772 5800 1776 5807 ·
