<?xml version="1.0" encoding="UTF-8"?>
<!DOCTYPE html PUBLIC "-//W3C//DTD XHTML 1.0 Transitional//EN"
    "http://www.w3.org/TR/xhtml1/DTD/xhtml1-transitional.dtd">
<html xmlns="http://www.w3.org/1999/xhtml" xml:lang="en" lang="en">
 <head>
  <title>
</title>
<meta http-equiv="Content-Type" content="text/html;charset=utf-8" />
  <meta name='ocr-system' content='tesseract 3.04.00' />
  <meta name='ocr-capabilities' content='ocr_page ocr_carea ocr_par ocr_line ocrx_word'/>
</head>
<body>
  <div class='ocr_page' id='page_1' title='image "./patrologiaecurs103migngoog/patrologiaecurs103migngoog_0055.png"; bbox 0 0 3832 6120; ppageno 0'>
   <div class='ocr_carea' id='block_1_1' title="bbox 151 266 1812 327">
    <p class='ocr_par' dir='ltr' id='par_1_1' title="bbox 151 266 1812 327">
     <span class='ocr_line' id='line_1_1' title="bbox 151 266 1812 327; baseline -0.001 0"><span class='ocrx_word' id='word_1_1' title='bbox 151 281 155 289; x_wconf 91' lang='grc'><em>“</em></span> <span class='ocrx_word' id='word_1_2' title='bbox 173 269 212 327; x_wconf 63' lang='lat' dir='ltr'>W</span> <span class='ocrx_word' id='word_1_3' title='bbox 669 267 699 325; x_wconf 85' lang='lat' dir='ltr'><strong>S.</strong></span> <span class='ocrx_word' id='word_1_4' title='bbox 719 267 901 325; x_wconf 69' lang='lat' dir='ltr'><strong>AGOBthi</strong></span> <span class='ocrx_word' id='word_1_5' title='bbox 914 266 1069 324; x_wconf 68' lang='lat' dir='ltr'><strong>tristent</strong></span> <span class='ocrx_word' id='word_1_6' title='bbox 1087 267 1330 326; x_wconf 78' lang='lat' dir='ltr'><strong>teonnmtusts</strong></span> <span class='ocrx_word' id='word_1_7' title='bbox 1759 272 1812 325; x_wconf 85' lang='lat' dir='ltr'><strong>too</strong></span> 
     </span>
    </p>
   </div>
   <div class='ocr_carea' id='block_1_2' title="bbox 175 382 1900 3909">
    <p class='ocr_par' dir='ltr' id='par_1_2' title="bbox 175 382 1816 820">
     <span class='ocr_line' id='line_1_2' title="bbox 175 382 1816 455; baseline -0.002 -12"><span class='ocrx_word' id='word_1_8' title='bbox 175 388 250 443; x_wconf 84' lang='lat' dir='ltr'><strong>siem</strong></span> <span class='ocrx_word' id='word_1_9' title='bbox 262 384 362 442; x_wconf 85' lang='lat' dir='ltr'><strong>Paulsts</strong></span> <span class='ocrx_word' id='word_1_10' title='bbox 375 385 408 442; x_wconf 90' lang='lat' dir='ltr'><strong>de</strong></span> <span class='ocrx_word' id='word_1_11' title='bbox 423 400 454 443; x_wconf 89' lang='lat' dir='ltr'><strong>se</strong></span> <span class='ocrx_word' id='word_1_12' title='bbox 468 386 526 455; x_wconf 87' lang='lat' dir='ltr'><strong>ipse</strong></span> <span class='ocrx_word' id='word_1_13' title='bbox 541 384 580 440; x_wconf 90' lang='lat' dir='ltr'><strong>ait</strong></span> <span class='ocrx_word' id='word_1_14' title='bbox 596 401 603 440; x_wconf 73' lang='grc' dir='ltr'><strong><em>ε</em></strong></span> <span class='ocrx_word' id='word_1_15' title='bbox 628 383 695 441; x_wconf 84' lang='lat' dir='ltr'><strong>Csm</strong></span> <span class='ocrx_word' id='word_1_16' title='bbox 707 394 796 440; x_wconf 85' lang='lat' dir='ltr'><strong>estest</strong></span> <span class='ocrx_word' id='word_1_17' title='bbox 813 382 970 454; x_wconf 82' lang='lat' dir='ltr'><strong>complacuit</strong></span> <span class='ocrx_word' id='word_1_18' title='bbox 983 391 1010 450; x_wconf 73' lang='grc' dir='ltr'><strong>Α</strong></span> <span class='ocrx_word' id='word_1_19' title='bbox 1021 383 1104 438; x_wconf 85' lang='lat' dir='ltr'><strong>denec</strong></span> <span class='ocrx_word' id='word_1_20' title='bbox 1124 394 1149 438; x_wconf 84' lang='lat' dir='ltr'><strong>te</strong></span> <span class='ocrx_word' id='word_1_21' title='bbox 1169 393 1296 439; x_wconf 84' lang='lat' dir='ltr'><strong>conteret.</strong></span> <span class='ocrx_word' id='word_1_22' title='bbox 1329 383 1386 439; x_wconf 86' lang='lat' dir='ltr'><strong>ifoc</strong></span> <span class='ocrx_word' id='word_1_23' title='bbox 1403 384 1526 454; x_wconf 87' lang='lat' dir='ltr'><strong>prefecto</strong></span> <span class='ocrx_word' id='word_1_24' title='bbox 1540 392 1583 440; x_wconf 92' lang='lat' dir='ltr'><strong>est</strong></span> <span class='ocrx_word' id='word_1_25' title='bbox 1597 384 1669 454; x_wconf 90' lang='lat' dir='ltr'><strong>qued</strong></span> <span class='ocrx_word' id='word_1_26' title='bbox 1684 399 1766 454; x_wconf 88' lang='lat' dir='ltr'><strong>supra</strong></span> <span class='ocrx_word' id='word_1_27' title='bbox 1781 387 1816 440; x_wconf 88' lang='lat' dir='ltr'><strong>de</strong></span> 
     </span>
     <span class='ocr_line' id='line_1_3' title="bbox 176 472 1815 549; baseline -0.005 -14"><span class='ocrx_word' id='word_1_28' title='bbox 176 479 203 535; x_wconf 88' lang='lat' dir='ltr'><strong>er&#39;</strong></span> <span class='ocrx_word' id='word_1_29' title='bbox 216 478 262 549; x_wconf 87' lang='lat' dir='ltr'><strong>qui</strong></span> <span class='ocrx_word' id='word_1_30' title='bbox 275 494 316 534; x_wconf 79' lang='lat' dir='ltr'><strong>sss</strong></span> <span class='ocrx_word' id='word_1_31' title='bbox 327 478 471 548; x_wconf 73' lang='lat' dir='ltr'><strong>segregent</strong></span> <span class='ocrx_word' id='word_1_32' title='bbox 480 476 514 532; x_wconf 84' lang='lat' dir='ltr'><strong>de</strong></span> <span class='ocrx_word' id='word_1_33' title='bbox 526 485 599 531; x_wconf 80' lang='lat' dir='ltr'><strong>utere</strong></span> <span class='ocrx_word' id='word_1_34' title='bbox 611 477 704 531; x_wconf 85' lang='lat' dir='ltr'><strong>metris</strong></span> <span class='ocrx_word' id='word_1_35' title='bbox 713 491 789 541; x_wconf 78' lang='lat' dir='ltr'><strong>mee,</strong></span> <span class='ocrx_word' id='word_1_36' title='bbox 803 484 832 529; x_wconf 89' lang='lat' dir='ltr'><strong>ut</strong></span> <span class='ocrx_word' id='word_1_37' title='bbox 847 473 971 528; x_wconf 77' lang='lat' dir='ltr'><strong>revelaret</strong></span> <span class='ocrx_word' id='word_1_38' title='bbox 1022 473 1168 544; x_wconf 85' lang='lat' dir='ltr'><strong>Evangelio</strong></span> <span class='ocrx_word' id='word_1_39' title='bbox 1180 474 1337 544; x_wconf 76' lang='lat' dir='ltr'><strong>posuimus:</strong></span> <span class='ocrx_word' id='word_1_40' title='bbox 1352 472 1439 528; x_wconf 76' lang='lat' dir='ltr'><strong>Erret</strong></span> <span class='ocrx_word' id='word_1_41' title='bbox 1450 475 1589 530; x_wconf 83' lang='lat' dir='ltr'><strong>nouissime</strong></span> <span class='ocrx_word' id='word_1_42' title='bbox 1602 473 1716 528; x_wconf 75' lang='lat' dir='ltr'><strong>beminis</strong></span> <span class='ocrx_word' id='word_1_43' title='bbox 1730 472 1815 534; x_wconf 80' lang='lat' dir='ltr'><strong>iltius,</strong></span> 
     </span>
     <span class='ocr_line' id='line_1_4' title="bbox 178 561 1815 638; baseline -0.002 -16"><span class='ocrx_word' id='word_1_44' title='bbox 178 567 264 637; x_wconf 78' lang='lat' dir='ltr'><strong>filiunt</strong></span> <span class='ocrx_word' id='word_1_45' title='bbox 276 583 354 622; x_wconf 79' lang='lat' dir='ltr'><strong>suum</strong></span> <span class='ocrx_word' id='word_1_46' title='bbox 369 568 397 622; x_wconf 85' lang='lat' dir='ltr'><strong>iu</strong></span> <span class='ocrx_word' id='word_1_47' title='bbox 411 583 473 634; x_wconf 85' lang='lat' dir='ltr'><strong>rue,</strong></span> <span class='ocrx_word' id='word_1_48' title='bbox 497 567 694 638; x_wconf 72' lang='lat' dir='ltr'><strong>neatedquieei</strong></span> <span class='ocrx_word' id='word_1_49' title='bbox 705 567 781 621; x_wconf 74' lang='lat' dir='ltr'><strong>eures·</strong></span> <span class='ocrx_word' id='word_1_50' title='bbox 793 575 817 620; x_wconf 87' lang='lat' dir='ltr'><strong>er</strong></span> <span class='ocrx_word' id='word_1_51' title='bbox 836 565 969 636; x_wconf 82' lang='lat' dir='ltr'><strong>sanguini.</strong></span> <span class='ocrx_word' id='word_1_52' title='bbox 1022 561 1116 630; x_wconf 89' lang='lat' dir='ltr'><strong>idest,</strong></span> <span class='ocrx_word' id='word_1_53' title='bbox 1128 564 1256 635; x_wconf 84' lang='lat' dir='ltr'><strong>adqeem</strong></span> <span class='ocrx_word' id='word_1_54' title='bbox 1272 565 1383 635; x_wconf 88' lang='lat' dir='ltr'><strong>spiritus</strong></span> <span class='ocrx_word' id='word_1_55' title='bbox 1395 565 1551 620; x_wconf 86' lang='lat' dir='ltr'><strong>immundus</strong></span> <span class='ocrx_word' id='word_1_56' title='bbox 1564 578 1627 619; x_wconf 91' lang='lat' dir='ltr'><strong>cum</strong></span> <span class='ocrx_word' id='word_1_57' title='bbox 1639 564 1700 618; x_wconf 88' lang='lat' dir='ltr'><strong>aliis</strong></span> <span class='ocrx_word' id='word_1_58' title='bbox 1712 569 1815 631; x_wconf 79' lang='lat' dir='ltr'>septem</span> 
     </span>
     <span class='ocr_line' id='line_1_5' title="bbox 179 642 1815 729; baseline -0.002 -16"><span class='ocrx_word' id='word_1_59' title='bbox 179 658 264 713; x_wconf 82' lang='lat' dir='ltr'><strong>flebal</strong></span> <span class='ocrx_word' id='word_1_60' title='bbox 275 665 379 723; x_wconf 79' lang='lat' dir='ltr'><strong>summ,</strong></span> <span class='ocrx_word' id='word_1_61' title='bbox 391 658 439 728; x_wconf 92' lang='lat' dir='ltr'><strong>qui</strong></span> <span class='ocrx_word' id='word_1_62' title='bbox 453 658 651 726; x_wconf 87' lang='lat' dir='ltr'><strong>interpretatur</strong></span> <span class='ocrx_word' id='word_1_63' title='bbox 665 672 766 728; x_wconf 89' lang='lat' dir='ltr'><strong>verago</strong></span> <span class='ocrx_word' id='word_1_64' title='bbox 779 642 873 719; x_wconf 80' lang='lat' dir='ltr'><strong>vetus,</strong></span> <span class='ocrx_word' id='word_1_65' title='bbox 888 654 972 726; x_wconf 90' lang='lat' dir='ltr'><strong>signi·</strong></span> <span class='ocrx_word' id='word_1_66' title='bbox 1023 671 1053 711; x_wconf 89' lang='lat' dir='ltr'><strong>se</strong></span> <span class='ocrx_word' id='word_1_67' title='bbox 1066 657 1126 727; x_wconf 91' lang='lat' dir='ltr'><strong>ipse</strong></span> <span class='ocrx_word' id='word_1_68' title='bbox 1148 657 1325 727; x_wconf 77' lang='lat' dir='ltr'>nequioribus</span> <span class='ocrx_word' id='word_1_69' title='bbox 1346 657 1483 729; x_wconf 89' lang='lat' dir='ltr'><strong>ingressus</strong></span> <span class='ocrx_word' id='word_1_70' title='bbox 1505 656 1606 722; x_wconf 84' lang='lat' dir='ltr'><strong>fuerit,</strong></span> <span class='ocrx_word' id='word_1_71' title='bbox 1630 656 1723 727; x_wconf 73' lang='lat' dir='ltr'><strong>peiere</strong></span> <span class='ocrx_word' id='word_1_72' title='bbox 1742 658 1815 727; x_wconf 84' lang='lat' dir='ltr'><strong>prie-</strong></span> 
     </span>
     <span class='ocr_line' id='line_1_6' title="bbox 179 746 1107 820; baseline -0.001 -17"><span class='ocrx_word' id='word_1_73' title='bbox 179 750 245 806; x_wconf 84' lang='lat' dir='ltr'><strong>freat</strong></span> <span class='ocrx_word' id='word_1_74' title='bbox 261 749 402 805; x_wconf 85' lang='lat' dir='ltr'><strong>carnalem</strong></span> <span class='ocrx_word' id='word_1_75' title='bbox 421 756 449 804; x_wconf 91' lang='lat' dir='ltr'><strong>et</strong></span> <span class='ocrx_word' id='word_1_76' title='bbox 468 748 606 804; x_wconf 79' lang='lat' dir='ltr'><strong>infidelem</strong></span> <span class='ocrx_word' id='word_1_77' title='bbox 629 746 816 820; x_wconf 80' lang='lat' dir='ltr'><strong>synagogam,</strong></span> <span class='ocrx_word' id='word_1_78' title='bbox 843 761 903 816; x_wconf 80' lang='lat' dir='ltr'><strong>qum</strong></span> <span class='ocrx_word' id='word_1_79' title='bbox 918 760 971 800; x_wconf 93' lang='lat' dir='ltr'><strong>neu</strong></span> <span class='ocrx_word' id='word_1_80' title='bbox 1023 747 1107 803; x_wconf 81' lang='lat' dir='ltr'><strong>ribus.</strong></span> 
     </span>
    </p>

    <p class='ocr_par' dir='ltr' id='par_1_3' title="bbox 175 836 1900 2812">
     <span class='ocr_line' id='line_1_7' title="bbox 177 836 1817 910; baseline 0.001 -18"><span class='ocrx_word' id='word_1_81' title='bbox 177 839 315 910; x_wconf 74' lang='lat' dir='ltr'><strong>acquievit</strong></span> <span class='ocrx_word' id='word_1_82' title='bbox 331 839 449 894; x_wconf 86' lang='lat' dir='ltr'><strong>transire</strong></span> <span class='ocrx_word' id='word_1_83' title='bbox 462 838 497 893; x_wconf 88' lang='lat' dir='ltr'><strong>ad</strong></span> <span class='ocrx_word' id='word_1_84' title='bbox 512 839 662 895; x_wconf 87' lang='lat' dir='ltr'><strong>novitatem</strong></span> <span class='ocrx_word' id='word_1_85' title='bbox 672 840 785 909; x_wconf 89' lang='lat' dir='ltr'><strong>spiritus</strong></span> <span class='ocrx_word' id='word_1_86' title='bbox 798 838 971 904; x_wconf 84' lang='lat' dir='ltr'><strong>vivificantis,</strong></span> <span class='ocrx_word' id='word_1_87' title='bbox 1058 837 1153 894; x_wconf 77' lang='lat' dir='ltr'><strong>xxvi.</strong></span> <span class='ocrx_word' id='word_1_88' title='bbox 1174 837 1208 892; x_wconf 81' lang='lat' dir='ltr'><strong>m</strong></span> <span class='ocrx_word' id='word_1_89' title='bbox 1229 839 1288 894; x_wconf 86' lang='lat' dir='ltr'><strong>haec</strong></span> <span class='ocrx_word' id='word_1_90' title='bbox 1302 838 1411 908; x_wconf 90' lang='lat' dir='ltr'><strong>quidem</strong></span> <span class='ocrx_word' id='word_1_91' title='bbox 1435 838 1555 893; x_wconf 90' lang='lat' dir='ltr'><strong>breviter</strong></span> <span class='ocrx_word' id='word_1_92' title='bbox 1576 838 1712 904; x_wconf 77' lang='lat' dir='ltr'><strong>diximus,</strong></span> <span class='ocrx_word' id='word_1_93' title='bbox 1734 852 1767 893; x_wconf 90' lang='lat' dir='ltr'><strong>ac</strong></span> <span class='ocrx_word' id='word_1_94' title='bbox 1782 836 1817 893; x_wconf 92' lang='lat' dir='ltr'><strong>de</strong></span> 
     </span>
     <span class='ocr_line' id='line_1_8' title="bbox 177 926 1817 998; baseline 0.001 -14"><span class='ocrx_word' id='word_1_95' title='bbox 177 930 334 984; x_wconf 86' lang='lat' dir='ltr'><strong>ssdmaluit</strong></span> <span class='ocrx_word' id='word_1_96' title='bbox 348 945 490 986; x_wconf 84' lang='lat' dir='ltr'><strong>renrauere</strong></span> <span class='ocrx_word' id='word_1_97' title='bbox 504 931 532 985; x_wconf 93' lang='lat' dir='ltr'><strong>in</strong></span> <span class='ocrx_word' id='word_1_98' title='bbox 549 937 684 987; x_wconf 87' lang='lat' dir='ltr'><strong>vetustate</strong></span> <span class='ocrx_word' id='word_1_99' title='bbox 698 931 797 986; x_wconf 82' lang='lat' dir='ltr'><strong>litterae</strong></span> <span class='ocrx_word' id='word_1_100' title='bbox 810 927 970 984; x_wconf 88' lang='lat' dir='ltr'><strong>occidentis.</strong></span> <span class='ocrx_word' id='word_1_101' title='bbox 1023 926 1116 982; x_wconf 88' lang='lat' dir='ltr'><strong>multis</strong></span> <span class='ocrx_word' id='word_1_102' title='bbox 1136 944 1222 998; x_wconf 91' lang='lat' dir='ltr'><strong>pauca</strong></span> <span class='ocrx_word' id='word_1_103' title='bbox 1244 929 1402 996; x_wconf 82' lang='lat' dir='ltr'><strong>libavinrus;</strong></span> <span class='ocrx_word' id='word_1_104' title='bbox 1428 930 1546 986; x_wconf 91' lang='lat' dir='ltr'><strong>strictim</strong></span> <span class='ocrx_word' id='word_1_105' title='bbox 1570 931 1673 986; x_wconf 88' lang='lat' dir='ltr'><strong>scilicet</strong></span> <span class='ocrx_word' id='word_1_106' title='bbox 1695 930 1817 985; x_wconf 87' lang='lat' dir='ltr'><strong>volentes</strong></span> 
     </span>
     <span class='ocr_line' id='line_1_9' title="bbox 177 1018 1817 1099; baseline 0.001 -26"><span class='ocrx_word' id='word_1_107' title='bbox 177 1018 272 1088; x_wconf 84' lang='lat' dir='ltr'><strong>ibique</strong></span> <span class='ocrx_word' id='word_1_108' title='bbox 293 1019 334 1078; x_wconf 82' lang='lat' dir='ltr'><strong>eis</strong></span> <span class='ocrx_word' id='word_1_109' title='bbox 357 1021 614 1090; x_wconf 75' lang='lat' dir='ltr'><strong>perseverantibus,</strong></span> <span class='ocrx_word' id='word_1_110' title='bbox 642 1022 799 1099; x_wconf 84' lang='lat' dir='ltr'><strong>supervenit</strong></span> <span class='ocrx_word' id='word_1_111' title='bbox 825 1019 973 1073; x_wconf 91' lang='lat' dir='ltr'><strong>immensus</strong></span> <span class='ocrx_word' id='word_1_112' title='bbox 1022 1018 1166 1073; x_wconf 88' lang='lat' dir='ltr'><strong>estendere</strong></span> <span class='ocrx_word' id='word_1_113' title='bbox 1178 1021 1287 1089; x_wconf 86' lang='lat' dir='ltr'><strong>quentis</strong></span> <span class='ocrx_word' id='word_1_114' title='bbox 1301 1020 1520 1077; x_wconf 73' lang='lat' dir='ltr'><strong>benedictionum</strong></span> <span class='ocrx_word' id='word_1_115' title='bbox 1536 1021 1694 1076; x_wconf 82' lang='lat' dir='ltr'><strong>munenibus</strong></span> <span class='ocrx_word' id='word_1_116' title='bbox 1708 1020 1817 1091; x_wconf 85' lang='lat' dir='ltr'><strong>dignam</strong></span> 
     </span>
     <span class='ocr_line' id='line_1_10' title="bbox 177 1108 1818 1181; baseline 0.001 -18"><span class='ocrx_word' id='word_1_117' title='bbox 177 1108 276 1166; x_wconf 81' lang='lat' dir='ltr'><strong>fluvius</strong></span> <span class='ocrx_word' id='word_1_118' title='bbox 298 1110 539 1174; x_wconf 87' lang='lat' dir='ltr'><strong>maledictionum,</strong></span> <span class='ocrx_word' id='word_1_119' title='bbox 562 1112 641 1181; x_wconf 75' lang='lat' dir='ltr'><strong>iusta</strong></span> <span class='ocrx_word' id='word_1_120' title='bbox 663 1111 735 1180; x_wconf 93' lang='lat' dir='ltr'><strong>qued</strong></span> <span class='ocrx_word' id='word_1_121' title='bbox 758 1110 970 1181; x_wconf 87' lang='lat' dir='ltr'><strong>scriptumest:</strong></span> <span class='ocrx_word' id='word_1_122' title='bbox 1022 1109 1217 1179; x_wconf 74' lang='lat' dir='ltr'><strong>praeparaverit</strong></span> <span class='ocrx_word' id='word_1_123' title='bbox 1234 1110 1306 1164; x_wconf 87' lang='lat' dir='ltr'><strong>Deus</strong></span> <span class='ocrx_word' id='word_1_124' title='bbox 1323 1110 1499 1181; x_wconf 84' lang='lat' dir='ltr'><strong>apostolicam</strong></span> <span class='ocrx_word' id='word_1_125' title='bbox 1512 1110 1631 1180; x_wconf 82' lang='lat' dir='ltr'><strong>plebem,</strong></span> <span class='ocrx_word' id='word_1_126' title='bbox 1655 1110 1818 1180; x_wconf 82' lang='lat' dir='ltr'><strong>quantisque</strong></span> 
     </span>
     <span class='ocr_line' id='line_1_11' title="bbox 178 1197 1817 1271; baseline -0.001 -17"><span class='ocrx_word' id='word_1_127' title='bbox 178 1199 257 1255; x_wconf 79' lang='lat' dir='ltr'><strong>Festi</strong></span> <span class='ocrx_word' id='word_1_128' title='bbox 271 1210 332 1254; x_wconf 85' lang='lat' dir='ltr'><strong>suut</strong></span> <span class='ocrx_word' id='word_1_129' title='bbox 342 1201 474 1271; x_wconf 83' lang='lat' dir='ltr'><strong>principes</strong></span> <span class='ocrx_word' id='word_1_130' title='bbox 487 1198 580 1265; x_wconf 78' lang='lat' dir='ltr'><strong>teda,</strong></span> <span class='ocrx_word' id='word_1_131' title='bbox 596 1201 673 1271; x_wconf 87' lang='lat' dir='ltr'><strong>quusi</strong></span> <span class='ocrx_word' id='word_1_132' title='bbox 693 1199 858 1254; x_wconf 78' lang='lat' dir='ltr'><strong>adsumentes</strong></span> <span class='ocrx_word' id='word_1_133' title='bbox 880 1199 972 1252; x_wconf 80' lang='lat' dir='ltr'><strong>terrai·</strong></span> <span class='ocrx_word' id='word_1_134' title='bbox 1023 1198 1188 1253; x_wconf 85' lang='lat' dir='ltr'><strong>ecorrtrario</strong></span> <span class='ocrx_word' id='word_1_135' title='bbox 1211 1198 1444 1255; x_wconf 77' lang='lat' dir='ltr'><strong>maledictionibus</strong></span> <span class='ocrx_word' id='word_1_136' title='bbox 1470 1200 1528 1256; x_wconf 88' lang='lat' dir='ltr'><strong>suis</strong></span> <span class='ocrx_word' id='word_1_137' title='bbox 1552 1199 1657 1255; x_wconf 87' lang='lat' dir='ltr'><strong>meritis</strong></span> <span class='ocrx_word' id='word_1_138' title='bbox 1687 1197 1817 1269; x_wconf 74' lang='lat' dir='ltr'><strong>repletam</strong></span> 
     </span>
     <span class='ocr_line' id='line_1_12' title="bbox 178 1287 1817 1364; baseline 0 -19"><span class='ocrx_word' id='word_1_139' title='bbox 178 1306 253 1345; x_wconf 84' lang='lat' dir='ltr'><strong>uum.</strong></span> <span class='ocrx_word' id='word_1_140' title='bbox 275 1287 414 1360; x_wconf 86' lang='lat' dir='ltr'><strong>Superees</strong></span> <span class='ocrx_word' id='word_1_141' title='bbox 424 1290 572 1358; x_wconf 72' lang='lat' dir='ltr'><strong>effundam,</strong></span> <span class='ocrx_word' id='word_1_142' title='bbox 588 1290 665 1360; x_wconf 82' lang='lat' dir='ltr'><strong>quusi</strong></span> <span class='ocrx_word' id='word_1_143' title='bbox 675 1306 782 1360; x_wconf 84' lang='lat' dir='ltr'><strong>equum,</strong></span> <span class='ocrx_word' id='word_1_144' title='bbox 795 1289 864 1343; x_wconf 86' lang='lat' dir='ltr'><strong>irem</strong></span> <span class='ocrx_word' id='word_1_145' title='bbox 876 1305 970 1342; x_wconf 85' lang='lat' dir='ltr'><strong>meum.</strong></span> <span class='ocrx_word' id='word_1_146' title='bbox 1024 1289 1159 1346; x_wconf 82' lang='lat' dir='ltr'><strong>infidelem</strong></span> <span class='ocrx_word' id='word_1_147' title='bbox 1174 1290 1304 1360; x_wconf 88' lang='lat' dir='ltr'><strong>repulerit</strong></span> <span class='ocrx_word' id='word_1_148' title='bbox 1319 1306 1499 1364; x_wconf 84' lang='lat' dir='ltr'><strong>synagogam3</strong></span> <span class='ocrx_word' id='word_1_149' title='bbox 1519 1300 1653 1362; x_wconf 90' lang='lat' dir='ltr'><strong>quatenus</strong></span> <span class='ocrx_word' id='word_1_150' title='bbox 1672 1298 1700 1345; x_wconf 93' lang='lat' dir='ltr'><strong>et</strong></span> <span class='ocrx_word' id='word_1_151' title='bbox 1715 1291 1742 1345; x_wconf 93' lang='lat' dir='ltr'><strong>in</strong></span> <span class='ocrx_word' id='word_1_152' title='bbox 1761 1290 1817 1345; x_wconf 89' lang='lat' dir='ltr'><strong>ele-</strong></span> 
     </span>
     <span class='ocr_line' id='line_1_13' title="bbox 176 1378 1819 1452; baseline 0 -18"><span class='ocrx_word' id='word_1_153' title='bbox 176 1378 403 1436; x_wconf 73' lang='lat' dir='ltr'><strong>avesnienses</strong></span> <span class='ocrx_word' id='word_1_154' title='bbox 420 1380 533 1435; x_wconf 90' lang='lat' dir='ltr'><strong>omniuo</strong></span> <span class='ocrx_word' id='word_1_155' title='bbox 554 1380 749 1449; x_wconf 87' lang='lat' dir='ltr'><strong>promissiones</strong></span> <span class='ocrx_word' id='word_1_156' title='bbox 767 1388 795 1435; x_wconf 93' lang='lat' dir='ltr'><strong>ct</strong></span> <span class='ocrx_word' id='word_1_157' title='bbox 807 1379 973 1434; x_wconf 87' lang='lat' dir='ltr'><strong>benedictio-</strong></span> <span class='ocrx_word' id='word_1_158' title='bbox 1023 1381 1076 1436; x_wconf 91' lang='lat' dir='ltr'><strong>etis</strong></span> <span class='ocrx_word' id='word_1_159' title='bbox 1089 1381 1247 1452; x_wconf 89' lang='lat' dir='ltr'><strong>impleretur</strong></span> <span class='ocrx_word' id='word_1_160' title='bbox 1260 1382 1332 1451; x_wconf 90' lang='lat' dir='ltr'><strong>quod</strong></span> <span class='ocrx_word' id='word_1_161' title='bbox 1348 1383 1507 1452; x_wconf 79' lang='lat' dir='ltr'><strong>praedictum</strong></span> <span class='ocrx_word' id='word_1_162' title='bbox 1527 1382 1632 1448; x_wconf 88' lang='lat' dir='ltr'><strong>fuerat;</strong></span> <span class='ocrx_word' id='word_1_163' title='bbox 1654 1381 1755 1437; x_wconf 85' lang='lat' dir='ltr'><strong>etenim</strong></span> <span class='ocrx_word' id='word_1_164' title='bbox 1771 1379 1819 1434; x_wconf 89' lang='lat' dir='ltr'><strong>be·</strong></span> 
     </span>
     <span class='ocr_line' id='line_1_14' title="bbox 175 1470 1819 1542; baseline -0.002 -16"><span class='ocrx_word' id='word_1_165' title='bbox 175 1486 227 1527; x_wconf 92' lang='lat' dir='ltr'><strong>nes</strong></span> <span class='ocrx_word' id='word_1_166' title='bbox 244 1472 437 1541; x_wconf 87' lang='lat' dir='ltr'><strong>requieverunt</strong></span> <span class='ocrx_word' id='word_1_167' title='bbox 467 1485 550 1541; x_wconf 88' lang='lat' dir='ltr'><strong>super</strong></span> <span class='ocrx_word' id='word_1_168' title='bbox 579 1471 757 1542; x_wconf 87' lang='lat' dir='ltr'><strong>apostolicam</strong></span> <span class='ocrx_word' id='word_1_169' title='bbox 780 1471 901 1541; x_wconf 90' lang='lat' dir='ltr'><strong>plebem,</strong></span> <span class='ocrx_word' id='word_1_170' title='bbox 931 1470 973 1525; x_wconf 93' lang='lat' dir='ltr'><strong>sic</strong></span> <span class='ocrx_word' id='word_1_171' title='bbox 995 1511 998 1516; x_wconf 88' lang='lat'>.</span> <span class='ocrx_word' id='word_1_172' title='bbox 1023 1471 1194 1527; x_wconf 90' lang='lat' dir='ltr'><strong>nedictiones</strong></span> <span class='ocrx_word' id='word_1_173' title='bbox 1208 1471 1283 1526; x_wconf 88' lang='lat' dir='ltr'><strong>dabit</strong></span> <span class='ocrx_word' id='word_1_174' title='bbox 1305 1471 1352 1540; x_wconf 93' lang='lat' dir='ltr'><strong>qni</strong></span> <span class='ocrx_word' id='word_1_175' title='bbox 1374 1471 1461 1541; x_wconf 87' lang='lat' dir='ltr'><strong>legem</strong></span> <span class='ocrx_word' id='word_1_176' title='bbox 1485 1471 1576 1538; x_wconf 88' lang='lat' dir='ltr'><strong>dedit,</strong></span> <span class='ocrx_word' id='word_1_177' title='bbox 1591 1471 1755 1526; x_wconf 88' lang='lat' dir='ltr'><strong>benedicens</strong></span> <span class='ocrx_word' id='word_1_178' title='bbox 1771 1484 1819 1524; x_wconf 87' lang='lat' dir='ltr'><strong>eos</strong></span> 
     </span>
     <span class='ocr_line' id='line_1_15' title="bbox 175 1559 1819 1632; baseline -0.006 -10"><span class='ocrx_word' id='word_1_179' title='bbox 175 1581 274 1622; x_wconf 82' lang='lat' dir='ltr'><strong>omnes</strong></span> <span class='ocrx_word' id='word_1_180' title='bbox 295 1565 523 1621; x_wconf 76' lang='lat' dir='ltr'><strong>denominationes</strong></span> <span class='ocrx_word' id='word_1_181' title='bbox 543 1572 572 1618; x_wconf 88' lang='lat' dir='ltr'><strong>et</strong></span> <span class='ocrx_word' id='word_1_182' title='bbox 591 1563 795 1619; x_wconf 87' lang='lat' dir='ltr'><strong>maledictiones</strong></span> <span class='ocrx_word' id='word_1_183' title='bbox 807 1561 974 1619; x_wconf 76' lang='lat' dir='ltr'><strong>confirmatu</strong></span> <span class='ocrx_word' id='word_1_184' title='bbox 1023 1560 1236 1631; x_wconf 81' lang='lat' dir='ltr'><strong>videlieetjusta</strong></span> <span class='ocrx_word' id='word_1_185' title='bbox 1254 1559 1413 1632; x_wconf 76' lang='lat' dir='ltr'><strong>Apostolum</strong></span> <span class='ocrx_word' id='word_1_186' title='bbox 1427 1563 1456 1617; x_wconf 85' lang='lat' dir='ltr'><strong>iu</strong></span> <span class='ocrx_word' id='word_1_187' title='bbox 1480 1563 1551 1615; x_wconf 78' lang='lat' dir='ltr'><strong>emisi</strong></span> <span class='ocrx_word' id='word_1_188' title='bbox 1574 1560 1752 1616; x_wconf 82' lang='lat' dir='ltr'><strong>benedictione</strong></span> <span class='ocrx_word' id='word_1_189' title='bbox 1766 1560 1819 1630; x_wconf 83' lang='lat' dir='ltr'><strong>spi-</strong></span> 
     </span>
     <span class='ocr_line' id='line_1_16' title="bbox 176 1651 1820 1726; baseline -0.005 -14"><span class='ocrx_word' id='word_1_190' title='bbox 176 1664 244 1712; x_wconf 87' lang='lat' dir='ltr'><strong>snut</strong></span> <span class='ocrx_word' id='word_1_191' title='bbox 255 1670 337 1725; x_wconf 84' lang='lat' dir='ltr'><strong>seper</strong></span> <span class='ocrx_word' id='word_1_192' title='bbox 353 1669 519 1726; x_wconf 85' lang='lat' dir='ltr'><strong>syrragegaru</strong></span> <span class='ocrx_word' id='word_1_193' title='bbox 532 1653 661 1719; x_wconf 59' lang='lat' dir='ltr'><strong>satanam</strong></span> <span class='ocrx_word' id='word_1_194' title='bbox 676 1655 736 1724; x_wconf 87' lang='lat' dir='ltr'><strong>ipse</strong></span> <span class='ocrx_word' id='word_1_195' title='bbox 751 1653 851 1709; x_wconf 87' lang='lat' dir='ltr'><strong>ordine</strong></span> <span class='ocrx_word' id='word_1_196' title='bbox 864 1653 905 1708; x_wconf 89' lang='lat' dir='ltr'><strong>rei</strong></span> <span class='ocrx_word' id='word_1_197' title='bbox 917 1668 973 1724; x_wconf 82' lang='lat' dir='ltr'><strong>quo</strong></span> <span class='ocrx_word' id='word_1_198' title='bbox 1024 1652 1097 1709; x_wconf 84' lang='lat' dir='ltr'><strong>rituli</strong></span> <span class='ocrx_word' id='word_1_199' title='bbox 1111 1655 1140 1708; x_wconf 87' lang='lat' dir='ltr'><strong>iu</strong></span> <span class='ocrx_word' id='word_1_200' title='bbox 1151 1653 1297 1709; x_wconf 67' lang='lat' dir='ltr'><strong>relatibus</strong></span> <span class='ocrx_word' id='word_1_201' title='bbox 1317 1654 1345 1708; x_wconf 87' lang='lat' dir='ltr'><strong>in</strong></span> <span class='ocrx_word' id='word_1_202' title='bbox 1358 1651 1472 1707; x_wconf 77' lang='lat' dir='ltr'><strong>Christe.</strong></span> <span class='ocrx_word' id='word_1_203' title='bbox 1492 1653 1526 1707; x_wconf 87' lang='lat' dir='ltr'><strong>Et</strong></span> <span class='ocrx_word' id='word_1_204' title='bbox 1539 1652 1593 1707; x_wconf 91' lang='lat' dir='ltr'><strong>illis</strong></span> <span class='ocrx_word' id='word_1_205' title='bbox 1609 1652 1656 1722; x_wconf 90' lang='lat' dir='ltr'><strong>qui</strong></span> <span class='ocrx_word' id='word_1_206' title='bbox 1670 1666 1721 1707; x_wconf 89' lang='lat' dir='ltr'><strong>nee</strong></span> <span class='ocrx_word' id='word_1_207' title='bbox 1735 1651 1820 1722; x_wconf 80' lang='lat' dir='ltr'><strong>lloysi</strong></span> 
     </span>
     <span class='ocr_line' id='line_1_17' title="bbox 177 1731 1821 1816; baseline -0.001 -16"><span class='ocrx_word' id='word_1_208' title='bbox 177 1743 285 1816; x_wconf 76' lang='lat' dir='ltr'><strong>lfovses</strong></span> <span class='ocrx_word' id='word_1_209' title='bbox 307 1744 473 1814; x_wconf 72' lang='lat' dir='ltr'><strong>predixerat</strong></span> <span class='ocrx_word' id='word_1_210' title='bbox 488 1743 580 1798; x_wconf 85' lang='lat' dir='ltr'><strong>verbis</strong></span> <span class='ocrx_word' id='word_1_211' title='bbox 601 1743 695 1798; x_wconf 82' lang='lat' dir='ltr'><strong>dicem</strong></span> <span class='ocrx_word' id='word_1_212' title='bbox 715 1740 899 1796; x_wconf 74' lang='lat' dir='ltr'><strong>:seuerum</strong></span> <span class='ocrx_word' id='word_1_213' title='bbox 921 1741 974 1797; x_wconf 75' lang='lat' dir='ltr'><strong>erle</strong></span> <span class='ocrx_word' id='word_1_214' title='bbox 987 1731 1012 1791; x_wconf 79' lang='grc' dir='ltr'><strong>Β</strong></span> <span class='ocrx_word' id='word_1_215' title='bbox 1025 1746 1140 1812; x_wconf 88' lang='lat' dir='ltr'><strong>litteris,</strong></span> <span class='ocrx_word' id='word_1_216' title='bbox 1160 1760 1212 1801; x_wconf 90' lang='lat' dir='ltr'><strong>uec</strong></span> <span class='ocrx_word' id='word_1_217' title='bbox 1226 1744 1317 1801; x_wconf 87' lang='lat' dir='ltr'><strong>verbis</strong></span> <span class='ocrx_word' id='word_1_218' title='bbox 1331 1742 1435 1800; x_wconf 84' lang='lat' dir='ltr'><strong>Christi</strong></span> <span class='ocrx_word' id='word_1_219' title='bbox 1449 1744 1634 1814; x_wconf 87' lang='lat' dir='ltr'><strong>crediderunt,</strong></span> <span class='ocrx_word' id='word_1_220' title='bbox 1656 1758 1689 1797; x_wconf 89' lang='lat' dir='ltr'><strong>ae</strong></span> <span class='ocrx_word' id='word_1_221' title='bbox 1705 1758 1754 1814; x_wconf 85' lang='lat' dir='ltr'><strong>per</strong></span> <span class='ocrx_word' id='word_1_222' title='bbox 1768 1743 1821 1798; x_wconf 90' lang='lat' dir='ltr'><strong>bec</strong></span> 
     </span>
     <span class='ocr_line' id='line_1_18' title="bbox 176 1828 1820 1906; baseline 0.001 -19"><span class='ocrx_word' id='word_1_223' title='bbox 176 1835 206 1888; x_wconf 87' lang='lat' dir='ltr'><strong>s&#39;u</strong></span> <span class='ocrx_word' id='word_1_224' title='bbox 219 1834 345 1899; x_wconf 83' lang='lat' dir='ltr'><strong>eisitme,</strong></span> <span class='ocrx_word' id='word_1_225' title='bbox 369 1832 473 1899; x_wconf 90' lang='lat' dir='ltr'><strong>idest,</strong></span> <span class='ocrx_word' id='word_1_226' title='bbox 497 1830 682 1898; x_wconf 69' lang='lat' dir='ltr'><strong>Hierusalem</strong></span> <span class='ocrx_word' id='word_1_227' title='bbox 703 1828 858 1885; x_wconf 71' lang='lat' dir='ltr'><strong>misdictus</strong></span> <span class='ocrx_word' id='word_1_228' title='bbox 869 1830 899 1884; x_wconf 83' lang='lat' dir='ltr'><strong>irs</strong></span> <span class='ocrx_word' id='word_1_229' title='bbox 909 1845 973 1900; x_wconf 68' lang='lat' dir='ltr'><strong>esre</strong></span> <span class='ocrx_word' id='word_1_230' title='bbox 1021 1835 1097 1906; x_wconf 74' lang='lat' dir='ltr'><strong>iuste</strong></span> <span class='ocrx_word' id='word_1_231' title='bbox 1107 1835 1157 1892; x_wconf 85' lang='lat' dir='ltr'><strong>Dei</strong></span> <span class='ocrx_word' id='word_1_232' title='bbox 1168 1833 1273 1906; x_wconf 85' lang='lat' dir='ltr'><strong>judicie</strong></span> <span class='ocrx_word' id='word_1_233' title='bbox 1283 1834 1422 1906; x_wconf 88' lang='lat' dir='ltr'><strong>reprobati</strong></span> <span class='ocrx_word' id='word_1_234' title='bbox 1441 1842 1524 1900; x_wconf 85' lang='lat' dir='ltr'><strong>smrt,</strong></span> <span class='ocrx_word' id='word_1_235' title='bbox 1550 1833 1596 1889; x_wconf 90' lang='lat' dir='ltr'><strong>illa</strong></span> <span class='ocrx_word' id='word_1_236' title='bbox 1609 1833 1764 1890; x_wconf 89' lang='lat' dir='ltr'><strong>maledictio</strong></span> <span class='ocrx_word' id='word_1_237' title='bbox 1776 1849 1820 1890; x_wconf 90' lang='lat' dir='ltr'><strong>su-</strong></span> 
     </span>
     <span class='ocr_line' id='line_1_19' title="bbox 178 1919 1821 1999; baseline -0.002 -17"><span class='ocrx_word' id='word_1_238' title='bbox 178 1925 272 1980; x_wconf 80' lang='lat' dir='ltr'><strong>mendi</strong></span> <span class='ocrx_word' id='word_1_239' title='bbox 288 1925 442 1995; x_wconf 66' lang='lat' dir='ltr'><strong>dispersum</strong></span> <span class='ocrx_word' id='word_1_240' title='bbox 464 1921 632 1977; x_wconf 73' lang='lat' dir='ltr'><strong>meledictum</strong></span> <span class='ocrx_word' id='word_1_241' title='bbox 651 1922 775 1977; x_wconf 71' lang='lat' dir='ltr'><strong>ferrem</strong></span> <span class='ocrx_word' id='word_1_242' title='bbox 791 1930 876 1975; x_wconf 75' lang='lat' dir='ltr'><strong>luvra·</strong></span> <span class='ocrx_word' id='word_1_243' title='bbox 893 1919 975 1987; x_wconf 72' lang='lat' dir='ltr'><strong>Quod</strong></span> <span class='ocrx_word' id='word_1_244' title='bbox 1024 1927 1190 1999; x_wconf 87' lang='lat' dir='ltr'><strong>perveniret,</strong></span> <span class='ocrx_word' id='word_1_245' title='bbox 1213 1940 1274 1996; x_wconf 79' lang='lat' dir='ltr'><strong>qua</strong></span> <span class='ocrx_word' id='word_1_246' title='bbox 1294 1925 1328 1981; x_wconf 90' lang='lat' dir='ltr'><strong>ab</strong></span> <span class='ocrx_word' id='word_1_247' title='bbox 1345 1925 1404 1997; x_wconf 88' lang='lat' dir='ltr'><strong>ipse</strong></span> <span class='ocrx_word' id='word_1_248' title='bbox 1418 1923 1510 1995; x_wconf 78' lang='lat' dir='ltr'><strong>lloyse</strong></span> <span class='ocrx_word' id='word_1_249' title='bbox 1525 1924 1562 1979; x_wconf 84' lang='lat' dir='ltr'><strong>ita</strong></span> <span class='ocrx_word' id='word_1_250' title='bbox 1584 1924 1675 1980; x_wconf 90' lang='lat' dir='ltr'><strong>iuerat</strong></span> <span class='ocrx_word' id='word_1_251' title='bbox 1694 1938 1821 1994; x_wconf 79' lang='lat' dir='ltr'><strong>prenun-</strong></span> 
     </span>
     <span class='ocr_line' id='line_1_20' title="bbox 176 2000 1822 2086; baseline -0.003 -13"><span class='ocrx_word' id='word_1_252' title='bbox 176 2017 232 2073; x_wconf 86' lang='lat' dir='ltr'><strong>alia</strong></span> <span class='ocrx_word' id='word_1_253' title='bbox 245 2016 387 2072; x_wconf 80' lang='lat' dir='ltr'><strong>translatio</strong></span> <span class='ocrx_word' id='word_1_254' title='bbox 400 2016 440 2071; x_wconf 92' lang='lat' dir='ltr'><strong>sie</strong></span> <span class='ocrx_word' id='word_1_255' title='bbox 453 2015 520 2070; x_wconf 88' lang='lat' dir='ltr'><strong>dicit</strong></span> <span class='ocrx_word' id='word_1_256' title='bbox 533 2033 541 2068; x_wconf 74' lang='grc' dir='ltr'><strong><em>ε</em></strong></span> <span class='ocrx_word' id='word_1_257' title='bbox 563 2013 713 2068; x_wconf 82' lang='lat' dir='ltr'><strong>ffeledietoe</strong></span> <span class='ocrx_word' id='word_1_258' title='bbox 725 2013 858 2085; x_wconf 68' lang='lat' dir='ltr'><strong>muheres</strong></span> <span class='ocrx_word' id='word_1_259' title='bbox 872 2021 936 2078; x_wconf 76' lang='lat' dir='ltr'><strong>tusa,</strong></span> <span class='ocrx_word' id='word_1_260' title='bbox 948 2021 974 2067; x_wconf 87' lang='lat' dir='ltr'><strong>et</strong></span> <span class='ocrx_word' id='word_1_261' title='bbox 1025 2016 1112 2071; x_wconf 85' lang='lat' dir='ltr'><strong>tiata:</strong></span> <span class='ocrx_word' id='word_1_262' title='bbox 1132 2014 1291 2070; x_wconf 69' lang='lat' dir='ltr'><strong>Hefedietus</strong></span> <span class='ocrx_word' id='word_1_263' title='bbox 1306 2016 1391 2070; x_wconf 82' lang='lat' dir='ltr'><strong>emsis</strong></span> <span class='ocrx_word' id='word_1_264' title='bbox 1402 2000 1516 2086; x_wconf 78' lang='lat' dir='ltr'><strong>quinon</strong></span> <span class='ocrx_word' id='word_1_265' title='bbox 1529 2015 1702 2085; x_wconf 80' lang='lat' dir='ltr'><strong>permanserit</strong></span> <span class='ocrx_word' id='word_1_266' title='bbox 1717 2015 1746 2069; x_wconf 81' lang='lat' dir='ltr'><strong>irs</strong></span> <span class='ocrx_word' id='word_1_267' title='bbox 1764 2030 1822 2069; x_wconf 87' lang='lat' dir='ltr'><strong>eer-</strong></span> 
     </span>
     <span class='ocr_line' id='line_1_21' title="bbox 176 2103 1821 2180; baseline -0.002 -15"><span class='ocrx_word' id='word_1_268' title='bbox 176 2126 268 2165; x_wconf 83' lang='lat' dir='ltr'><strong>emses</strong></span> <span class='ocrx_word' id='word_1_269' title='bbox 287 2108 405 2180; x_wconf 78' lang='lat' dir='ltr'><strong>reliquie</strong></span> <span class='ocrx_word' id='word_1_270' title='bbox 424 2117 494 2175; x_wconf 83' lang='lat' dir='ltr'><strong>tue,</strong></span> <span class='ocrx_word' id='word_1_271' title='bbox 517 2106 672 2161; x_wconf 82' lang='lat' dir='ltr'><strong>maledictus</strong></span> <span class='ocrx_word' id='word_1_272' title='bbox 693 2105 796 2175; x_wconf 77' lang='lat' dir='ltr'><strong>fruetus</strong></span> <span class='ocrx_word' id='word_1_273' title='bbox 811 2104 909 2159; x_wconf 81' lang='lat' dir='ltr'><strong>centris</strong></span> <span class='ocrx_word' id='word_1_274' title='bbox 922 2103 973 2169; x_wconf 85' lang='lat' dir='ltr'><strong>tsi,</strong></span> <span class='ocrx_word' id='word_1_275' title='bbox 1025 2105 1065 2162; x_wconf 82' lang='lat' dir='ltr'><strong>bis</strong></span> <span class='ocrx_word' id='word_1_276' title='bbox 1082 2105 1147 2177; x_wconf 79' lang='lat' dir='ltr'><strong>legis</strong></span> <span class='ocrx_word' id='word_1_277' title='bbox 1162 2104 1255 2176; x_wconf 71' lang='lat' dir='ltr'><strong>hujus,</strong></span> <span class='ocrx_word' id='word_1_278' title='bbox 1276 2113 1308 2161; x_wconf 88' lang='lat' dir='ltr'><strong>ut</strong></span> <span class='ocrx_word' id='word_1_279' title='bbox 1321 2103 1405 2160; x_wconf 87' lang='lat' dir='ltr'><strong>faciat</strong></span> <span class='ocrx_word' id='word_1_280' title='bbox 1416 2121 1465 2171; x_wconf 91' lang='lat' dir='ltr'><strong>ca,</strong></span> <span class='ocrx_word' id='word_1_281' title='bbox 1489 2105 1586 2160; x_wconf 92' lang='lat' dir='ltr'><strong>nolens</strong></span> <span class='ocrx_word' id='word_1_282' title='bbox 1599 2106 1693 2161; x_wconf 90' lang='lat' dir='ltr'><strong>audire</strong></span> <span class='ocrx_word' id='word_1_283' title='bbox 1706 2106 1777 2174; x_wconf 89' lang='lat' dir='ltr'><strong>qnod</strong></span> <span class='ocrx_word' id='word_1_284' title='bbox 1792 2104 1821 2161; x_wconf 92' lang='lat' dir='ltr'><strong>ie</strong></span> 
     </span>
     <span class='ocr_line' id='line_1_22' title="bbox 176 2193 1821 2271; baseline -0.003 -16"><span class='ocrx_word' id='word_1_285' title='bbox 176 2201 317 2271; x_wconf 74' lang='lat' dir='ltr'><strong>etfrsetes</strong></span> <span class='ocrx_word' id='word_1_286' title='bbox 332 2197 659 2254; x_wconf 63' lang='lat' dir='ltr'><strong>immaculatorum</strong></span> <span class='ocrx_word' id='word_1_287' title='bbox 673 2198 725 2252; x_wconf 84' lang='lat' dir='ltr'><strong>erit</strong></span> <span class='ocrx_word' id='word_1_288' title='bbox 740 2195 903 2268; x_wconf 75' lang='lat' dir='ltr'><strong>ingrediens,</strong></span> <span class='ocrx_word' id='word_1_289' title='bbox 926 2209 976 2250; x_wconf 83' lang='lat' dir='ltr'><strong>ue·</strong></span> <span class='ocrx_word' id='word_1_290' title='bbox 1025 2212 1058 2252; x_wconf 84' lang='lat' dir='ltr'><strong>ea</strong></span> <span class='ocrx_word' id='word_1_291' title='bbox 1082 2197 1216 2267; x_wconf 87' lang='lat' dir='ltr'><strong>scriptum</strong></span> <span class='ocrx_word' id='word_1_292' title='bbox 1239 2204 1299 2252; x_wconf 84' lang='lat' dir='ltr'><strong>cst:</strong></span> <span class='ocrx_word' id='word_1_293' title='bbox 1316 2195 1399 2251; x_wconf 73' lang='lat' dir='ltr'><strong>lucta</strong></span> <span class='ocrx_word' id='word_1_294' title='bbox 1420 2205 1446 2250; x_wconf 92' lang='lat' dir='ltr'><strong>te</strong></span> <span class='ocrx_word' id='word_1_295' title='bbox 1466 2205 1504 2249; x_wconf 86' lang='lat' dir='ltr'><strong>est</strong></span> <span class='ocrx_word' id='word_1_296' title='bbox 1520 2195 1626 2250; x_wconf 76' lang='lat' dir='ltr'><strong>uerbum</strong></span> <span class='ocrx_word' id='word_1_297' title='bbox 1647 2193 1762 2249; x_wconf 85' lang='lat' dir='ltr'><strong>eeldeirr</strong></span> <span class='ocrx_word' id='word_1_298' title='bbox 1775 2210 1821 2250; x_wconf 89' lang='lat' dir='ltr'><strong>ers</strong></span> 
     </span>
     <span class='ocr_line' id='line_1_23' title="bbox 176 2277 1821 2358; baseline -0.005 -11"><span class='ocrx_word' id='word_1_299' title='bbox 176 2290 280 2347; x_wconf 86' lang='lat' dir='ltr'><strong>secede</strong></span> <span class='ocrx_word' id='word_1_300' title='bbox 293 2291 320 2344; x_wconf 93' lang='lat' dir='ltr'><strong>in</strong></span> <span class='ocrx_word' id='word_1_301' title='bbox 334 2290 405 2345; x_wconf 85' lang='lat' dir='ltr'><strong>hane</strong></span> <span class='ocrx_word' id='word_1_302' title='bbox 422 2290 521 2354; x_wconf 89' lang='lat' dir='ltr'><strong>vitam;</strong></span> <span class='ocrx_word' id='word_1_303' title='bbox 536 2298 559 2342; x_wconf 88' lang='lat' dir='ltr'><strong>er</strong></span> <span class='ocrx_word' id='word_1_304' title='bbox 569 2287 725 2342; x_wconf 78' lang='lat' dir='ltr'><strong>maledictus</strong></span> <span class='ocrx_word' id='word_1_305' title='bbox 737 2286 872 2358; x_wconf 81' lang='lat' dir='ltr'><strong>egrediens</strong></span> <span class='ocrx_word' id='word_1_306' title='bbox 883 2285 972 2357; x_wconf 74' lang='lat' dir='ltr'><strong>(beru.</strong></span> <span class='ocrx_word' id='word_1_307' title='bbox 1025 2299 1082 2355; x_wconf 88' lang='lat' dir='ltr'><strong>tue,</strong></span> <span class='ocrx_word' id='word_1_308' title='bbox 1098 2296 1122 2342; x_wconf 83' lang='lat' dir='ltr'><strong>et</strong></span> <span class='ocrx_word' id='word_1_309' title='bbox 1135 2286 1252 2342; x_wconf 75' lang='lat' dir='ltr'><strong>incende</strong></span> <span class='ocrx_word' id='word_1_310' title='bbox 1264 2296 1322 2352; x_wconf 87' lang='lat' dir='ltr'><strong>tue,</strong></span> <span class='ocrx_word' id='word_1_311' title='bbox 1340 2295 1369 2341; x_wconf 85' lang='lat' dir='ltr'><strong>ut</strong></span> <span class='ocrx_word' id='word_1_312' title='bbox 1388 2286 1473 2356; x_wconf 78' lang='lat' dir='ltr'><strong>facies</strong></span> <span class='ocrx_word' id='word_1_313' title='bbox 1488 2284 1566 2340; x_wconf 76' lang='lat' dir='ltr'><strong>ittet.</strong></span> <span class='ocrx_word' id='word_1_314' title='bbox 1583 2283 1660 2352; x_wconf 83' lang='lat' dir='ltr'><strong>Quod</strong></span> <span class='ocrx_word' id='word_1_315' title='bbox 1674 2277 1821 2356; x_wconf 76' lang='lat' dir='ltr'><strong>Apostolus</strong></span> 
     </span>
     <span class='ocr_line' id='line_1_24' title="bbox 180 2375 1819 2451; baseline -0.01 -6"><span class='ocrx_word' id='word_1_316' title='bbox 180 2396 281 2445; x_wconf 68' lang='lat' dir='ltr'><strong>mul»</strong></span> <span class='ocrx_word' id='word_1_317' title='bbox 294 2380 339 2445; x_wconf 72' lang='grc' dir='ltr'><strong>Π,</strong></span> <span class='ocrx_word' id='word_1_318' title='bbox 356 2381 400 2444; x_wconf 64' lang='lat'><strong>¹8,</strong></span> <span class='ocrx_word' id='word_1_319' title='bbox 415 2380 473 2451; x_wconf 70' lang='lat'><strong>¹9).</strong></span> <span class='ocrx_word' id='word_1_320' title='bbox 485 2377 626 2435; x_wconf 67' lang='grc' dir='ltr'><strong>ῐῦθῐῑθῑῑᾱθ</strong></span> <span class='ocrx_word' id='word_1_321' title='bbox 643 2378 781 2442; x_wconf 87' lang='lat' dir='ltr'><strong>videlieet,</strong></span> <span class='ocrx_word' id='word_1_322' title='bbox 797 2377 830 2432; x_wconf 88' lang='lat' dir='ltr'><strong>de</strong></span> <span class='ocrx_word' id='word_1_323' title='bbox 844 2377 895 2431; x_wconf 86' lang='lat' dir='ltr'><strong>bac</strong></span> <span class='ocrx_word' id='word_1_324' title='bbox 908 2384 973 2429; x_wconf 83' lang='lat' dir='ltr'><strong>vrta.</strong></span> <span class='ocrx_word' id='word_1_325' title='bbox 1026 2379 1068 2435; x_wconf 89' lang='lat' dir='ltr'><strong>sic</strong></span> <span class='ocrx_word' id='word_1_326' title='bbox 1081 2378 1212 2451; x_wconf 84' lang='lat' dir='ltr'><strong>exponit:</strong></span> <span class='ocrx_word' id='word_1_327' title='bbox 1230 2375 1340 2432; x_wconf 87' lang='lat' dir='ltr'><strong>flecest</strong></span> <span class='ocrx_word' id='word_1_328' title='bbox 1353 2376 1460 2432; x_wconf 81' lang='lat' dir='ltr'><strong>uerbum</strong></span> <span class='ocrx_word' id='word_1_329' title='bbox 1474 2375 1537 2447; x_wconf 66' lang='lat' dir='ltr'><strong>fidei</strong></span> <span class='ocrx_word' id='word_1_330' title='bbox 1553 2375 1623 2448; x_wconf 85' lang='lat' dir='ltr'><strong>qued</strong></span> <span class='ocrx_word' id='word_1_331' title='bbox 1634 2375 1819 2445; x_wconf 82' lang='lat' dir='ltr'><strong>predicemus.</strong></span> 
     </span>
     <span class='ocr_line' id='line_1_25' title="bbox 179 2465 1821 2543; baseline -0.005 -14"><span class='ocrx_word' id='word_1_332' title='bbox 179 2472 215 2529; x_wconf 84' lang='lat' dir='ltr'><strong>m</strong></span> <span class='ocrx_word' id='word_1_333' title='bbox 227 2480 290 2543; x_wconf 91' lang='lat' dir='ltr'><strong>post</strong></span> <span class='ocrx_word' id='word_1_334' title='bbox 303 2473 389 2528; x_wconf 87' lang='lat' dir='ltr'><strong>multa</strong></span> <span class='ocrx_word' id='word_1_335' title='bbox 405 2489 413 2526; x_wconf 78' lang='lat' dir='ltr'><strong>r</strong></span> <span class='ocrx_word' id='word_1_336' title='bbox 427 2471 555 2537; x_wconf 71' lang='lat' dir='ltr'><strong>Aduena,</strong></span> <span class='ocrx_word' id='word_1_337' title='bbox 571 2471 678 2540; x_wconf 90' lang='lat' dir='ltr'><strong>inquit,</strong></span> <span class='ocrx_word' id='word_1_338' title='bbox 692 2471 844 2542; x_wconf 76' lang='lat' dir='ltr'><strong>quiverunt</strong></span> <span class='ocrx_word' id='word_1_339' title='bbox 857 2477 976 2523; x_wconf 82' lang='lat' dir='ltr'><strong>uersatur</strong></span> <span class='ocrx_word' id='word_1_340' title='bbox 1027 2469 1161 2539; x_wconf 82' lang='lat' dir='ltr'><strong>Quoniam</strong></span> <span class='ocrx_word' id='word_1_341' title='bbox 1170 2471 1195 2524; x_wconf 85' lang='lat' dir='ltr'><strong>sr&#39;</strong></span> <span class='ocrx_word' id='word_1_342' title='bbox 1211 2468 1346 2539; x_wconf 78' lang='lat' dir='ltr'><strong>coufessus</strong></span> <span class='ocrx_word' id='word_1_343' title='bbox 1359 2467 1442 2538; x_wconf 77' lang='lat' dir='ltr'><strong>fueris</strong></span> <span class='ocrx_word' id='word_1_344' title='bbox 1456 2469 1485 2524; x_wconf 84' lang='lat' dir='ltr'><strong>in</strong></span> <span class='ocrx_word' id='word_1_345' title='bbox 1496 2483 1542 2522; x_wconf 87' lang='lat' dir='ltr'><strong>ere</strong></span> <span class='ocrx_word' id='word_1_346' title='bbox 1555 2476 1600 2522; x_wconf 90' lang='lat' dir='ltr'><strong>tue</strong></span> <span class='ocrx_word' id='word_1_347' title='bbox 1612 2466 1755 2521; x_wconf 68' lang='lat' dir='ltr'><strong>florenum</strong></span> <span class='ocrx_word' id='word_1_348' title='bbox 1773 2465 1821 2520; x_wconf 77' lang='lat' dir='ltr'><strong>fe·</strong></span> 
     </span>
     <span class='ocr_line' id='line_1_26' title="bbox 175 2557 1821 2632; baseline -0.003 -15"><span class='ocrx_word' id='word_1_349' title='bbox 175 2563 208 2617; x_wconf 85' lang='lat' dir='ltr'><strong>iu</strong></span> <span class='ocrx_word' id='word_1_350' title='bbox 221 2572 304 2627; x_wconf 86' lang='lat' dir='ltr'><strong>terre,</strong></span> <span class='ocrx_word' id='word_1_351' title='bbox 318 2563 345 2619; x_wconf 91' lang='lat' dir='ltr'><strong>id</strong></span> <span class='ocrx_word' id='word_1_352' title='bbox 359 2571 412 2628; x_wconf 85' lang='lat' dir='ltr'><strong>est,</strong></span> <span class='ocrx_word' id='word_1_353' title='bbox 427 2561 542 2632; x_wconf 87' lang='lat' dir='ltr'><strong>populus</strong></span> <span class='ocrx_word' id='word_1_354' title='bbox 554 2562 692 2632; x_wconf 90' lang='lat' dir='ltr'><strong>gentium,</strong></span> <span class='ocrx_word' id='word_1_355' title='bbox 715 2559 837 2614; x_wconf 71' lang='lat' dir='ltr'><strong>emendet</strong></span> <span class='ocrx_word' id='word_1_356' title='bbox 854 2575 934 2628; x_wconf 67' lang='lat' dir='ltr'><strong>sueres</strong></span> <span class='ocrx_word' id='word_1_357' title='bbox 950 2567 976 2612; x_wconf 91' lang='lat' dir='ltr'><strong>te</strong></span> <span class='ocrx_word' id='word_1_358' title='bbox 1026 2579 1096 2626; x_wconf 86' lang='lat' dir='ltr'><strong>sum,</strong></span> <span class='ocrx_word' id='word_1_359' title='bbox 1107 2570 1132 2616; x_wconf 86' lang='lat' dir='ltr'><strong>et</strong></span> <span class='ocrx_word' id='word_1_360' title='bbox 1142 2560 1285 2616; x_wconf 79' lang='lat' dir='ltr'><strong>credideris</strong></span> <span class='ocrx_word' id='word_1_361' title='bbox 1296 2561 1325 2614; x_wconf 83' lang='lat' dir='ltr'><strong>ist</strong></span> <span class='ocrx_word' id='word_1_362' title='bbox 1336 2559 1415 2615; x_wconf 85' lang='lat' dir='ltr'><strong>eorde</strong></span> <span class='ocrx_word' id='word_1_363' title='bbox 1431 2568 1477 2614; x_wconf 89' lang='lat' dir='ltr'><strong>tue</strong></span> <span class='ocrx_word' id='word_1_364' title='bbox 1491 2558 1561 2631; x_wconf 85' lang='lat' dir='ltr'><strong>quod</strong></span> <span class='ocrx_word' id='word_1_365' title='bbox 1578 2558 1650 2613; x_wconf 83' lang='lat' dir='ltr'><strong>Deus</strong></span> <span class='ocrx_word' id='word_1_366' title='bbox 1664 2574 1724 2613; x_wconf 87' lang='lat' dir='ltr'><strong>eum</strong></span> <span class='ocrx_word' id='word_1_367' title='bbox 1737 2557 1821 2612; x_wconf 84' lang='lat' dir='ltr'><strong>susei-</strong></span> 
     </span>
     <span class='ocr_line' id='line_1_27' title="bbox 178 2646 1900 2725; baseline -0.003 -17"><span class='ocrx_word' id='word_1_368' title='bbox 178 2654 280 2725; x_wconf 82' lang='lat' dir='ltr'><strong>eritque</strong></span> <span class='ocrx_word' id='word_1_369' title='bbox 289 2652 438 2718; x_wconf 81' lang='lat' dir='ltr'><strong>subfiruier,</strong></span> <span class='ocrx_word' id='word_1_370' title='bbox 456 2652 568 2707; x_wconf 88' lang='lat' dir='ltr'><strong>effeetus</strong></span> <span class='ocrx_word' id='word_1_371' title='bbox 582 2650 708 2706; x_wconf 91' lang='lat' dir='ltr'><strong>videlicet</strong></span> <span class='ocrx_word' id='word_1_372' title='bbox 722 2648 794 2705; x_wconf 90' lang='lat' dir='ltr'><strong>filius</strong></span> <span class='ocrx_word' id='word_1_373' title='bbox 806 2648 977 2720; x_wconf 87' lang='lat' dir='ltr'><strong>patriercha-</strong></span> <span class='ocrx_word' id='word_1_374' title='bbox 1026 2650 1252 2716; x_wconf 72' lang='lat' dir='ltr'><strong>tauromenum,</strong></span> <span class='ocrx_word' id='word_1_375' title='bbox 1275 2648 1364 2705; x_wconf 82' lang='lat' dir='ltr'><strong>selues</strong></span> <span class='ocrx_word' id='word_1_376' title='bbox 1388 2651 1449 2705; x_wconf 79' lang='lat' dir='ltr'><strong>eris.</strong></span> <span class='ocrx_word' id='word_1_377' title='bbox 1478 2646 1564 2704; x_wconf 81' lang='lat' dir='ltr'><strong>Corde</strong></span> <span class='ocrx_word' id='word_1_378' title='bbox 1576 2649 1645 2704; x_wconf 86' lang='lat' dir='ltr'><strong>enim</strong></span> <span class='ocrx_word' id='word_1_379' title='bbox 1656 2648 1820 2704; x_wconf 81' lang='lat' dir='ltr'><strong>ereditersd</strong></span> <span class='ocrx_word' id='word_1_380' title='bbox 1896 2682 1900 2687; x_wconf 92' lang='lat'><em>-</em></span> 
     </span>
     <span class='ocr_line' id='line_1_28' title="bbox 178 2737 1693 2812; baseline -0.002 -14"><span class='ocrx_word' id='word_1_381' title='bbox 178 2757 251 2808; x_wconf 87' lang='lat' dir='ltr'><strong>rem,</strong></span> <span class='ocrx_word' id='word_1_382' title='bbox 275 2752 303 2798; x_wconf 91' lang='lat' dir='ltr'><strong>et</strong></span> <span class='ocrx_word' id='word_1_383' title='bbox 314 2743 405 2797; x_wconf 85' lang='lat' dir='ltr'><strong>secim</strong></span> <span class='ocrx_word' id='word_1_384' title='bbox 419 2742 520 2797; x_wconf 88' lang='lat' dir='ltr'><strong>radicis</strong></span> <span class='ocrx_word' id='word_1_385' title='bbox 540 2740 618 2796; x_wconf 86' lang='lat' dir='ltr'><strong>olivae</strong></span> <span class='ocrx_word' id='word_1_386' title='bbox 640 2748 669 2795; x_wconf 89' lang='lat' dir='ltr'><strong>et</strong></span> <span class='ocrx_word' id='word_1_387' title='bbox 689 2739 861 2812; x_wconf 74' lang='lat' dir='ltr'><strong>pinguedinis</strong></span> <span class='ocrx_word' id='word_1_388' title='bbox 877 2737 974 2794; x_wconf 86' lang='lat' dir='ltr'><strong>fectus.</strong></span> <span class='ocrx_word' id='word_1_389' title='bbox 1027 2741 1169 2810; x_wconf 75' lang='lat' dir='ltr'><strong>justitium,</strong></span> <span class='ocrx_word' id='word_1_390' title='bbox 1181 2749 1324 2795; x_wconf 84' lang='lat' dir='ltr'><strong>ereeutem</strong></span> <span class='ocrx_word' id='word_1_391' title='bbox 1336 2741 1466 2811; x_wconf 77' lang='lat' dir='ltr'><strong>confessio</strong></span> <span class='ocrx_word' id='word_1_392' title='bbox 1478 2740 1509 2810; x_wconf 76' lang='lat' dir='ltr'><strong>fit</strong></span> <span class='ocrx_word' id='word_1_393' title='bbox 1521 2740 1556 2795; x_wconf 85' lang='lat' dir='ltr'><strong>ed</strong></span> <span class='ocrx_word' id='word_1_394' title='bbox 1571 2739 1693 2797; x_wconf 83' lang='lat' dir='ltr'><strong>salutem.</strong></span> 
     </span>
    </p>

    <p class='ocr_par' dir='ltr' id='par_1_4' title="bbox 178 2829 1828 3909">
     <span class='ocr_line' id='line_1_29' title="bbox 181 2829 1820 2902; baseline -0.002 -16"><span class='ocrx_word' id='word_1_395' title='bbox 181 2832 223 2886; x_wconf 83' lang='lat' dir='ltr'><strong>Tu</strong></span> <span class='ocrx_word' id='word_1_396' title='bbox 246 2844 334 2887; x_wconf 85' lang='lat' dir='ltr'><strong>eutem</strong></span> <span class='ocrx_word' id='word_1_397' title='bbox 354 2833 505 2897; x_wconf 75' lang='lat' dir='ltr'><strong>demendas,</strong></span> <span class='ocrx_word' id='word_1_398' title='bbox 528 2840 552 2885; x_wconf 95' lang='lat' dir='ltr'><strong>et</strong></span> <span class='ocrx_word' id='word_1_399' title='bbox 576 2831 629 2885; x_wconf 85' lang='lat' dir='ltr'><strong>eris</strong></span> <span class='ocrx_word' id='word_1_400' title='bbox 652 2829 773 2899; x_wconf 75' lang='lat' dir='ltr'><strong>inferior,</strong></span> <span class='ocrx_word' id='word_1_401' title='bbox 800 2829 923 2887; x_wconf 86' lang='lat' dir='ltr'><strong>abscisus</strong></span> <span class='ocrx_word' id='word_1_402' title='bbox 942 2829 978 2884; x_wconf 87' lang='lat' dir='ltr'><strong>ab</strong></span> <span class='ocrx_word' id='word_1_403' title='bbox 1064 2831 1174 2886; x_wconf 79' lang='lat' dir='ltr'><strong>lillllll.</strong></span> <span class='ocrx_word' id='word_1_404' title='bbox 1193 2830 1318 2886; x_wconf 89' lang='lat' dir='ltr'><strong>Breviter</strong></span> <span class='ocrx_word' id='word_1_405' title='bbox 1329 2846 1394 2902; x_wconf 90' lang='lat' dir='ltr'><strong>erge</strong></span> <span class='ocrx_word' id='word_1_406' title='bbox 1406 2832 1458 2887; x_wconf 89' lang='lat' dir='ltr'><strong>ista</strong></span> <span class='ocrx_word' id='word_1_407' title='bbox 1473 2846 1490 2886; x_wconf 91' lang='lat' dir='ltr'><strong>a</strong></span> <span class='ocrx_word' id='word_1_408' title='bbox 1505 2831 1585 2887; x_wconf 90' lang='lat' dir='ltr'><strong>nobis</strong></span> <span class='ocrx_word' id='word_1_409' title='bbox 1597 2830 1743 2901; x_wconf 81' lang='lat' dir='ltr'><strong>perstricta</strong></span> <span class='ocrx_word' id='word_1_410' title='bbox 1755 2830 1820 2886; x_wconf 89' lang='lat' dir='ltr'><strong>sint.</strong></span> 
     </span>
     <span class='ocr_line' id='line_1_30' title="bbox 179 2919 1824 2994; baseline -0.001 -14"><span class='ocrx_word' id='word_1_411' title='bbox 179 2923 249 2991; x_wconf 85' lang='lat' dir='ltr'><strong>olea,</strong></span> <span class='ocrx_word' id='word_1_412' title='bbox 262 2932 290 2979; x_wconf 92' lang='lat' dir='ltr'><strong>et</strong></span> <span class='ocrx_word' id='word_1_413' title='bbox 303 2925 391 2980; x_wconf 91' lang='lat' dir='ltr'><strong>sicces</strong></span> <span class='ocrx_word' id='word_1_414' title='bbox 403 2925 430 2978; x_wconf 92' lang='lat' dir='ltr'><strong>in</strong></span> <span class='ocrx_word' id='word_1_415' title='bbox 445 2933 516 2979; x_wconf 89' lang='lat' dir='ltr'><strong>terra</strong></span> <span class='ocrx_word' id='word_1_416' title='bbox 528 2922 641 2991; x_wconf 86' lang='lat' dir='ltr'><strong>jacens,</strong></span> <span class='ocrx_word' id='word_1_417' title='bbox 661 2921 718 2990; x_wconf 89' lang='lat' dir='ltr'><strong>igni</strong></span> <span class='ocrx_word' id='word_1_418' title='bbox 732 2920 894 2976; x_wconf 78' lang='lat' dir='ltr'><strong>destinatus,</strong></span> <span class='ocrx_word' id='word_1_419' title='bbox 916 2919 977 2990; x_wconf 84' lang='lat' dir='ltr'><strong>lpse</strong></span> <span class='ocrx_word' id='word_1_420' title='bbox 1028 2921 1098 2978; x_wconf 85' lang='lat' dir='ltr'><strong>Nam</strong></span> <span class='ocrx_word' id='word_1_421' title='bbox 1119 2930 1147 2977; x_wconf 93' lang='lat' dir='ltr'><strong>et</strong></span> <span class='ocrx_word' id='word_1_422' title='bbox 1160 2922 1311 2978; x_wconf 89' lang='lat' dir='ltr'><strong>cedendum</strong></span> <span class='ocrx_word' id='word_1_423' title='bbox 1327 2930 1371 2978; x_wconf 90' lang='lat' dir='ltr'><strong>est</strong></span> <span class='ocrx_word' id='word_1_424' title='bbox 1383 2923 1553 2994; x_wconf 79' lang='lat' dir='ltr'><strong>majeribus,</strong></span> <span class='ocrx_word' id='word_1_425' title='bbox 1570 2922 1775 2989; x_wconf 89' lang='lat' dir='ltr'><strong>subtilioribus,</strong></span> <span class='ocrx_word' id='word_1_426' title='bbox 1791 2937 1824 2978; x_wconf 89' lang='lat' dir='ltr'><strong>ac</strong></span> 
     </span>
     <span class='ocr_line' id='line_1_31' title="bbox 178 3011 1825 3087; baseline 0.001 -17"><span class='ocrx_word' id='word_1_427' title='bbox 178 3017 229 3070; x_wconf 85' lang='lat' dir='ltr'><strong>erit</strong></span> <span class='ocrx_word' id='word_1_428' title='bbox 240 3017 269 3071; x_wconf 82' lang='lat' dir='ltr'><strong>ire</strong></span> <span class='ocrx_word' id='word_1_429' title='bbox 280 3024 371 3087; x_wconf 85' lang='lat' dir='ltr'><strong>ceput,</strong></span> <span class='ocrx_word' id='word_1_430' title='bbox 385 3024 410 3069; x_wconf 85' lang='lat' dir='ltr'><strong>et</strong></span> <span class='ocrx_word' id='word_1_431' title='bbox 424 3025 452 3068; x_wconf 88' lang='lat' dir='ltr'><strong>tu</strong></span> <span class='ocrx_word' id='word_1_432' title='bbox 469 3015 522 3069; x_wconf 86' lang='lat' dir='ltr'><strong>eris</strong></span> <span class='ocrx_word' id='word_1_433' title='bbox 541 3013 568 3068; x_wconf 83' lang='lat' dir='ltr'><strong>iu</strong></span> <span class='ocrx_word' id='word_1_434' title='bbox 581 3012 705 3067; x_wconf 83' lang='lat' dir='ltr'><strong>caudore.</strong></span> <span class='ocrx_word' id='word_1_435' title='bbox 732 3012 766 3066; x_wconf 87' lang='lat' dir='ltr'><strong>Et</strong></span> <span class='ocrx_word' id='word_1_436' title='bbox 783 3017 854 3066; x_wconf 85' lang='lat' dir='ltr'><strong>nunc</strong></span> <span class='ocrx_word' id='word_1_437' title='bbox 867 3011 979 3067; x_wconf 87' lang='lat' dir='ltr'><strong>veniunt</strong></span> <span class='ocrx_word' id='word_1_438' title='bbox 1029 3014 1251 3082; x_wconf 75' lang='lat' dir='ltr'><strong>facundioribus,</strong></span> <span class='ocrx_word' id='word_1_439' title='bbox 1274 3015 1374 3087; x_wconf 91' lang='lat' dir='ltr'><strong>quibus</strong></span> <span class='ocrx_word' id='word_1_440' title='bbox 1388 3016 1517 3087; x_wconf 82' lang='lat' dir='ltr'><strong>perfacile</strong></span> <span class='ocrx_word' id='word_1_441' title='bbox 1529 3025 1572 3072; x_wconf 91' lang='lat' dir='ltr'><strong>est</strong></span> <span class='ocrx_word' id='word_1_442' title='bbox 1584 3016 1679 3072; x_wconf 87' lang='lat' dir='ltr'><strong>altiora</strong></span> <span class='ocrx_word' id='word_1_443' title='bbox 1697 3026 1725 3072; x_wconf 93' lang='lat' dir='ltr'><strong>et</strong></span> <span class='ocrx_word' id='word_1_444' title='bbox 1735 3017 1825 3072; x_wconf 88' lang='lat' dir='ltr'><strong>occel-</strong></span> 
     </span>
     <span class='ocr_line' id='line_1_32' title="bbox 180 3085 1825 3179; baseline -0.002 -18"><span class='ocrx_word' id='word_1_445' title='bbox 180 3107 291 3177; x_wconf 76' lang='lat' dir='ltr'><strong>quitfam</strong></span> <span class='ocrx_word' id='word_1_446' title='bbox 311 3122 362 3176; x_wconf 80' lang='lat' dir='ltr'><strong>pet·</strong></span> <span class='ocrx_word' id='word_1_447' title='bbox 383 3121 412 3161; x_wconf 85' lang='lat' dir='ltr'><strong>se</strong></span> <span class='ocrx_word' id='word_1_448' title='bbox 432 3120 480 3161; x_wconf 86' lang='lat' dir='ltr'><strong>eos</strong></span> <span class='ocrx_word' id='word_1_449' title='bbox 501 3113 633 3160; x_wconf 75' lang='lat' dir='ltr'><strong>collatrice</strong></span> <span class='ocrx_word' id='word_1_450' title='bbox 656 3104 747 3159; x_wconf 82' lang='lat' dir='ltr'><strong>levare</strong></span> <span class='ocrx_word' id='word_1_451' title='bbox 769 3103 797 3158; x_wconf 87' lang='lat' dir='ltr'><strong>in</strong></span> <span class='ocrx_word' id='word_1_452' title='bbox 814 3113 895 3173; x_wconf 77' lang='lat' dir='ltr'><strong>eaput</strong></span> <span class='ocrx_word' id='word_1_453' title='bbox 907 3101 978 3156; x_wconf 80' lang='lat' dir='ltr'><strong>unde</strong></span> <span class='ocrx_word' id='word_1_454' title='bbox 991 3085 1014 3149; x_wconf 77' lang='lat' dir='ltr'>C</span> <span class='ocrx_word' id='word_1_455' title='bbox 1029 3109 1100 3164; x_wconf 74' lang='lat' dir='ltr'><strong>tiore</strong></span> <span class='ocrx_word' id='word_1_456' title='bbox 1120 3106 1202 3177; x_wconf 83' lang='lat' dir='ltr'><strong>hujus</strong></span> <span class='ocrx_word' id='word_1_457' title='bbox 1225 3107 1264 3162; x_wconf 84' lang='lat' dir='ltr'><strong>rei</strong></span> <span class='ocrx_word' id='word_1_458' title='bbox 1286 3107 1407 3178; x_wconf 78' lang='lat' dir='ltr'><strong>pendere</strong></span> <span class='ocrx_word' id='word_1_459' title='bbox 1427 3125 1434 3161; x_wconf 91' lang='lat'>:</span> <span class='ocrx_word' id='word_1_460' title='bbox 1460 3109 1533 3178; x_wconf 87' lang='lat' dir='ltr'><strong>quod</strong></span> <span class='ocrx_word' id='word_1_461' title='bbox 1552 3109 1610 3179; x_wconf 79' lang='lat' dir='ltr'><strong>jam</strong></span> <span class='ocrx_word' id='word_1_462' title='bbox 1633 3108 1746 3179; x_wconf 80' lang='lat' dir='ltr'><strong>jamque</strong></span> <span class='ocrx_word' id='word_1_463' title='bbox 1765 3107 1825 3163; x_wconf 82' lang='lat' dir='ltr'><strong>fieri</strong></span> 
     </span>
     <span class='ocr_line' id='line_1_33' title="bbox 183 3194 1825 3271; baseline 0.001 -18"><span class='ocrx_word' id='word_1_464' title='bbox 183 3197 360 3263; x_wconf 80' lang='lat' dir='ltr'><strong>ceeidmunt,</strong></span> <span class='ocrx_word' id='word_1_465' title='bbox 386 3197 465 3266; x_wconf 89' lang='lat' dir='ltr'><strong>quasi</strong></span> <span class='ocrx_word' id='word_1_466' title='bbox 488 3211 542 3252; x_wconf 92' lang='lat' dir='ltr'><strong>uon</strong></span> <span class='ocrx_word' id='word_1_467' title='bbox 569 3195 687 3252; x_wconf 89' lang='lat' dir='ltr'><strong>debeant</strong></span> <span class='ocrx_word' id='word_1_468' title='bbox 709 3209 770 3250; x_wconf 90' lang='lat' dir='ltr'><strong>esse</strong></span> <span class='ocrx_word' id='word_1_469' title='bbox 789 3194 815 3249; x_wconf 90' lang='lat' dir='ltr'><strong>in</strong></span> <span class='ocrx_word' id='word_1_470' title='bbox 837 3194 977 3249; x_wconf 85' lang='lat' dir='ltr'><strong>caudam:</strong></span> <span class='ocrx_word' id='word_1_471' title='bbox 1029 3205 1148 3271; x_wconf 86' lang='lat' dir='ltr'><strong>oportet,</strong></span> <span class='ocrx_word' id='word_1_472' title='bbox 1163 3198 1329 3270; x_wconf 72' lang='lat' dir='ltr'><strong>frigescente</strong></span> <span class='ocrx_word' id='word_1_473' title='bbox 1344 3199 1492 3255; x_wconf 86' lang='lat' dir='ltr'><strong>multorum</strong></span> <span class='ocrx_word' id='word_1_474' title='bbox 1507 3200 1653 3265; x_wconf 87' lang='lat' dir='ltr'><strong>charitate,</strong></span> <span class='ocrx_word' id='word_1_475' title='bbox 1668 3200 1825 3255; x_wconf 87' lang='lat' dir='ltr'><strong>abundante</strong></span> 
     </span>
     <span class='ocr_line' id='line_1_34' title="bbox 182 3285 1826 3362; baseline -0.006 -6"><span class='ocrx_word' id='word_1_476' title='bbox 182 3287 255 3358; x_wconf 67' lang='lat' dir='ltr'><strong>(fut)d</strong></span> <span class='ocrx_word' id='word_1_477' title='bbox 266 3286 359 3356; x_wconf 89' lang='lat' dir='ltr'><strong>utique</strong></span> <span class='ocrx_word' id='word_1_478' title='bbox 373 3302 480 3356; x_wconf 59' lang='lat' dir='ltr'><strong>sember</strong></span> <span class='ocrx_word' id='word_1_479' title='bbox 492 3294 590 3352; x_wconf 63' lang='lat' dir='ltr'><strong>esunt,</strong></span> <span class='ocrx_word' id='word_1_480' title='bbox 606 3286 693 3341; x_wconf 65' lang='grc'><strong>(101100</strong></span> <span class='ocrx_word' id='word_1_481' title='bbox 704 3285 844 3356; x_wconf 88' lang='lat' dir='ltr'><strong>plenitudo</strong></span> <span class='ocrx_word' id='word_1_482' title='bbox 857 3285 978 3356; x_wconf 64' lang='lat' dir='ltr'><strong>flentium</strong></span> <span class='ocrx_word' id='word_1_483' title='bbox 1032 3292 1131 3362; x_wconf 91' lang='lat' dir='ltr'><strong>ubique</strong></span> <span class='ocrx_word' id='word_1_484' title='bbox 1145 3291 1309 3362; x_wconf 88' lang='lat' dir='ltr'><strong>iniquitate,</strong></span> <span class='ocrx_word' id='word_1_485' title='bbox 1333 3292 1536 3348; x_wconf 88' lang='lat' dir='ltr'><strong>incredulorum</strong></span> <span class='ocrx_word' id='word_1_486' title='bbox 1553 3291 1761 3348; x_wconf 87' lang='lat' dir='ltr'><strong>convalescente</strong></span> <span class='ocrx_word' id='word_1_487' title='bbox 1775 3293 1826 3346; x_wconf 91' lang='lat' dir='ltr'><strong>im·</strong></span> 
     </span>
     <span class='ocr_line' id='line_1_35' title="bbox 180 3373 1826 3455; baseline -0.001 -22"><span class='ocrx_word' id='word_1_488' title='bbox 180 3379 309 3442; x_wconf 86' lang='lat' dir='ltr'><strong>introeat,</strong></span> <span class='ocrx_word' id='word_1_489' title='bbox 325 3385 354 3432; x_wconf 90' lang='lat' dir='ltr'><strong>et</strong></span> <span class='ocrx_word' id='word_1_490' title='bbox 369 3378 410 3434; x_wconf 90' lang='lat' dir='ltr'><strong>sic</strong></span> <span class='ocrx_word' id='word_1_491' title='bbox 424 3377 512 3433; x_wconf 91' lang='lat' dir='ltr'><strong>omnis</strong></span> <span class='ocrx_word' id='word_1_492' title='bbox 529 3376 611 3433; x_wconf 91' lang='lat' dir='ltr'><strong>lsrael</strong></span> <span class='ocrx_word' id='word_1_493' title='bbox 623 3376 716 3432; x_wconf 85' lang='lat' dir='ltr'><strong>salvus</strong></span> <span class='ocrx_word' id='word_1_494' title='bbox 728 3376 785 3442; x_wconf 87' lang='lat' dir='ltr'><strong>frat,</strong></span> <span class='ocrx_word' id='word_1_495' title='bbox 801 3376 892 3430; x_wconf 89' lang='lat' dir='ltr'><strong>erunis</strong></span> <span class='ocrx_word' id='word_1_496' title='bbox 907 3373 981 3429; x_wconf 89' lang='lat' dir='ltr'><strong>vide-</strong></span> <span class='ocrx_word' id='word_1_497' title='bbox 1029 3383 1176 3455; x_wconf 69' lang='lat' dir='ltr'><strong>probitate,</strong></span> <span class='ocrx_word' id='word_1_498' title='bbox 1190 3383 1353 3439; x_wconf 62' lang='lat' dir='ltr'><strong>,innotuisti</strong></span> <span class='ocrx_word' id='word_1_499' title='bbox 1365 3382 1470 3440; x_wconf 71' lang='lat' dir='ltr'><strong>fallacia</strong></span> <span class='ocrx_word' id='word_1_500' title='bbox 1482 3383 1826 3454; x_wconf 55' lang='lat' dir='ltr'><strong>appropinquarentque</strong></span> 
     </span>
     <span class='ocr_line' id='line_1_36' title="bbox 180 3465 1826 3544; baseline 0.003 -22"><span class='ocrx_word' id='word_1_501' title='bbox 180 3468 245 3525; x_wconf 90' lang='lat' dir='ltr'><strong>licet</strong></span> <span class='ocrx_word' id='word_1_502' title='bbox 262 3470 416 3524; x_wconf 76' lang='lat' dir='ltr'><strong>salvandus</strong></span> <span class='ocrx_word' id='word_1_503' title='bbox 447 3468 516 3524; x_wconf 88' lang='lat' dir='ltr'><strong>Nam</strong></span> <span class='ocrx_word' id='word_1_504' title='bbox 535 3470 649 3524; x_wconf 90' lang='lat' dir='ltr'><strong>istorum</strong></span> <span class='ocrx_word' id='word_1_505' title='bbox 664 3470 709 3538; x_wconf 89' lang='lat' dir='ltr'><strong>qui</strong></span> <span class='ocrx_word' id='word_1_506' title='bbox 721 3484 794 3523; x_wconf 87' lang='lat' dir='ltr'><strong>nurre</strong></span> <span class='ocrx_word' id='word_1_507' title='bbox 805 3476 870 3523; x_wconf 91' lang='lat' dir='ltr'><strong>sunt</strong></span> <span class='ocrx_word' id='word_1_508' title='bbox 883 3465 978 3522; x_wconf 79' lang='lat' dir='ltr'><strong>infide·</strong></span> <span class='ocrx_word' id='word_1_509' title='bbox 1030 3473 1135 3527; x_wconf 91' lang='lat' dir='ltr'><strong>utiuam</strong></span> <span class='ocrx_word' id='word_1_510' title='bbox 1151 3470 1261 3541; x_wconf 86' lang='lat' dir='ltr'><strong>juberet</strong></span> <span class='ocrx_word' id='word_1_511' title='bbox 1278 3471 1475 3544; x_wconf 77' lang='lat' dir='ltr'><strong>religiosissimi</strong></span> <span class='ocrx_word' id='word_1_512' title='bbox 1492 3473 1668 3543; x_wconf 88' lang='lat' dir='ltr'><strong>imperatoris</strong></span> <span class='ocrx_word' id='word_1_513' title='bbox 1692 3474 1826 3528; x_wconf 85' lang='lat' dir='ltr'><strong>industrie</strong></span> 
     </span>
     <span class='ocr_line' id='line_1_37' title="bbox 181 3558 1828 3636; baseline 0 -14"><span class='ocrx_word' id='word_1_514' title='bbox 181 3559 247 3614; x_wconf 70' lang='lat' dir='ltr'><strong>litim</strong></span> <span class='ocrx_word' id='word_1_515' title='bbox 262 3560 370 3631; x_wconf 67' lang='lat' dir='ltr'><strong>augebit</strong></span> <span class='ocrx_word' id='word_1_516' title='bbox 387 3560 518 3615; x_wconf 79' lang='lat' dir='ltr'><strong>D⁰mi¹¹u⁵</strong></span> <span class='ocrx_word' id='word_1_517' title='bbox 529 3560 633 3631; x_wconf 62' lang='lat' dir='ltr'><strong>plutis·</strong></span> <span class='ocrx_word' id='word_1_518' title='bbox 649 3558 742 3631; x_wconf 61' lang='lat' dir='ltr'><strong>elatat</strong></span> <span class='ocrx_word' id='word_1_519' title='bbox 755 3574 865 3628; x_wconf 67' lang='lat' dir='ltr'><strong>madeat</strong></span> <span class='ocrx_word' id='word_1_520' title='bbox 883 3566 907 3610; x_wconf 62' lang='grc' dir='ltr'><strong>εἰ</strong></span> <span class='ocrx_word' id='word_1_521' title='bbox 919 3573 978 3627; x_wconf 66' lang='lat' dir='ltr'><strong>ntr-</strong></span> <span class='ocrx_word' id='word_1_522' title='bbox 1031 3564 1113 3619; x_wconf 89' lang='lat' dir='ltr'><strong>alicui</strong></span> <span class='ocrx_word' id='word_1_523' title='bbox 1128 3564 1162 3619; x_wconf 92' lang='lat' dir='ltr'><strong>de</strong></span> <span class='ocrx_word' id='word_1_524' title='bbox 1187 3565 1245 3620; x_wconf 90' lang='lat' dir='ltr'><strong>suis</strong></span> <span class='ocrx_word' id='word_1_525' title='bbox 1268 3573 1298 3620; x_wconf 92' lang='lat' dir='ltr'><strong>ut</strong></span> <span class='ocrx_word' id='word_1_526' title='bbox 1319 3564 1458 3636; x_wconf 89' lang='lat' dir='ltr'><strong>colligeret</strong></span> <span class='ocrx_word' id='word_1_527' title='bbox 1477 3566 1568 3621; x_wconf 88' lang='lat' dir='ltr'><strong>onmia</strong></span> <span class='ocrx_word' id='word_1_528' title='bbox 1581 3581 1642 3636; x_wconf 80' lang='lat' dir='ltr'><strong>quae</strong></span> <span class='ocrx_word' id='word_1_529' title='bbox 1659 3582 1675 3620; x_wconf 89' lang='lat' dir='ltr'><strong>e</strong></span> <span class='ocrx_word' id='word_1_530' title='bbox 1690 3567 1828 3636; x_wconf 82' lang='lat' dir='ltr'><strong>magistris</strong></span> 
     </span>
     <span class='ocr_line' id='line_1_38' title="bbox 180 3648 1827 3728; baseline 0.005 -24"><span class='ocrx_word' id='word_1_531' title='bbox 180 3660 347 3716; x_wconf 68' lang='lat' dir='ltr'><strong>maerorum,</strong></span> <span class='ocrx_word' id='word_1_532' title='bbox 371 3650 540 3720; x_wconf 78' lang='lat' dir='ltr'><strong>infirmitates</strong></span> <span class='ocrx_word' id='word_1_533' title='bbox 555 3653 682 3722; x_wconf 86' lang='lat' dir='ltr'><strong>pessimus</strong></span> <span class='ocrx_word' id='word_1_534' title='bbox 695 3660 718 3704; x_wconf 88' lang='lat' dir='ltr'><strong>et</strong></span> <span class='ocrx_word' id='word_1_535' title='bbox 731 3648 978 3721; x_wconf 74' lang='lat' dir='ltr'><strong>perpetuessquotl</strong></span> <span class='ocrx_word' id='word_1_536' title='bbox 1031 3656 1215 3712; x_wconf 81' lang='lat' dir='ltr'><strong>Ecclesiamm</strong></span> <span class='ocrx_word' id='word_1_537' title='bbox 1243 3658 1271 3712; x_wconf 92' lang='lat' dir='ltr'><strong>iu</strong></span> <span class='ocrx_word' id='word_1_538' title='bbox 1300 3656 1450 3728; x_wconf 86' lang='lat' dir='ltr'><strong>Scripturis</strong></span> <span class='ocrx_word' id='word_1_539' title='bbox 1474 3657 1575 3713; x_wconf 89' lang='lat' dir='ltr'><strong>sanctis</strong></span> <span class='ocrx_word' id='word_1_540' title='bbox 1603 3657 1638 3713; x_wconf 91' lang='lat' dir='ltr'><strong>de</strong></span> <span class='ocrx_word' id='word_1_541' title='bbox 1658 3656 1827 3714; x_wconf 79' lang='lat' dir='ltr'><strong>Antichristo</strong></span> 
     </span>
     <span class='ocr_line' id='line_1_39' title="bbox 180 3740 1828 3821; baseline -0.003 -25"><span class='ocrx_word' id='word_1_542' title='bbox 180 3741 235 3796; x_wconf 82' lang='lat' dir='ltr'><strong>elia</strong></span> <span class='ocrx_word' id='word_1_543' title='bbox 249 3741 392 3796; x_wconf 86' lang='lat' dir='ltr'><strong>translatio</strong></span> <span class='ocrx_word' id='word_1_544' title='bbox 404 3741 481 3807; x_wconf 90' lang='lat' dir='ltr'><strong>dicit,</strong></span> <span class='ocrx_word' id='word_1_545' title='bbox 492 3740 585 3813; x_wconf 78' lang='lat' dir='ltr'><strong>pinges</strong></span> <span class='ocrx_word' id='word_1_546' title='bbox 596 3742 761 3806; x_wconf 75' lang='lat' dir='ltr'><strong>rerimimes,</strong></span> <span class='ocrx_word' id='word_1_547' title='bbox 774 3750 798 3794; x_wconf 89' lang='lat' dir='ltr'><strong>et</strong></span> <span class='ocrx_word' id='word_1_548' title='bbox 810 3740 977 3809; x_wconf 74' lang='lat' dir='ltr'><strong>iufiruritetes</strong></span> <span class='ocrx_word' id='word_1_549' title='bbox 1031 3746 1215 3818; x_wconf 66' lang='lat' dir='ltr'><strong>intelligenda,</strong></span> <span class='ocrx_word' id='word_1_550' title='bbox 1238 3749 1281 3802; x_wconf 70' lang='lat' dir='ltr'><strong>ver</strong></span> <span class='ocrx_word' id='word_1_551' title='bbox 1295 3748 1432 3818; x_wconf 57' lang='lat' dir='ltr'><strong>exposing,</strong></span> <span class='ocrx_word' id='word_1_552' title='bbox 1445 3748 1488 3803; x_wconf 61' lang='lat' dir='ltr'><strong>vel</strong></span> <span class='ocrx_word' id='word_1_553' title='bbox 1502 3749 1607 3821; x_wconf 59' lang='lat' dir='ltr'><strong>signam</strong></span> <span class='ocrx_word' id='word_1_554' title='bbox 1620 3758 1693 3805; x_wconf 61' lang='lat' dir='ltr'><strong>guni,</strong></span> <span class='ocrx_word' id='word_1_555' title='bbox 1720 3749 1828 3804; x_wconf 61' lang='lat' dir='ltr'><strong>parerer</strong></span> 
     </span>
     <span class='ocr_line' id='line_1_40' title="bbox 180 3831 1827 3909; baseline 0.004 -23"><span class='ocrx_word' id='word_1_556' title='bbox 180 3847 267 3886; x_wconf 84' lang='lat' dir='ltr'><strong>seres.</strong></span> <span class='ocrx_word' id='word_1_557' title='bbox 283 3831 350 3888; x_wconf 89' lang='lat' dir='ltr'><strong>ltern</strong></span> <span class='ocrx_word' id='word_1_558' title='bbox 361 3832 420 3887; x_wconf 91' lang='lat' dir='ltr'><strong>ibi:</strong></span> <span class='ocrx_word' id='word_1_559' title='bbox 439 3831 474 3886; x_wconf 82' lang='lat' dir='ltr'><strong>Et</strong></span> <span class='ocrx_word' id='word_1_560' title='bbox 485 3842 613 3889; x_wconf 77' lang='lat' dir='ltr'><strong>resumet</strong></span> <span class='ocrx_word' id='word_1_561' title='bbox 629 3834 658 3887; x_wconf 87' lang='lat' dir='ltr'><strong>in</strong></span> <span class='ocrx_word' id='word_1_562' title='bbox 677 3842 702 3886; x_wconf 87' lang='lat' dir='ltr'><strong>re</strong></span> <span class='ocrx_word' id='word_1_563' title='bbox 719 3849 808 3887; x_wconf 83' lang='lat' dir='ltr'><strong>omnes</strong></span> <span class='ocrx_word' id='word_1_564' title='bbox 827 3832 977 3903; x_wconf 76' lang='lat' dir='ltr'><strong>afflictiones</strong></span> <span class='ocrx_word' id='word_1_565' title='bbox 1030 3835 1153 3908; x_wconf 91' lang='lat' dir='ltr'><strong>prefecto</strong></span> <span class='ocrx_word' id='word_1_566' title='bbox 1176 3838 1212 3893; x_wconf 91' lang='lat' dir='ltr'><strong>ad</strong></span> <span class='ocrx_word' id='word_1_567' title='bbox 1232 3836 1368 3894; x_wconf 86' lang='lat' dir='ltr'><strong>cautelam</strong></span> <span class='ocrx_word' id='word_1_568' title='bbox 1389 3837 1468 3903; x_wconf 90' lang='lat' dir='ltr'><strong>fidei,</strong></span> <span class='ocrx_word' id='word_1_569' title='bbox 1482 3840 1516 3895; x_wconf 89' lang='lat' dir='ltr'><strong>ed</strong></span> <span class='ocrx_word' id='word_1_570' title='bbox 1531 3840 1697 3896; x_wconf 90' lang='lat' dir='ltr'><strong>erectionem</strong></span> <span class='ocrx_word' id='word_1_571' title='bbox 1710 3841 1778 3909; x_wconf 92' lang='lat' dir='ltr'><strong>spei,</strong></span> <span class='ocrx_word' id='word_1_572' title='bbox 1792 3840 1827 3893; x_wconf 90' lang='lat' dir='ltr'><strong>ad</strong></span> 
     </span>
    </p>
   </div>
   <div class='ocr_carea' id='block_1_3' title="bbox 180 3920 1827 4177">
    <p class='ocr_par' dir='ltr' id='par_1_5' title="bbox 180 3920 1827 4177">
     <span class='ocr_line' id='line_1_41' title="bbox 182 3920 1827 3994; baseline 0.005 -19"><span class='ocrx_word' id='word_1_573' title='bbox 182 3920 295 3992; x_wconf 77' lang='lat' dir='ltr'><strong>AEggpti</strong></span> <span class='ocrx_word' id='word_1_574' title='bbox 305 3939 372 3993; x_wconf 88' lang='lat' dir='ltr'><strong>ques</strong></span> <span class='ocrx_word' id='word_1_575' title='bbox 386 3923 506 3988; x_wconf 80' lang='lat' dir='ltr'><strong>timuisti,</strong></span> <span class='ocrx_word' id='word_1_576' title='bbox 521 3932 546 3978; x_wconf 90' lang='lat' dir='ltr'><strong>et</strong></span> <span class='ocrx_word' id='word_1_577' title='bbox 562 3924 733 3978; x_wconf 76' lang='lat' dir='ltr'><strong>editorebuut</strong></span> <span class='ocrx_word' id='word_1_578' title='bbox 748 3923 804 3978; x_wconf 82' lang='lat' dir='ltr'><strong>tihi.</strong></span> <span class='ocrx_word' id='word_1_579' title='bbox 826 3922 940 3994; x_wconf 84' lang='lat' dir='ltr'><strong>iusuper</strong></span> <span class='ocrx_word' id='word_1_580' title='bbox 953 3932 978 3977; x_wconf 88' lang='lat' dir='ltr'><strong>et</strong></span> <span class='ocrx_word' id='word_1_581' title='bbox 1029 3930 1212 3985; x_wconf 85' lang='lat' dir='ltr'><strong>roborandam</strong></span> <span class='ocrx_word' id='word_1_582' title='bbox 1224 3938 1253 3986; x_wconf 89' lang='lat' dir='ltr'><strong>et</strong></span> <span class='ocrx_word' id='word_1_583' title='bbox 1264 3931 1510 3988; x_wconf 85' lang='lat' dir='ltr'><strong>commendandam</strong></span> <span class='ocrx_word' id='word_1_584' title='bbox 1522 3932 1692 3988; x_wconf 89' lang='lat' dir='ltr'><strong>dulcedinem</strong></span> <span class='ocrx_word' id='word_1_585' title='bbox 1705 3932 1827 3987; x_wconf 88' lang='lat' dir='ltr'><strong>dilectio·</strong></span> 
     </span>
     <span class='ocr_line' id='line_1_42' title="bbox 180 4013 1320 4086; baseline 0.011 -22"><span class='ocrx_word' id='word_1_586' title='bbox 180 4013 316 4066; x_wconf 81' lang='lat' dir='ltr'><strong>uruuerses</strong></span> <span class='ocrx_word' id='word_1_587' title='bbox 328 4013 485 4083; x_wconf 80' lang='lat' dir='ltr'><strong>languores,</strong></span> <span class='ocrx_word' id='word_1_588' title='bbox 501 4024 526 4068; x_wconf 91' lang='lat' dir='ltr'><strong>et</strong></span> <span class='ocrx_word' id='word_1_589' title='bbox 536 4013 645 4085; x_wconf 79' lang='lat' dir='ltr'><strong>pinges,</strong></span> <span class='ocrx_word' id='word_1_590' title='bbox 664 4032 723 4083; x_wconf 84' lang='lat' dir='ltr'><strong>qure</strong></span> <span class='ocrx_word' id='word_1_591' title='bbox 735 4033 788 4071; x_wconf 84' lang='lat' dir='ltr'><strong>nen</strong></span> <span class='ocrx_word' id='word_1_592' title='bbox 800 4025 860 4070; x_wconf 84' lang='lat' dir='ltr'><strong>suet</strong></span> <span class='ocrx_word' id='word_1_593' title='bbox 873 4017 978 4086; x_wconf 74' lang='lat' dir='ltr'><strong>scripte</strong></span> <span class='ocrx_word' id='word_1_594' title='bbox 1029 4021 1073 4075; x_wconf 90' lang='lat' dir='ltr'><strong>nis</strong></span> <span class='ocrx_word' id='word_1_595' title='bbox 1089 4020 1202 4076; x_wconf 86' lang='lat' dir='ltr'><strong>Christi.</strong></span> <span class='ocrx_word' id='word_1_596' title='bbox 1222 4020 1320 4077; x_wconf 76' lang='lat' dir='ltr'><strong>Amen.</strong></span> 
     </span>
     <span class='ocr_line' id='line_1_43' title="bbox 182 4097 976 4177; baseline 0.011 -26"><span class='ocrx_word' id='word_1_597' title='bbox 182 4097 352 4156; x_wconf 79' lang='lat' dir='ltr'><strong>insolentius</strong></span> <span class='ocrx_word' id='word_1_598' title='bbox 372 4102 437 4172; x_wconf 80' lang='lat' dir='ltr'><strong>legis</strong></span> <span class='ocrx_word' id='word_1_599' title='bbox 453 4102 544 4173; x_wconf 75' lang='lat' dir='ltr'><strong>hujus,</strong></span> <span class='ocrx_word' id='word_1_600' title='bbox 563 4105 668 4158; x_wconf 83' lang='lat' dir='ltr'><strong>iuducet</strong></span> <span class='ocrx_word' id='word_1_601' title='bbox 691 4105 820 4160; x_wconf 86' lang='lat' dir='ltr'><strong>Dominus</strong></span> <span class='ocrx_word' id='word_1_602' title='bbox 848 4116 976 4177; x_wconf 87' lang='lat' dir='ltr'><strong>superte,</strong></span> 
     </span>
    </p>
   </div>
   <div class='ocr_carea' id='block_1_4' title="bbox 646 4359 1371 4476">
    <p class='ocr_par' dir='ltr' id='par_1_6' title="bbox 646 4359 1371 4476">
     <span class='ocr_line' id='line_1_44' title="bbox 646 4359 1371 4476; baseline 0.001 -4"><span class='ocrx_word' id='word_1_603' title='bbox 646 4359 1005 4475; x_wconf 75' lang='lat' dir='ltr'><strong>loentum</strong></span> <span class='ocrx_word' id='word_1_604' title='bbox 1048 4362 1371 4476; x_wconf 83' lang='lat' dir='ltr'><strong>EPiSCOPl</strong></span> 
     </span>
    </p>
   </div>
   <div class='ocr_carea' id='block_1_5' title="bbox 223 4576 1787 4830">
    <p class='ocr_par' dir='ltr' id='par_1_7' title="bbox 223 4576 1787 4830">
     <span class='ocr_line' id='line_1_45' title="bbox 698 4576 1691 4680; baseline 0 -25"><span class='ocrx_word' id='word_1_605' title='bbox 698 4579 765 4655; x_wconf 81' lang='lat' dir='ltr'><strong>ru</strong></span> <span class='ocrx_word' id='word_1_606' title='bbox 804 4578 1061 4657; x_wconf 84' lang='lat' dir='ltr'><strong>rnocauus</strong></span> <span class='ocrx_word' id='word_1_607' title='bbox 1090 4576 1302 4657; x_wconf 52' lang='lat' dir='ltr'><strong>rursuru</strong></span> <span class='ocrx_word' id='word_1_608' title='bbox 1688 4677 1691 4680; x_wconf 17' lang='lat'>¹</span> 
     </span>
     <span class='ocr_line' id='line_1_46' title="bbox 223 4711 1787 4830; baseline 0.004 -43"><span class='ocrx_word' id='word_1_609' title='bbox 223 4747 240 4784; x_wconf 74' lang='lat' dir='ltr'><strong>s.</strong></span> <span class='ocrx_word' id='word_1_610' title='bbox 253 4725 530 4792; x_wconf 81' lang='lat' dir='ltr'>CONSULTATIO</span> <span class='ocrx_word' id='word_1_611' title='bbox 557 4731 614 4790; x_wconf 85' lang='grc' dir='ltr'><strong>ΕΤ·</strong></span> <span class='ocrx_word' id='word_1_612' title='bbox 638 4729 900 4824; x_wconf 70' lang='lat' dir='ltr'><strong>serratorum</strong></span> <span class='ocrx_word' id='word_1_613' title='bbox 924 4731 978 4791; x_wconf 88' lang='lat' dir='ltr'><strong>DE</strong></span> <span class='ocrx_word' id='word_1_614' title='bbox 1001 4728 1479 4830; x_wconf 21' lang='lat' dir='ltr'><strong>barrisno-tuontconbrt</strong></span> <span class='ocrx_word' id='word_1_615' title='bbox 1493 4711 1787 4796; x_wconf 70' lang='lat' dir='ltr'><strong>mancipiorum.</strong></span> 
     </span>
    </p>
   </div>
   <div class='ocr_carea' id='block_1_6' title="bbox 219 4937 1826 5121">
    <p class='ocr_par' dir='ltr' id='par_1_8' title="bbox 219 4937 1826 5121">
     <span class='ocr_line' id='line_1_47' title="bbox 219 4937 1826 5023; baseline 0.006 -15"><span class='ocrx_word' id='word_1_616' title='bbox 219 4951 464 5009; x_wconf 80' lang='lat' dir='ltr'><strong>lievemndissimis</strong></span> <span class='ocrx_word' id='word_1_617' title='bbox 478 4965 510 5007; x_wconf 88' lang='lat' dir='ltr'><strong>ac</strong></span> <span class='ocrx_word' id='word_1_618' title='bbox 520 4953 685 5009; x_wconf 85' lang='lat' dir='ltr'><strong>beatissimis</strong></span> <span class='ocrx_word' id='word_1_619' title='bbox 701 4953 808 5010; x_wconf 89' lang='lat' dir='ltr'><strong>domnis</strong></span> <span class='ocrx_word' id='word_1_620' title='bbox 820 4962 846 5009; x_wconf 87' lang='lat' dir='ltr'><strong>et</strong></span> <span class='ocrx_word' id='word_1_621' title='bbox 858 4952 977 5009; x_wconf 89' lang='lat' dir='ltr'><strong>dominis</strong></span> <span class='ocrx_word' id='word_1_622' title='bbox 990 4937 1018 4998; x_wconf 82' lang='lat' dir='ltr'>D</span> <span class='ocrx_word' id='word_1_623' title='bbox 1030 4963 1058 5010; x_wconf 89' lang='lat' dir='ltr'><strong>et</strong></span> <span class='ocrx_word' id='word_1_624' title='bbox 1067 4953 1314 5021; x_wconf 83' lang='lat' dir='ltr'><strong>Patribussanetis,</strong></span> <span class='ocrx_word' id='word_1_625' title='bbox 1323 4955 1487 5023; x_wconf 75' lang='lat' dir='ltr'><strong>btidnlarde,</strong></span> <span class='ocrx_word' id='word_1_626' title='bbox 1498 4955 1624 5014; x_wconf 72' lang='lat' dir='ltr'><strong>u&#39;ateeve</strong></span> <span class='ocrx_word' id='word_1_627' title='bbox 1640 4957 1826 5018; x_wconf 83' lang='lat' dir='ltr'><strong>ffelisecharo.</strong></span> 
     </span>
     <span class='ocr_line' id='line_1_48' title="bbox 871 5060 1134 5121; baseline 0.019 -6"><span class='ocrx_word' id='word_1_628' title='bbox 871 5060 1010 5119; x_wconf 78' lang='lat' dir='ltr'><strong>nutbzu</strong></span> <span class='ocrx_word' id='word_1_629' title='bbox 1029 5063 1134 5121; x_wconf 77' lang='lat' dir='ltr'><strong>NbfAE</strong></span> 
     </span>
    </p>
   </div>
   <div class='ocr_carea' id='block_1_7' title="bbox 182 5174 1829 5447">
    <p class='ocr_par' dir='ltr' id='par_1_9' title="bbox 182 5174 1829 5447">
     <span class='ocr_line' id='line_1_49' title="bbox 218 5174 1828 5252; baseline 0.007 -19"><span class='ocrx_word' id='word_1_630' title='bbox 218 5175 421 5233; x_wconf 69' lang='lat' dir='ltr'><strong>*Gemeltetfe</strong></span> <span class='ocrx_word' id='word_1_631' title='bbox 436 5174 570 5232; x_wconf 78' lang='lat' dir='ltr'><strong>lneodiee</strong></span> <span class='ocrx_word' id='word_1_632' title='bbox 583 5176 659 5247; x_wconf 88' lang='lat' dir='ltr'><strong>regio</strong></span> <span class='ocrx_word' id='word_1_633' title='bbox 674 5177 765 5233; x_wconf 81' lang='lat' dir='ltr'><strong>nribus</strong></span> <span class='ocrx_word' id='word_1_634' title='bbox 781 5178 875 5234; x_wconf 88' lang='lat' dir='ltr'><strong>titulus</strong></span> <span class='ocrx_word' id='word_1_635' title='bbox 889 5185 981 5233; x_wconf 83' lang='lat' dir='ltr'><strong>exsta·</strong></span> <span class='ocrx_word' id='word_1_636' title='bbox 1032 5179 1110 5236; x_wconf 90' lang='lat' dir='ltr'><strong>Unde</strong></span> <span class='ocrx_word' id='word_1_637' title='bbox 1125 5188 1153 5236; x_wconf 91' lang='lat' dir='ltr'><strong>et</strong></span> <span class='ocrx_word' id='word_1_638' title='bbox 1176 5180 1203 5235; x_wconf 92' lang='lat' dir='ltr'><strong>iu</strong></span> <span class='ocrx_word' id='word_1_639' title='bbox 1226 5179 1288 5234; x_wconf 85' lang='lat' dir='ltr'><strong>aula</strong></span> <span class='ocrx_word' id='word_1_640' title='bbox 1309 5179 1416 5252; x_wconf 88' lang='lat' dir='ltr'><strong>Pippini</strong></span> <span class='ocrx_word' id='word_1_641' title='bbox 1440 5182 1571 5240; x_wconf 80' lang='lat' dir='ltr'><strong>educatus</strong></span> <span class='ocrx_word' id='word_1_642' title='bbox 1590 5191 1646 5250; x_wconf 86' lang='lat' dir='ltr'><strong>est,</strong></span> <span class='ocrx_word' id='word_1_643' title='bbox 1666 5193 1706 5250; x_wconf 90' lang='lat' dir='ltr'><strong>nt,</strong></span> <span class='ocrx_word' id='word_1_644' title='bbox 1785 5194 1828 5244; x_wconf 90' lang='lat' dir='ltr'><strong>ter</strong></span> 
     </span>
     <span class='ocr_line' id='line_1_50' title="bbox 183 5245 1829 5325; baseline 0.005 -20"><span class='ocrx_word' id='word_1_645' title='bbox 183 5247 273 5305; x_wconf 85' lang='lat' dir='ltr'><strong>betia</strong></span> <span class='ocrx_word' id='word_1_646' title='bbox 294 5248 346 5304; x_wconf 90' lang='lat' dir='ltr'><strong>bec</strong></span> <span class='ocrx_word' id='word_1_647' title='bbox 366 5246 436 5304; x_wconf 86' lang='lat' dir='ltr'><strong>loeo.</strong></span> <span class='ocrx_word' id='word_1_648' title='bbox 452 5245 749 5305; x_wconf 84' lang='lat' dir='ltr'><strong>Sedinvetustissimo</strong></span> <span class='ocrx_word' id='word_1_649' title='bbox 772 5264 886 5322; x_wconf 90' lang='lat' dir='ltr'><strong>eperum</strong></span> <span class='ocrx_word' id='word_1_650' title='bbox 910 5247 981 5320; x_wconf 78' lang='lat' dir='ltr'><strong>Age-</strong></span> <span class='ocrx_word' id='word_1_651' title='bbox 1031 5249 1109 5316; x_wconf 89' lang='lat' dir='ltr'><strong>aiios,</strong></span> <span class='ocrx_word' id='word_1_652' title='bbox 1125 5248 1336 5307; x_wconf 78' lang='lat' dir='ltr'><strong>doceretiamri</strong></span> <span class='ocrx_word' id='word_1_653' title='bbox 1355 5252 1514 5308; x_wconf 88' lang='lat' dir='ltr'><strong>obardusin</strong></span> <span class='ocrx_word' id='word_1_654' title='bbox 1530 5254 1623 5325; x_wconf 67' lang='lat' dir='ltr'><strong>capi</strong></span> <span class='ocrx_word' id='word_1_655' title='bbox 1642 5255 1703 5311; x_wconf 89' lang='lat' dir='ltr'><strong>libri</strong></span> <span class='ocrx_word' id='word_1_656' title='bbox 1741 5257 1829 5313; x_wconf 77' lang='lat' dir='ltr'><strong>enis-</strong></span> 
     </span>
     <span class='ocr_line' id='line_1_51' title="bbox 182 5315 1828 5447; baseline 0.006 -75"><span class='ocrx_word' id='word_1_657' title='bbox 182 5317 262 5372; x_wconf 89' lang='lat' dir='ltr'><strong>bardi</strong></span> <span class='ocrx_word' id='word_1_658' title='bbox 275 5315 397 5384; x_wconf 87' lang='lat' dir='ltr'><strong>elencho,</strong></span> <span class='ocrx_word' id='word_1_659' title='bbox 411 5318 458 5389; x_wconf 93' lang='lat' dir='ltr'><strong>qni</strong></span> <span class='ocrx_word' id='word_1_660' title='bbox 471 5317 624 5388; x_wconf 86' lang='lat' dir='ltr'><strong>descriptus</strong></span> <span class='ocrx_word' id='word_1_661' title='bbox 635 5325 677 5374; x_wconf 88' lang='lat' dir='ltr'><strong>est</strong></span> <span class='ocrx_word' id='word_1_662' title='bbox 689 5319 717 5372; x_wconf 94' lang='lat' dir='ltr'><strong>in</strong></span> <span class='ocrx_word' id='word_1_663' title='bbox 731 5317 811 5375; x_wconf 92' lang='lat' dir='ltr'><strong>initio</strong></span> <span class='ocrx_word' id='word_1_664' title='bbox 823 5318 980 5385; x_wconf 77' lang='lat' dir='ltr'><strong>voluminis,</strong></span> <span class='ocrx_word' id='word_1_665' title='bbox 1031 5322 1191 5447; x_wconf 60' lang='lat' dir='ltr'><strong>peremtione</strong></span> <span class='ocrx_word' id='word_1_666' title='bbox 1206 5320 1308 5375; x_wconf 81' lang='lat' dir='ltr'><strong>ilerum</strong></span> <span class='ocrx_word' id='word_1_667' title='bbox 1344 5321 1585 5380; x_wconf 87' lang='lat' dir='ltr'><strong>eclesiasticarum.</strong></span> <span class='ocrx_word' id='word_1_668' title='bbox 1599 5324 1705 5380; x_wconf 89' lang='lat' dir='ltr'><strong>lrfertun</strong></span> <span class='ocrx_word' id='word_1_669' title='bbox 1718 5326 1828 5384; x_wconf 89' lang='lat' dir='ltr'><strong>demum</strong></span> 
     </span>
    </p>
   </div>
   <div class='ocr_carea' id='block_1_8' title="bbox 183 5385 1829 5524">
    <p class='ocr_par' dir='ltr' id='par_1_10' title="bbox 183 5385 1829 5524">
     <span class='ocr_line' id='line_1_52' title="bbox 183 5385 1829 5520; baseline 0.008 -81"><span class='ocrx_word' id='word_1_670' title='bbox 183 5385 279 5513; x_wconf 52' lang='lat' dir='ltr'><strong>mels}</strong></span> <span class='ocrx_word' id='word_1_671' title='bbox 288 5386 369 5441; x_wconf 84' lang='lat' dir='ltr'><strong>istius</strong></span> <span class='ocrx_word' id='word_1_672' title='bbox 380 5387 444 5443; x_wconf 93' lang='lat' dir='ltr'><strong>libri</strong></span> <span class='ocrx_word' id='word_1_673' title='bbox 456 5387 497 5444; x_wconf 90' lang='lat' dir='ltr'><strong>sie</strong></span> <span class='ocrx_word' id='word_1_674' title='bbox 508 5387 608 5460; x_wconf 85' lang='lat' dir='ltr'><strong>legiter</strong></span> <span class='ocrx_word' id='word_1_675' title='bbox 619 5388 846 5458; x_wconf 86' lang='lat' dir='ltr'><strong>quemadmodum</strong></span> <span class='ocrx_word' id='word_1_676' title='bbox 861 5403 911 5444; x_wconf 89' lang='lat' dir='ltr'><strong>nos</strong></span> <span class='ocrx_word' id='word_1_677' title='bbox 924 5390 982 5444; x_wconf 92' lang='lat' dir='ltr'><strong>edi·</strong></span> <span class='ocrx_word' id='word_1_678' title='bbox 1054 5390 1158 5464; x_wconf 82' lang='lat' dir='ltr'><strong>ippino,</strong></span> <span class='ocrx_word' id='word_1_679' title='bbox 1170 5390 1341 5448; x_wconf 74' lang='lat' dir='ltr'><strong>tentemus</strong></span> <span class='ocrx_word' id='word_1_680' title='bbox 1358 5391 1431 5448; x_wconf 86' lang='lat' dir='ltr'><strong>ieter</strong></span> <span class='ocrx_word' id='word_1_681' title='bbox 1449 5394 1561 5451; x_wconf 81' lang='lat' dir='ltr'><strong>intimos</strong></span> <span class='ocrx_word' id='word_1_682' title='bbox 1580 5394 1758 5451; x_wconf 86' lang='lat' dir='ltr'><strong>familiarium</strong></span> <span class='ocrx_word' id='word_1_683' title='bbox 1777 5397 1829 5520; x_wconf 49' lang='lat' dir='ltr'><strong>Cal:</strong></span> 
     </span>
     <span class='ocr_line' id='line_1_53' title="bbox 278 5483 1828 5524; baseline 0.01 -16"><span class='ocrx_word' id='word_1_684' title='bbox 278 5495 285 5508; x_wconf 91' lang='lat'><strong>.</strong></span> <span class='ocrx_word' id='word_1_685' title='bbox 1775 5483 1828 5524; x_wconf 87' lang='lat' dir='ltr'><strong>ror</strong></span> 
     </span>
    </p>
   </div>
   <div class='ocr_carea' id='block_1_9' title="bbox 182 5523 1829 5738">
    <p class='ocr_par' dir='ltr' id='par_1_11' title="bbox 182 5523 1829 5738">
     <span class='ocr_line' id='line_1_54' title="bbox 220 5523 980 5590; baseline 0.007 -10"><span class='ocrx_word' id='word_1_686' title='bbox 220 5527 233 5568; x_wconf 80' lang='lat' dir='ltr'><strong>b</strong></span> <span class='ocrx_word' id='word_1_687' title='bbox 256 5523 404 5590; x_wconf 82' lang='lat' dir='ltr'><strong>ddeferde,</strong></span> <span class='ocrx_word' id='word_1_688' title='bbox 428 5525 550 5585; x_wconf 80' lang='lat' dir='ltr'><strong>Corbeiae</strong></span> <span class='ocrx_word' id='word_1_689' title='bbox 572 5527 672 5586; x_wconf 88' lang='lat' dir='ltr'><strong>veteris</strong></span> <span class='ocrx_word' id='word_1_690' title='bbox 695 5526 797 5590; x_wconf 86' lang='lat' dir='ltr'><strong>abbati,</strong></span> <span class='ocrx_word' id='word_1_691' title='bbox 821 5529 847 5583; x_wconf 92' lang='lat' dir='ltr'><strong>in</strong></span> <span class='ocrx_word' id='word_1_692' title='bbox 867 5528 980 5585; x_wconf 89' lang='lat' dir='ltr'><strong>dioecesi</strong></span> 
     </span>
     <span class='ocr_line' id='line_1_55' title="bbox 182 5592 1829 5677; baseline 0.001 -23"><span class='ocrx_word' id='word_1_693' title='bbox 182 5592 470 5677; x_wconf 61' lang='lat' dir='ltr'><strong>AmbienenshF-ilius</strong></span> <span class='ocrx_word' id='word_1_694' title='bbox 483 5597 535 5652; x_wconf 89' lang='lat' dir='ltr'><strong>fuit</strong></span> <span class='ocrx_word' id='word_1_695' title='bbox 553 5597 695 5663; x_wconf 83' lang='lat' dir='ltr'><strong>Bernardi,</strong></span> <span class='ocrx_word' id='word_1_696' title='bbox 711 5597 805 5653; x_wconf 85' lang='lat' dir='ltr'><strong>fratris</strong></span> <span class='ocrx_word' id='word_1_697' title='bbox 817 5596 868 5668; x_wconf 89' lang='lat' dir='ltr'><strong>Pip</strong></span> <span class='ocrx_word' id='word_1_698' title='bbox 888 5599 924 5654; x_wconf 92' lang='lat' dir='ltr'><strong>iui</strong></span> <span class='ocrx_word' id='word_1_699' title='bbox 939 5616 980 5654; x_wconf 75' lang='lat' dir='ltr'><strong>re</strong></span> <span class='ocrx_word' id='word_1_700' title='bbox 1069 5609 1081 5641; x_wconf 77' lang='lat' dir='ltr'><strong>s</strong></span> <span class='ocrx_word' id='word_1_701' title='bbox 1101 5598 1287 5669; x_wconf 82' lang='lat' dir='ltr'><strong>fiefrsuebere,</strong></span> <span class='ocrx_word' id='word_1_702' title='bbox 1309 5600 1471 5676; x_wconf 80' lang='lat' dir='ltr'><strong>presbytero</strong></span> <span class='ocrx_word' id='word_1_703' title='bbox 1494 5611 1523 5659; x_wconf 91' lang='lat' dir='ltr'><strong>ct</strong></span> <span class='ocrx_word' id='word_1_704' title='bbox 1544 5602 1631 5659; x_wconf 82' lang='lat' dir='ltr'><strong>abbati</strong></span> <span class='ocrx_word' id='word_1_705' title='bbox 1655 5601 1829 5659; x_wconf 82' lang='lat' dir='ltr'><strong>Centrrlensis</strong></span> 
     </span>
     <span class='ocr_line' id='line_1_56' title="bbox 182 5665 1826 5738; baseline 0.003 -15"><span class='ocrx_word' id='word_1_706' title='bbox 182 5667 236 5738; x_wconf 75' lang='lat' dir='ltr'><strong>gis,</strong></span> <span class='ocrx_word' id='word_1_707' title='bbox 257 5665 329 5723; x_wconf 88' lang='lat' dir='ltr'><strong>etin</strong></span> <span class='ocrx_word' id='word_1_708' title='bbox 350 5678 410 5738; x_wconf 72' lang='lat' dir='ltr'><strong>eres</strong></span> <span class='ocrx_word' id='word_1_709' title='bbox 431 5665 493 5723; x_wconf 75' lang='lat' dir='ltr'><strong>Vita</strong></span> <span class='ocrx_word' id='word_1_710' title='bbox 515 5677 610 5725; x_wconf 80' lang='lat' dir='ltr'><strong>narrat</strong></span> <span class='ocrx_word' id='word_1_711' title='bbox 630 5668 793 5727; x_wconf 83' lang='lat' dir='ltr'><strong>Paschasius</strong></span> <span class='ocrx_word' id='word_1_712' title='bbox 815 5667 855 5724; x_wconf 82' lang='lat' dir='ltr'><strong>lla</strong></span> <span class='ocrx_word' id='word_1_713' title='bbox 955 5685 978 5726; x_wconf 87' lang='lat' dir='ltr'><strong>s.</strong></span> <span class='ocrx_word' id='word_1_714' title='bbox 1657 5671 1826 5738; x_wconf 90' lang='lat' dir='ltr'><strong>monasterii,</strong></span> 
     </span>
    </p>
   </div>
   <div class='ocr_carea' id='block_1_10' title="bbox 0 0 1928 6116">
    <p class='ocr_par' dir='ltr' id='par_1_12' title="bbox 0 0 1928 6116">
     <span class='ocr_line' id='line_1_57' title="bbox 0 0 1928 6116; baseline 0 0"><span class='ocrx_word' id='word_1_715' title='bbox 0 0 1928 6116; x_wconf 95' lang='lat' dir='ltr'><strong> </strong></span> 
     </span>
    </p>
   </div>
  </div>
 </body>
</html>
