<?xml version="1.0" encoding="UTF-8"?>
<!DOCTYPE html PUBLIC "-//W3C//DTD XHTML 1.0 Transitional//EN"
    "http://www.w3.org/TR/xhtml1/DTD/xhtml1-transitional.dtd">
<html xmlns="http://www.w3.org/1999/xhtml" xml:lang="en" lang="en">
 <head>
  <title>
</title>
<meta http-equiv="Content-Type" content="text/html;charset=utf-8" />
  <meta name='ocr-system' content='tesseract 3.04.00' />
  <meta name='ocr-capabilities' content='ocr_page ocr_carea ocr_par ocr_line ocrx_word'/>
</head>
<body>
  <div class='ocr_page' id='page_1' title='image "./patrologiaecurs103migngoog_0172.png"; bbox 0 0 3832 6120; ppageno 0'>
   <div class='ocr_carea' id='block_1_1' title="bbox 92 311 1732 405">
    <p class='ocr_par' dir='ltr' id='par_1_1' title="bbox 92 311 1732 405">
     <span class='ocr_line' id='line_1_1' title="bbox 92 311 1732 405; baseline -0.026 1"><span class='ocrx_word' id='word_1_1' title='bbox 92 345 147 405; x_wconf 63' lang='lat'><strong>633</strong></span> <span class='ocrx_word' id='word_1_2' title='bbox 666 329 731 384; x_wconf 87' lang='lat' dir='ltr'><strong>LlB.</strong></span> <span class='ocrx_word' id='word_1_3' title='bbox 751 328 795 384; x_wconf 82' lang='lat' dir='ltr'><strong>DE</strong></span> <span class='ocrx_word' id='word_1_4' title='bbox 813 323 988 382; x_wconf 70' lang='lat' dir='ltr'><strong>enuntiet.</strong></span> <span class='ocrx_word' id='word_1_5' title='bbox 1010 316 1195 377; x_wconf 77' lang='lat' dir='ltr'><strong>auttrttbtl.</strong></span> <span class='ocrx_word' id='word_1_6' title='bbox 1679 311 1732 368; x_wconf 66' lang='lat'><strong>33⁸</strong></span> 
     </span>
    </p>
   </div>
   <div class='ocr_carea' id='block_1_2' title="bbox 93 422 1743 1076">
    <p class='ocr_par' dir='ltr' id='par_1_2' title="bbox 93 422 1737 705">
     <span class='ocr_line' id='line_1_2' title="bbox 93 422 1737 522; baseline -0.024 -6"><span class='ocrx_word' id='word_1_7' title='bbox 93 455 206 516; x_wconf 89' lang='lat' dir='ltr'><strong>omnino</strong></span> <span class='ocrx_word' id='word_1_8' title='bbox 230 466 365 522; x_wconf 76' lang='lat' dir='ltr'><strong>paganum</strong></span> <span class='ocrx_word' id='word_1_9' title='bbox 392 457 450 514; x_wconf 92' lang='lat' dir='ltr'><strong>cst,</strong></span> <span class='ocrx_word' id='word_1_10' title='bbox 479 447 617 503; x_wconf 76' lang='lat' dir='ltr'>Christum</span> <span class='ocrx_word' id='word_1_11' title='bbox 643 460 697 499; x_wconf 91' lang='lat' dir='ltr'><strong>nnn</strong></span> <span class='ocrx_word' id='word_1_12' title='bbox 723 440 986 511; x_wconf 76' lang='lat' dir='ltr'><strong>benignitatehtur</strong></span> <span class='ocrx_word' id='word_1_13' title='bbox 1007 432 1184 506; x_wconf 83' lang='lat' dir='ltr'><strong>qrraeautela</strong></span> <span class='ocrx_word' id='word_1_14' title='bbox 1211 426 1410 483; x_wconf 76' lang='lat' dir='ltr'><strong>levissimorum</strong></span> <span class='ocrx_word' id='word_1_15' title='bbox 1434 422 1573 478; x_wconf 88' lang='lat' dir='ltr'><strong>hominum</strong></span> <span class='ocrx_word' id='word_1_16' title='bbox 1597 425 1737 497; x_wconf 74' lang='lat' dir='ltr'><strong>excogita·</strong></span> 
     </span>
     <span class='ocr_line' id='line_1_3' title="bbox 94 511 1736 621; baseline -0.023 -18"><span class='ocrx_word' id='word_1_17' title='bbox 94 546 212 621; x_wconf 70' lang='lat' dir='ltr'><strong>propriae</strong></span> <span class='ocrx_word' id='word_1_18' title='bbox 238 542 399 604; x_wconf 77' lang='lat' dir='ltr'><strong>uoluntatis,</strong></span> <span class='ocrx_word' id='word_1_19' title='bbox 424 538 472 594; x_wconf 88' lang='lat' dir='ltr'><strong>scd</strong></span> <span class='ocrx_word' id='word_1_20' title='bbox 495 538 522 592; x_wconf 82' lang='lat' dir='ltr'><strong>ui</strong></span> <span class='ocrx_word' id='word_1_21' title='bbox 546 536 648 592; x_wconf 89' lang='lat' dir='ltr'><strong>doloris</strong></span> <span class='ocrx_word' id='word_1_22' title='bbox 674 542 811 588; x_wconf 88' lang='lat' dir='ltr'><strong>mortuum</strong></span> <span class='ocrx_word' id='word_1_23' title='bbox 838 528 894 598; x_wconf 92' lang='lat' dir='ltr'><strong>opi·</strong></span> <span class='ocrx_word' id='word_1_24' title='bbox 948 528 1035 583; x_wconf 92' lang='lat' dir='ltr'><strong>tiones</strong></span> <span class='ocrx_word' id='word_1_25' title='bbox 1052 523 1169 578; x_wconf 85' lang='lat' dir='ltr'><strong>vitandae</strong></span> <span class='ocrx_word' id='word_1_26' title='bbox 1193 520 1268 582; x_wconf 90' lang='lat' dir='ltr'><strong>sint,</strong></span> <span class='ocrx_word' id='word_1_27' title='bbox 1285 530 1346 586; x_wconf 83' lang='lat' dir='ltr'><strong>qnae</strong></span> <span class='ocrx_word' id='word_1_28' title='bbox 1369 512 1443 568; x_wconf 85' lang='lat' dir='ltr'><strong>nulla</strong></span> <span class='ocrx_word' id='word_1_29' title='bbox 1467 511 1581 566; x_wconf 84' lang='lat' dir='ltr'><strong>veritate</strong></span> <span class='ocrx_word' id='word_1_30' title='bbox 1602 512 1736 576; x_wconf 80' lang='lat' dir='ltr'><strong>srrbnixar,</strong></span> 
     </span>
     <span class='ocr_line' id='line_1_4' title="bbox 95 605 1569 705; baseline -0.027 -9"><span class='ocrx_word' id='word_1_31' title='bbox 95 642 172 705; x_wconf 87' lang='lat' dir='ltr'><strong>nari;</strong></span> <span class='ocrx_word' id='word_1_32' title='bbox 197 653 260 694; x_wconf 90' lang='lat' dir='ltr'><strong>curn</strong></span> <span class='ocrx_word' id='word_1_33' title='bbox 282 651 298 690; x_wconf 90' lang='lat' dir='ltr'><strong>e</strong></span> <span class='ocrx_word' id='word_1_34' title='bbox 314 633 451 689; x_wconf 88' lang='lat' dir='ltr'><strong>contrario</strong></span> <span class='ocrx_word' id='word_1_35' title='bbox 466 631 494 685; x_wconf 91' lang='lat' dir='ltr'><strong>in</strong></span> <span class='ocrx_word' id='word_1_36' title='bbox 511 628 658 699; x_wconf 82' lang='lat' dir='ltr'><strong>Evangelio</strong></span> <span class='ocrx_word' id='word_1_37' title='bbox 674 625 808 681; x_wconf 84' lang='lat' dir='ltr'><strong>reseratur</strong></span> <span class='ocrx_word' id='word_1_38' title='bbox 823 619 895 689; x_wconf 88' lang='lat' dir='ltr'><strong>quod</strong></span> <span class='ocrx_word' id='word_1_39' title='bbox 947 618 1019 673; x_wconf 90' lang='lat' dir='ltr'><strong>nulla</strong></span> <span class='ocrx_word' id='word_1_40' title='bbox 1034 616 1139 670; x_wconf 84' lang='lat' dir='ltr'><strong>ratione</strong></span> <span class='ocrx_word' id='word_1_41' title='bbox 1156 619 1269 674; x_wconf 72' lang='lat' dir='ltr'><strong>ornata,</strong></span> <span class='ocrx_word' id='word_1_42' title='bbox 1282 605 1455 677; x_wconf 79' lang='lat' dir='ltr'><strong>,contemptui</strong></span> <span class='ocrx_word' id='word_1_43' title='bbox 1466 610 1569 674; x_wconf 85' lang='lat' dir='ltr'><strong>palent.</strong></span> 
     </span>
    </p>

    <p class='ocr_par' dir='ltr' id='par_1_3' title="bbox 95 695 1743 1076">
     <span class='ocr_line' id='line_1_5' title="bbox 95 695 1740 793; baseline -0.022 -7"><span class='ocrx_word' id='word_1_44' title='bbox 95 729 229 786; x_wconf 83' lang='lat' dir='ltr'><strong>Dominus</strong></span> <span class='ocrx_word' id='word_1_45' title='bbox 251 740 319 780; x_wconf 84' lang='lat' dir='ltr'><strong>roeo</strong></span> <span class='ocrx_word' id='word_1_46' title='bbox 342 737 438 793; x_wconf 79' lang='lat' dir='ltr'><strong>niagna</strong></span> <span class='ocrx_word' id='word_1_47' title='bbox 452 720 630 785; x_wconf 69' lang='lat' dir='ltr'><strong>clamaverit:</strong></span> <span class='ocrx_word' id='word_1_48' title='bbox 648 715 740 779; x_wconf 87' lang='lat' dir='ltr'><strong>Pater,</strong></span> <span class='ocrx_word' id='word_1_49' title='bbox 759 714 786 767; x_wconf 90' lang='lat' dir='ltr'><strong>in</strong></span> <span class='ocrx_word' id='word_1_50' title='bbox 802 728 896 765; x_wconf 79' lang='lat' dir='ltr'><strong>uranus</strong></span> <span class='ocrx_word' id='word_1_51' title='bbox 982 708 1028 762; x_wconf 78' lang='lat' dir='ltr'><strong>hl.</strong></span> <span class='ocrx_word' id='word_1_52' title='bbox 1048 719 1060 747; x_wconf 71' lang='grc' dir='ltr'><strong>ι</strong></span> <span class='ocrx_word' id='word_1_53' title='bbox 1078 705 1107 760; x_wconf 89' lang='lat' dir='ltr'><strong>ln</strong></span> <span class='ocrx_word' id='word_1_54' title='bbox 1127 702 1242 759; x_wconf 92' lang='lat' dir='ltr'><strong>concilio</strong></span> <span class='ocrx_word' id='word_1_55' title='bbox 1264 698 1394 754; x_wconf 81' lang='lat' dir='ltr'><strong>Airicano</strong></span> <span class='ocrx_word' id='word_1_56' title='bbox 1416 695 1478 750; x_wconf 85' lang='lat' dir='ltr'><strong>tulis</strong></span> <span class='ocrx_word' id='word_1_57' title='bbox 1499 695 1658 751; x_wconf 89' lang='lat' dir='ltr'><strong>constitutio</strong></span> <span class='ocrx_word' id='word_1_58' title='bbox 1678 711 1740 767; x_wconf 83' lang='lat' dir='ltr'><strong>pm-</strong></span> 
     </span>
     <span class='ocr_line' id='line_1_6' title="bbox 96 786 1742 883; baseline -0.022 -6"><span class='ocrx_word' id='word_1_59' title='bbox 96 832 157 877; x_wconf 86' lang='lat' dir='ltr'><strong>tuos</strong></span> <span class='ocrx_word' id='word_1_60' title='bbox 178 815 332 872; x_wconf 80' lang='lat' dir='ltr'><strong>continenda</strong></span> <span class='ocrx_word' id='word_1_61' title='bbox 345 814 466 883; x_wconf 85' lang='lat' dir='ltr'><strong>spiritum</strong></span> <span class='ocrx_word' id='word_1_62' title='bbox 488 825 591 873; x_wconf 83' lang='lat' dir='ltr'><strong>meanr‚·</strong></span> <span class='ocrx_word' id='word_1_63' title='bbox 612 816 635 861; x_wconf 87' lang='lat' dir='ltr'><strong>et</strong></span> <span class='ocrx_word' id='word_1_64' title='bbox 655 806 709 860; x_wconf 84' lang='lat' dir='ltr'><strong>baec</strong></span> <span class='ocrx_word' id='word_1_65' title='bbox 732 803 830 866; x_wconf 82' lang='lat' dir='ltr'><strong>diceris,</strong></span> <span class='ocrx_word' id='word_1_66' title='bbox 853 817 898 855; x_wconf 63' lang='lat' dir='ltr'><strong>ec»</strong></span> <span class='ocrx_word' id='word_1_67' title='bbox 949 801 1065 871; x_wconf 77' lang='lat' dir='ltr'><strong>mulgata</strong></span> <span class='ocrx_word' id='word_1_68' title='bbox 1081 805 1143 853; x_wconf 91' lang='lat' dir='ltr'><strong>est:</strong></span> <span class='ocrx_word' id='word_1_69' title='bbox 1164 813 1173 846; x_wconf 89' lang='grc' dir='ltr'><strong>ι</strong></span> <span class='ocrx_word' id='word_1_70' title='bbox 1193 793 1228 849; x_wconf 84' lang='lat' dir='ltr'><strong>br</strong></span> <span class='ocrx_word' id='word_1_71' title='bbox 1241 805 1336 861; x_wconf 87' lang='lat' dir='ltr'><strong>preces</strong></span> <span class='ocrx_word' id='word_1_72' title='bbox 1347 797 1374 843; x_wconf 90' lang='lat' dir='ltr'><strong>et</strong></span> <span class='ocrx_word' id='word_1_73' title='bbox 1390 787 1539 850; x_wconf 80' lang='lat' dir='ltr'><strong>orationes,</strong></span> <span class='ocrx_word' id='word_1_74' title='bbox 1553 786 1605 842; x_wconf 84' lang='lat' dir='ltr'><strong>nisi</strong></span> <span class='ocrx_word' id='word_1_75' title='bbox 1620 787 1742 856; x_wconf 74' lang='lat' dir='ltr'><strong>probatae</strong></span> 
     </span>
     <span class='ocr_line' id='line_1_7' title="bbox 96 876 1742 986; baseline -0.025 -16"><span class='ocrx_word' id='word_1_76' title='bbox 96 913 217 986; x_wconf 73' lang='lat' dir='ltr'><strong>spirant.</strong></span> <span class='ocrx_word' id='word_1_77' title='bbox 241 907 328 975; x_wconf 81' lang='lat' dir='ltr'><strong>Quam</strong></span> <span class='ocrx_word' id='word_1_78' title='bbox 349 911 465 957; x_wconf 90' lang='lat' dir='ltr'><strong>mortem</strong></span> <span class='ocrx_word' id='word_1_79' title='bbox 492 899 592 955; x_wconf 90' lang='lat' dir='ltr'><strong>Christi</strong></span> <span class='ocrx_word' id='word_1_80' title='bbox 613 899 639 952; x_wconf 92' lang='lat' dir='ltr'><strong>in</strong></span> <span class='ocrx_word' id='word_1_81' title='bbox 666 905 772 951; x_wconf 90' lang='lat' dir='ltr'><strong>tantum</strong></span> <span class='ocrx_word' id='word_1_82' title='bbox 798 891 898 947; x_wconf 92' lang='lat' dir='ltr'><strong>milites</strong></span> <span class='ocrx_word' id='word_1_83' title='bbox 949 891 1050 946; x_wconf 86' lang='lat' dir='ltr'><strong>luerint</strong></span> <span class='ocrx_word' id='word_1_84' title='bbox 1064 889 1092 943; x_wconf 94' lang='lat' dir='ltr'><strong>in</strong></span> <span class='ocrx_word' id='word_1_85' title='bbox 1107 884 1234 949; x_wconf 92' lang='lat' dir='ltr'><strong>coneilio,</strong></span> <span class='ocrx_word' id='word_1_86' title='bbox 1248 896 1301 938; x_wconf 93' lang='lat' dir='ltr'><strong>non</strong></span> <span class='ocrx_word' id='word_1_87' title='bbox 1318 879 1458 942; x_wconf 70' lang='lat' dir='ltr'><strong>dicentum</strong></span> <span class='ocrx_word' id='word_1_88' title='bbox 1479 891 1529 931; x_wconf 92' lang='lat' dir='ltr'><strong>nee</strong></span> <span class='ocrx_word' id='word_1_89' title='bbox 1541 876 1631 946; x_wconf 80' lang='lat' dir='ltr'><strong>aliqua</strong></span> <span class='ocrx_word' id='word_1_90' title='bbox 1646 891 1679 932; x_wconf 84' lang='lat' dir='ltr'><strong>ex</strong></span> <span class='ocrx_word' id='word_1_91' title='bbox 1699 877 1742 932; x_wconf 75' lang='lat' dir='ltr'><strong>liis</strong></span> 
     </span>
     <span class='ocr_line' id='line_1_8' title="bbox 96 968 1743 1076; baseline -0.022 -17"><span class='ocrx_word' id='word_1_92' title='bbox 96 1004 145 1076; x_wconf 84' lang='lat' dir='ltr'><strong>qrri</strong></span> <span class='ocrx_word' id='word_1_93' title='bbox 160 1001 274 1057; x_wconf 89' lang='lat' dir='ltr'><strong>aderant</strong></span> <span class='ocrx_word' id='word_1_94' title='bbox 292 994 419 1061; x_wconf 85' lang='lat' dir='ltr'><strong>admirati</strong></span> <span class='ocrx_word' id='word_1_95' title='bbox 440 997 516 1053; x_wconf 88' lang='lat' dir='ltr'><strong>sunt,</strong></span> <span class='ocrx_word' id='word_1_96' title='bbox 543 998 573 1043; x_wconf 92' lang='lat' dir='ltr'><strong>nt</strong></span> <span class='ocrx_word' id='word_1_97' title='bbox 596 990 724 1045; x_wconf 87' lang='lat' dir='ltr'><strong>continuo</strong></span> <span class='ocrx_word' id='word_1_98' title='bbox 739 985 824 1040; x_wconf 89' lang='lat' dir='ltr'><strong>Deum</strong></span> <span class='ocrx_word' id='word_1_99' title='bbox 840 983 898 1054; x_wconf 80' lang='lat' dir='ltr'><strong>glo·</strong></span> <span class='ocrx_word' id='word_1_100' title='bbox 949 983 1060 1039; x_wconf 91' lang='lat' dir='ltr'><strong>omnino</strong></span> <span class='ocrx_word' id='word_1_101' title='bbox 1081 986 1227 1037; x_wconf 89' lang='lat' dir='ltr'><strong>cantentur</strong></span> <span class='ocrx_word' id='word_1_102' title='bbox 1242 976 1271 1031; x_wconf 93' lang='lat' dir='ltr'><strong>in</strong></span> <span class='ocrx_word' id='word_1_103' title='bbox 1292 972 1431 1035; x_wconf 75' lang='lat' dir='ltr'><strong>Ecclesia,</strong></span> <span class='ocrx_word' id='word_1_104' title='bbox 1449 968 1576 1039; x_wconf 74' lang='lat' dir='ltr'><strong>nisique</strong></span> <span class='ocrx_word' id='word_1_105' title='bbox 1597 968 1743 1039; x_wconf 87' lang='lat' dir='ltr'><strong>aprutien-</strong></span> 
     </span>
    </p>
   </div>
   <div class='ocr_carea' id='block_1_3' title="bbox 97 1076 900 1611">
    <p class='ocr_par' dir='ltr' id='par_1_4' title="bbox 97 1076 900 1611">
     <span class='ocr_line' id='line_1_9' title="bbox 97 1076 900 1158; baseline -0.025 -6"><span class='ocrx_word' id='word_1_106' title='bbox 97 1095 239 1156; x_wconf 85' lang='lat' dir='ltr'><strong>rillcasse,</strong></span> <span class='ocrx_word' id='word_1_107' title='bbox 265 1101 381 1158; x_wconf 81' lang='lat' dir='ltr'><strong>eumque</strong></span> <span class='ocrx_word' id='word_1_108' title='bbox 405 1085 452 1140; x_wconf 91' lang='lat' dir='ltr'><strong>Dei</strong></span> <span class='ocrx_word' id='word_1_109' title='bbox 478 1083 577 1138; x_wconf 84' lang='lat' dir='ltr'><strong>Filium</strong></span> <span class='ocrx_word' id='word_1_110' title='bbox 603 1081 719 1137; x_wconf 75' lang='lat' dir='ltr'><strong>confessi</strong></span> <span class='ocrx_word' id='word_1_111' title='bbox 744 1092 805 1133; x_wconf 88' lang='lat' dir='ltr'><strong>esse</strong></span> <span class='ocrx_word' id='word_1_112' title='bbox 830 1076 900 1132; x_wconf 88' lang='lat' dir='ltr'><strong>rele-</strong></span> 
     </span>
     <span class='ocr_line' id='line_1_10' title="bbox 102 1171 899 1249; baseline -0.026 -7"><span class='ocrx_word' id='word_1_113' title='bbox 102 1193 224 1249; x_wconf 86' lang='lat' dir='ltr'><strong>rantur,</strong></span> <span class='ocrx_word' id='word_1_114' title='bbox 260 1196 292 1236; x_wconf 92' lang='lat' dir='ltr'><strong>ac</strong></span> <span class='ocrx_word' id='word_1_115' title='bbox 325 1186 417 1249; x_wconf 89' lang='lat' dir='ltr'><strong>postea</strong></span> <span class='ocrx_word' id='word_1_116' title='bbox 449 1175 549 1230; x_wconf 76' lang='lat' dir='ltr'><strong>ludaris</strong></span> <span class='ocrx_word' id='word_1_117' title='bbox 580 1173 736 1246; x_wconf 86' lang='lat' dir='ltr'><strong>petentibus</strong></span> <span class='ocrx_word' id='word_1_118' title='bbox 764 1171 899 1225; x_wconf 87' lang='lat' dir='ltr'><strong>latronum</strong></span> 
     </span>
     <span class='ocr_line' id='line_1_11' title="bbox 98 1262 900 1344; baseline -0.021 -10"><span class='ocrx_word' id='word_1_119' title='bbox 98 1293 203 1341; x_wconf 87' lang='lat' dir='ltr'><strong>crura,</strong></span> <span class='ocrx_word' id='word_1_120' title='bbox 220 1273 267 1344; x_wconf 84' lang='lat' dir='ltr'><strong>qni</strong></span> <span class='ocrx_word' id='word_1_121' title='bbox 279 1287 340 1326; x_wconf 93' lang='lat' dir='ltr'><strong>eum</strong></span> <span class='ocrx_word' id='word_1_122' title='bbox 356 1284 389 1325; x_wconf 89' lang='lat' dir='ltr'><strong>co</strong></span> <span class='ocrx_word' id='word_1_123' title='bbox 403 1267 513 1323; x_wconf 87' lang='lat' dir='ltr'><strong>lucrant</strong></span> <span class='ocrx_word' id='word_1_124' title='bbox 527 1267 665 1332; x_wconf 81' lang='lat' dir='ltr'><strong>erucibai,</strong></span> <span class='ocrx_word' id='word_1_125' title='bbox 690 1265 794 1319; x_wconf 88' lang='lat' dir='ltr'><strong>Pilatus</strong></span> <span class='ocrx_word' id='word_1_126' title='bbox 813 1262 900 1332; x_wconf 77' lang='lat' dir='ltr'><strong>frangi</strong></span> 
     </span>
     <span class='ocr_line' id='line_1_12' title="bbox 98 1358 900 1428; baseline -0.021 -3"><span class='ocrx_word' id='word_1_127' title='bbox 98 1365 278 1428; x_wconf 79' lang='lat' dir='ltr'><strong>concesserit,</strong></span> <span class='ocrx_word' id='word_1_128' title='bbox 294 1361 358 1417; x_wconf 86' lang='lat' dir='ltr'><strong>lesu</strong></span> <span class='ocrx_word' id='word_1_129' title='bbox 375 1368 467 1414; x_wconf 91' lang='lat' dir='ltr'><strong>autem</strong></span> <span class='ocrx_word' id='word_1_130' title='bbox 478 1358 535 1427; x_wconf 87' lang='lat' dir='ltr'><strong>jam</strong></span> <span class='ocrx_word' id='word_1_131' title='bbox 549 1358 647 1413; x_wconf 91' lang='lat' dir='ltr'><strong>mortui</strong></span> <span class='ocrx_word' id='word_1_132' title='bbox 662 1374 716 1413; x_wconf 90' lang='lat' dir='ltr'><strong>non</strong></span> <span class='ocrx_word' id='word_1_133' title='bbox 731 1372 812 1412; x_wconf 89' lang='lat' dir='ltr'><strong>crura</strong></span> <span class='ocrx_word' id='word_1_134' title='bbox 832 1370 900 1409; x_wconf 91' lang='lat' dir='ltr'><strong>eun-</strong></span> 
     </span>
     <span class='ocr_line' id='line_1_13' title="bbox 100 1450 900 1524; baseline -0.015 -12"><span class='ocrx_word' id='word_1_135' title='bbox 100 1457 206 1524; x_wconf 79' lang='lat' dir='ltr'><strong>l&#39;raeta,</strong></span> <span class='ocrx_word' id='word_1_136' title='bbox 223 1456 271 1511; x_wconf 91' lang='lat' dir='ltr'><strong>sed</strong></span> <span class='ocrx_word' id='word_1_137' title='bbox 285 1452 379 1507; x_wconf 91' lang='lat' dir='ltr'><strong>militis</strong></span> <span class='ocrx_word' id='word_1_138' title='bbox 393 1451 486 1505; x_wconf 87' lang='lat' dir='ltr'><strong>laneca</strong></span> <span class='ocrx_word' id='word_1_139' title='bbox 503 1450 574 1505; x_wconf 89' lang='lat' dir='ltr'><strong>latus</strong></span> <span class='ocrx_word' id='word_1_140' title='bbox 589 1457 750 1503; x_wconf 90' lang='lat' dir='ltr'><strong>narraretur</strong></span> <span class='ocrx_word' id='word_1_141' title='bbox 763 1455 900 1517; x_wconf 88' lang='lat' dir='ltr'><strong>apertum,</strong></span> 
     </span>
     <span class='ocr_line' id='line_1_14' title="bbox 100 1537 747 1611; baseline -0.017 -8"><span class='ocrx_word' id='word_1_142' title='bbox 100 1562 167 1611; x_wconf 91' lang='lat' dir='ltr'><strong>non,</strong></span> <span class='ocrx_word' id='word_1_143' title='bbox 183 1553 213 1599; x_wconf 92' lang='lat' dir='ltr'><strong>ut</strong></span> <span class='ocrx_word' id='word_1_144' title='bbox 225 1544 276 1598; x_wconf 91' lang='lat' dir='ltr'><strong>iste</strong></span> <span class='ocrx_word' id='word_1_145' title='bbox 291 1540 415 1610; x_wconf 89' lang='lat' dir='ltr'><strong>imperite</strong></span> <span class='ocrx_word' id='word_1_146' title='bbox 428 1538 550 1609; x_wconf 91' lang='lat' dir='ltr'><strong>protulit,</strong></span> <span class='ocrx_word' id='word_1_147' title='bbox 566 1537 747 1608; x_wconf 81' lang='lat' dir='ltr'><strong>perforatum.</strong></span> 
     </span>
    </p>
   </div>
   <div class='ocr_carea' id='block_1_4' title="bbox 102 1668 912 3028">
    <p class='ocr_par' dir='ltr' id='par_1_5' title="bbox 102 1668 912 3028">
     <span class='ocr_line' id='line_1_15' title="bbox 138 1668 903 1740; baseline -0.014 -10"><span class='ocrx_word' id='word_1_148' title='bbox 138 1674 184 1730; x_wconf 79' lang='lat' dir='ltr'><strong>lx.</strong></span> <span class='ocrx_word' id='word_1_149' title='bbox 204 1672 264 1728; x_wconf 84' lang='lat' dir='ltr'><strong>lam</strong></span> <span class='ocrx_word' id='word_1_150' title='bbox 281 1685 346 1727; x_wconf 86' lang='lat' dir='ltr'><strong>rero</strong></span> <span class='ocrx_word' id='word_1_151' title='bbox 369 1679 469 1740; x_wconf 81' lang='lat' dir='ltr'><strong>quanta</strong></span> <span class='ocrx_word' id='word_1_152' title='bbox 489 1669 535 1724; x_wconf 86' lang='lat' dir='ltr'><strong>illa</strong></span> <span class='ocrx_word' id='word_1_153' title='bbox 552 1677 616 1724; x_wconf 91' lang='lat' dir='ltr'><strong>sunt</strong></span> <span class='ocrx_word' id='word_1_154' title='bbox 639 1668 788 1732; x_wconf 79' lang='lat' dir='ltr'><strong>vaticinia,</strong></span> <span class='ocrx_word' id='word_1_155' title='bbox 814 1674 844 1720; x_wconf 94' lang='lat' dir='ltr'><strong>ut</strong></span> <span class='ocrx_word' id='word_1_156' title='bbox 865 1673 903 1720; x_wconf 84' lang='lat' dir='ltr'><strong>tta</strong></span> 
     </span>
     <span class='ocr_line' id='line_1_16' title="bbox 102 1760 888 1832; baseline -0.011 -9"><span class='ocrx_word' id='word_1_157' title='bbox 102 1766 207 1823; x_wconf 88' lang='lat' dir='ltr'><strong>dietum</strong></span> <span class='ocrx_word' id='word_1_158' title='bbox 229 1766 279 1832; x_wconf 88' lang='lat' dir='ltr'><strong>sit,</strong></span> <span class='ocrx_word' id='word_1_159' title='bbox 304 1764 371 1818; x_wconf 86' lang='lat' dir='ltr'><strong>salsa</strong></span> <span class='ocrx_word' id='word_1_160' title='bbox 393 1765 419 1818; x_wconf 93' lang='lat' dir='ltr'><strong>in</strong></span> <span class='ocrx_word' id='word_1_161' title='bbox 443 1762 624 1832; x_wconf 80' lang='lat' dir='ltr'><strong>responsoriis</strong></span> <span class='ocrx_word' id='word_1_162' title='bbox 640 1769 668 1817; x_wconf 91' lang='lat' dir='ltr'><strong>et</strong></span> <span class='ocrx_word' id='word_1_163' title='bbox 692 1760 888 1831; x_wconf 79' lang='lat' dir='ltr'><strong>antiphonariis</strong></span> 
     </span>
     <span class='ocr_line' id='line_1_17' title="bbox 103 1856 899 1933; baseline -0.009 -16"><span class='ocrx_word' id='word_1_164' title='bbox 103 1877 166 1932; x_wconf 80' lang='lat' dir='ltr'><strong>qnae</strong></span> <span class='ocrx_word' id='word_1_165' title='bbox 181 1862 260 1933; x_wconf 85' lang='lat' dir='ltr'><strong>quasi</strong></span> <span class='ocrx_word' id='word_1_166' title='bbox 273 1875 306 1915; x_wconf 83' lang='lat' dir='ltr'><strong>ex</strong></span> <span class='ocrx_word' id='word_1_167' title='bbox 321 1875 388 1915; x_wconf 86' lang='lat' dir='ltr'><strong>roee</strong></span> <span class='ocrx_word' id='word_1_168' title='bbox 411 1859 518 1914; x_wconf 90' lang='lat' dir='ltr'><strong>Domini</strong></span> <span class='ocrx_word' id='word_1_169' title='bbox 538 1858 760 1928; x_wconf 89' lang='lat' dir='ltr'><strong>pronuntiantur,</strong></span> <span class='ocrx_word' id='word_1_170' title='bbox 786 1871 848 1912; x_wconf 90' lang='lat' dir='ltr'><strong>cnm</strong></span> <span class='ocrx_word' id='word_1_171' title='bbox 872 1856 899 1911; x_wconf 93' lang='lat' dir='ltr'><strong>in</strong></span> 
     </span>
     <span class='ocr_line' id='line_1_18' title="bbox 105 1947 902 2020; baseline -0.011 -12"><span class='ocrx_word' id='word_1_172' title='bbox 105 1952 188 2008; x_wconf 89' lang='lat' dir='ltr'><strong>nullis</strong></span> <span class='ocrx_word' id='word_1_173' title='bbox 203 1951 301 2006; x_wconf 79' lang='lat' dir='ltr'><strong>(lirinis</strong></span> <span class='ocrx_word' id='word_1_174' title='bbox 315 1950 464 2020; x_wconf 88' lang='lat' dir='ltr'><strong>Scripturis</strong></span> <span class='ocrx_word' id='word_1_175' title='bbox 474 1949 654 2019; x_wconf 88' lang='lat' dir='ltr'><strong>reperiantur.</strong></span> <span class='ocrx_word' id='word_1_176' title='bbox 675 1947 712 2004; x_wconf 89' lang='lat' dir='ltr'><strong>Ut</strong></span> <span class='ocrx_word' id='word_1_177' title='bbox 724 1955 784 2003; x_wconf 90' lang='lat' dir='ltr'><strong>est:</strong></span> <span class='ocrx_word' id='word_1_178' title='bbox 802 1947 902 2001; x_wconf 85' lang='lat' dir='ltr'><strong>Octauo</strong></span> 
     </span>
     <span class='ocr_line' id='line_1_19' title="bbox 104 2038 904 2112; baseline -0.01 -13"><span class='ocrx_word' id='word_1_179' title='bbox 104 2045 208 2099; x_wconf 88' lang='lat' dir='ltr'><strong>decima</strong></span> <span class='ocrx_word' id='word_1_180' title='bbox 229 2044 272 2098; x_wconf 87' lang='lat' dir='ltr'><strong>die</strong></span> <span class='ocrx_word' id='word_1_181' title='bbox 294 2043 388 2096; x_wconf 81' lang='lat' dir='ltr'><strong>decimi</strong></span> <span class='ocrx_word' id='word_1_182' title='bbox 407 2043 504 2096; x_wconf 83' lang='lat' dir='ltr'><strong>niensis</strong></span> <span class='ocrx_word' id='word_1_183' title='bbox 525 2040 702 2112; x_wconf 75' lang='lat' dir='ltr'><strong>jejunabitis,</strong></span> <span class='ocrx_word' id='word_1_184' title='bbox 727 2039 792 2093; x_wconf 88' lang='lat' dir='ltr'><strong>dicit</strong></span> <span class='ocrx_word' id='word_1_185' title='bbox 812 2038 904 2092; x_wconf 89' lang='lat' dir='ltr'><strong>Domi·</strong></span> 
     </span>
     <span class='ocr_line' id='line_1_20' title="bbox 105 2131 905 2202; baseline -0.015 -9"><span class='ocrx_word' id='word_1_186' title='bbox 105 2154 179 2202; x_wconf 83' lang='lat' dir='ltr'><strong>trus,</strong></span> <span class='ocrx_word' id='word_1_187' title='bbox 205 2144 229 2191; x_wconf 86' lang='lat' dir='ltr'><strong>ct</strong></span> <span class='ocrx_word' id='word_1_188' title='bbox 256 2138 359 2189; x_wconf 86' lang='lat' dir='ltr'><strong>mittam</strong></span> <span class='ocrx_word' id='word_1_189' title='bbox 385 2134 455 2189; x_wconf 83' lang='lat' dir='ltr'><strong>eolis</strong></span> <span class='ocrx_word' id='word_1_190' title='bbox 485 2131 650 2187; x_wconf 84' lang='lat' dir='ltr'><strong>Saiuatorent</strong></span> <span class='ocrx_word' id='word_1_191' title='bbox 676 2141 700 2186; x_wconf 90' lang='lat' dir='ltr'><strong>et</strong></span> <span class='ocrx_word' id='word_1_192' title='bbox 726 2137 905 2202; x_wconf 80' lang='lat' dir='ltr'><strong>propapnoto-</strong></span> 
     </span>
     <span class='ocr_line' id='line_1_21' title="bbox 107 2223 905 2300; baseline -0.013 -15"><span class='ocrx_word' id='word_1_193' title='bbox 107 2246 164 2285; x_wconf 87' lang='lat' dir='ltr'><strong>rem</strong></span> <span class='ocrx_word' id='word_1_194' title='bbox 184 2246 232 2300; x_wconf 88' lang='lat' dir='ltr'><strong>pro</strong></span> <span class='ocrx_word' id='word_1_195' title='bbox 253 2229 344 2293; x_wconf 84' lang='lat' dir='ltr'><strong>eolis,</strong></span> <span class='ocrx_word' id='word_1_196' title='bbox 370 2229 415 2298; x_wconf 78' lang='lat' dir='ltr'><strong>qui</strong></span> <span class='ocrx_word' id='word_1_197' title='bbox 438 2244 481 2281; x_wconf 86' lang='lat' dir='ltr'><strong>eos</strong></span> <span class='ocrx_word' id='word_1_198' title='bbox 506 2226 639 2298; x_wconf 82' lang='lat' dir='ltr'><strong>praecedat</strong></span> <span class='ocrx_word' id='word_1_199' title='bbox 661 2233 685 2278; x_wconf 90' lang='lat' dir='ltr'><strong>et</strong></span> <span class='ocrx_word' id='word_1_200' title='bbox 707 2223 858 2278; x_wconf 86' lang='lat' dir='ltr'><strong>introducat</strong></span> <span class='ocrx_word' id='word_1_201' title='bbox 877 2223 905 2276; x_wconf 90' lang='lat' dir='ltr'><strong>in</strong></span> 
     </span>
     <span class='ocr_line' id='line_1_22' title="bbox 105 2315 904 2391; baseline -0.01 -16"><span class='ocrx_word' id='word_1_202' title='bbox 105 2330 206 2376; x_wconf 86' lang='lat' dir='ltr'><strong>terrant</strong></span> <span class='ocrx_word' id='word_1_203' title='bbox 230 2337 310 2391; x_wconf 83' lang='lat' dir='ltr'><strong>quam</strong></span> <span class='ocrx_word' id='word_1_204' title='bbox 329 2319 422 2389; x_wconf 81' lang='lat' dir='ltr'><strong>jurani</strong></span> <span class='ocrx_word' id='word_1_205' title='bbox 448 2318 568 2388; x_wconf 86' lang='lat' dir='ltr'><strong>patribus</strong></span> <span class='ocrx_word' id='word_1_206' title='bbox 596 2316 699 2369; x_wconf 87' lang='lat' dir='ltr'><strong>uestris.</strong></span> <span class='ocrx_word' id='word_1_207' title='bbox 725 2315 758 2370; x_wconf 88' lang='lat' dir='ltr'><strong>Et</strong></span> <span class='ocrx_word' id='word_1_208' title='bbox 782 2315 904 2371; x_wconf 81' lang='lat' dir='ltr'><strong>ilerum:</strong></span> 
     </span>
     <span class='ocr_line' id='line_1_23' title="bbox 107 2404 907 2480; baseline -0.01 -14"><span class='ocrx_word' id='word_1_209' title='bbox 107 2409 242 2466; x_wconf 83' lang='lat' dir='ltr'><strong>Coronam</strong></span> <span class='ocrx_word' id='word_1_210' title='bbox 257 2409 349 2480; x_wconf 78' lang='lat' dir='ltr'><strong>pieriae</strong></span> <span class='ocrx_word' id='word_1_211' title='bbox 373 2425 468 2479; x_wconf 89' lang='lat' dir='ltr'><strong>ponam</strong></span> <span class='ocrx_word' id='word_1_212' title='bbox 491 2414 660 2477; x_wconf 87' lang='lat' dir='ltr'><strong>superaaput</strong></span> <span class='ocrx_word' id='word_1_213' title='bbox 676 2406 749 2476; x_wconf 82' lang='lat' dir='ltr'><strong>ejus,</strong></span> <span class='ocrx_word' id='word_1_214' title='bbox 772 2405 835 2459; x_wconf 88' lang='lat' dir='ltr'><strong>dicit</strong></span> <span class='ocrx_word' id='word_1_215' title='bbox 856 2404 907 2458; x_wconf 88' lang='lat' dir='ltr'><strong>Do·</strong></span> 
     </span>
     <span class='ocr_line' id='line_1_24' title="bbox 106 2497 907 2568; baseline -0.006 -12"><span class='ocrx_word' id='word_1_216' title='bbox 106 2503 209 2564; x_wconf 83' lang='lat' dir='ltr'><strong>minus,</strong></span> <span class='ocrx_word' id='word_1_217' title='bbox 227 2511 250 2554; x_wconf 91' lang='lat' dir='ltr'><strong>et</strong></span> <span class='ocrx_word' id='word_1_218' title='bbox 263 2500 373 2553; x_wconf 87' lang='lat' dir='ltr'><strong>induam</strong></span> <span class='ocrx_word' id='word_1_219' title='bbox 388 2497 464 2553; x_wconf 89' lang='lat' dir='ltr'><strong>illurn</strong></span> <span class='ocrx_word' id='word_1_220' title='bbox 486 2497 581 2553; x_wconf 88' lang='lat' dir='ltr'><strong>stolam</strong></span> <span class='ocrx_word' id='word_1_221' title='bbox 595 2497 753 2562; x_wconf 88' lang='lat' dir='ltr'><strong>candidam,</strong></span> <span class='ocrx_word' id='word_1_222' title='bbox 769 2499 832 2568; x_wconf 81' lang='lat' dir='ltr'><strong>qnia</strong></span> <span class='ocrx_word' id='word_1_223' title='bbox 850 2513 907 2552; x_wconf 86' lang='lat' dir='ltr'><strong>ser-</strong></span> 
     </span>
     <span class='ocr_line' id='line_1_25' title="bbox 108 2587 909 2662; baseline -0.007 -15"><span class='ocrx_word' id='word_1_224' title='bbox 108 2592 181 2647; x_wconf 78' lang='lat' dir='ltr'><strong>uauit</strong></span> <span class='ocrx_word' id='word_1_225' title='bbox 205 2591 333 2644; x_wconf 84' lang='lat' dir='ltr'><strong>artandata</strong></span> <span class='ocrx_word' id='word_1_226' title='bbox 348 2607 427 2653; x_wconf 78' lang='lat' dir='ltr'><strong>terea,</strong></span> <span class='ocrx_word' id='word_1_227' title='bbox 450 2597 474 2644; x_wconf 88' lang='lat' dir='ltr'><strong>et</strong></span> <span class='ocrx_word' id='word_1_228' title='bbox 497 2598 604 2662; x_wconf 88' lang='lat' dir='ltr'><strong>propter</strong></span> <span class='ocrx_word' id='word_1_229' title='bbox 622 2604 717 2642; x_wconf 85' lang='lat' dir='ltr'><strong>nornen</strong></span> <span class='ocrx_word' id='word_1_230' title='bbox 738 2603 824 2642; x_wconf 78' lang='lat' dir='ltr'><strong>rreum</strong></span> <span class='ocrx_word' id='word_1_231' title='bbox 843 2587 909 2658; x_wconf 70' lang='lat' dir='ltr'><strong>cffu-</strong></span> 
     </span>
     <span class='ocr_line' id='line_1_26' title="bbox 109 2679 909 2753; baseline -0.004 -15"><span class='ocrx_word' id='word_1_232' title='bbox 109 2701 156 2738; x_wconf 83' lang='lat' dir='ltr'><strong>sas</strong></span> <span class='ocrx_word' id='word_1_233' title='bbox 184 2691 223 2737; x_wconf 90' lang='lat' dir='ltr'><strong>est</strong></span> <span class='ocrx_word' id='word_1_234' title='bbox 244 2684 352 2752; x_wconf 69' lang='lat' dir='ltr'><strong>sanquis</strong></span> <span class='ocrx_word' id='word_1_235' title='bbox 376 2682 434 2753; x_wconf 82' lang='lat' dir='ltr'><strong>ejus</strong></span> <span class='ocrx_word' id='word_1_236' title='bbox 460 2683 489 2737; x_wconf 89' lang='lat' dir='ltr'><strong>in</strong></span> <span class='ocrx_word' id='word_1_237' title='bbox 515 2691 597 2736; x_wconf 87' lang='lat' dir='ltr'><strong>terra.</strong></span> <span class='ocrx_word' id='word_1_238' title='bbox 622 2680 656 2735; x_wconf 91' lang='lat' dir='ltr'><strong>Et</strong></span> <span class='ocrx_word' id='word_1_239' title='bbox 676 2681 797 2735; x_wconf 86' lang='lat' dir='ltr'><strong>iterum:</strong></span> <span class='ocrx_word' id='word_1_240' title='bbox 818 2679 909 2736; x_wconf 82' lang='lat' dir='ltr'><strong>Sancti</strong></span> 
     </span>
     <span class='ocr_line' id='line_1_27' title="bbox 111 2773 909 2844; baseline -0.005 -12"><span class='ocrx_word' id='word_1_241' title='bbox 111 2779 185 2841; x_wconf 83' lang='lat' dir='ltr'><strong>estis,</strong></span> <span class='ocrx_word' id='word_1_242' title='bbox 201 2777 264 2830; x_wconf 88' lang='lat' dir='ltr'><strong>dicit</strong></span> <span class='ocrx_word' id='word_1_243' title='bbox 278 2774 417 2841; x_wconf 78' lang='lat' dir='ltr'><strong>Dominus,</strong></span> <span class='ocrx_word' id='word_1_244' title='bbox 433 2773 615 2844; x_wconf 81' lang='lat' dir='ltr'><strong>multiplicabo</strong></span> <span class='ocrx_word' id='word_1_245' title='bbox 631 2789 770 2827; x_wconf 87' lang='lat' dir='ltr'><strong>numerum</strong></span> <span class='ocrx_word' id='word_1_246' title='bbox 784 2780 909 2840; x_wconf 72' lang='lat' dir='ltr'><strong>resinent,</strong></span> 
     </span>
     <span class='ocr_line' id='line_1_28' title="bbox 111 2863 912 2937; baseline -0.007 -15"><span class='ocrx_word' id='word_1_247' title='bbox 111 2877 143 2923; x_wconf 82' lang='grc' dir='ltr'><strong>ιιι</strong></span> <span class='ocrx_word' id='word_1_248' title='bbox 156 2868 236 2922; x_wconf 88' lang='lat' dir='ltr'><strong>oretis</strong></span> <span class='ocrx_word' id='word_1_249' title='bbox 255 2883 302 2937; x_wconf 88' lang='lat' dir='ltr'><strong>pro</strong></span> <span class='ocrx_word' id='word_1_250' title='bbox 316 2865 411 2937; x_wconf 88' lang='lat' dir='ltr'><strong>popula</strong></span> <span class='ocrx_word' id='word_1_251' title='bbox 431 2882 487 2920; x_wconf 90' lang='lat' dir='ltr'><strong>nrco</strong></span> <span class='ocrx_word' id='word_1_252' title='bbox 505 2866 533 2919; x_wconf 89' lang='lat' dir='ltr'><strong>in</strong></span> <span class='ocrx_word' id='word_1_253' title='bbox 555 2864 612 2918; x_wconf 89' lang='lat' dir='ltr'><strong>loco</strong></span> <span class='ocrx_word' id='word_1_254' title='bbox 632 2865 692 2919; x_wconf 88' lang='lat' dir='ltr'><strong>isto.</strong></span> <span class='ocrx_word' id='word_1_255' title='bbox 713 2863 748 2918; x_wconf 90' lang='lat' dir='ltr'><strong>Et</strong></span> <span class='ocrx_word' id='word_1_256' title='bbox 762 2863 846 2919; x_wconf 88' lang='lat' dir='ltr'><strong>multa</strong></span> <span class='ocrx_word' id='word_1_257' title='bbox 860 2863 912 2918; x_wconf 91' lang='lat' dir='ltr'><strong>lm-</strong></span> 
     </span>
     <span class='ocr_line' id='line_1_29' title="bbox 110 2950 912 3028; baseline -0.005 -17"><span class='ocrx_word' id='word_1_258' title='bbox 110 2956 231 3028; x_wconf 80' lang='lat' dir='ltr'><strong>jusmodi</strong></span> <span class='ocrx_word' id='word_1_259' title='bbox 253 2954 397 3009; x_wconf 87' lang='lat' dir='ltr'><strong>ridiculosa</strong></span> <span class='ocrx_word' id='word_1_260' title='bbox 412 2962 440 3009; x_wconf 91' lang='lat' dir='ltr'><strong>et</strong></span> <span class='ocrx_word' id='word_1_261' title='bbox 465 2954 619 3008; x_wconf 76' lang='lat' dir='ltr'><strong>fantastica.</strong></span> <span class='ocrx_word' id='word_1_262' title='bbox 645 2953 765 3020; x_wconf 81' lang='lat' dir='ltr'><strong>Quorum</strong></span> <span class='ocrx_word' id='word_1_263' title='bbox 786 2950 912 3008; x_wconf 84' lang='lat' dir='ltr'><strong>invento-</strong></span> 
     </span>
    </p>
   </div>
   <div class='ocr_carea' id='block_1_5' title="bbox 112 3045 913 3119">
    <p class='ocr_par' dir='ltr' id='par_1_6' title="bbox 112 3045 913 3119">
     <span class='ocr_line' id='line_1_30' title="bbox 112 3045 913 3119; baseline -0.006 -15"><span class='ocrx_word' id='word_1_264' title='bbox 112 3049 190 3104; x_wconf 82' lang='lat' dir='ltr'><strong>ribus</strong></span> <span class='ocrx_word' id='word_1_265' title='bbox 204 3062 354 3119; x_wconf 82' lang='lat' dir='ltr'><strong>congruere</strong></span> <span class='ocrx_word' id='word_1_266' title='bbox 376 3048 442 3101; x_wconf 91' lang='lat' dir='ltr'><strong>mihi</strong></span> <span class='ocrx_word' id='word_1_267' title='bbox 469 3048 597 3102; x_wconf 85' lang='lat' dir='ltr'><strong>ridentur</strong></span> <span class='ocrx_word' id='word_1_268' title='bbox 621 3046 682 3113; x_wconf 89' lang='lat' dir='ltr'><strong>illa,</strong></span> <span class='ocrx_word' id='word_1_269' title='bbox 702 3061 762 3116; x_wconf 79' lang='lat' dir='ltr'><strong>quae</strong></span> <span class='ocrx_word' id='word_1_270' title='bbox 781 3045 913 3100; x_wconf 84' lang='lat' dir='ltr'><strong>Dominus</strong></span> 
     </span>
    </p>
   </div>
   <div class='ocr_carea' id='block_1_6' title="bbox 950 1059 1747 1593">
    <p class='ocr_par' dir='ltr' id='par_1_7' title="bbox 950 1059 1747 1593">
     <span class='ocr_line' id='line_1_31' title="bbox 950 1059 1742 1136; baseline -0.02 -5"><span class='ocrx_word' id='word_1_271' title='bbox 950 1077 1064 1131; x_wconf 92' lang='lat' dir='ltr'><strong>tioribus</strong></span> <span class='ocrx_word' id='word_1_272' title='bbox 1078 1078 1195 1129; x_wconf 84' lang='lat' dir='ltr'><strong>tractata</strong></span> <span class='ocrx_word' id='word_1_273' title='bbox 1209 1075 1235 1124; x_wconf 93' lang='lat' dir='ltr'><strong>et</strong></span> <span class='ocrx_word' id='word_1_274' title='bbox 1254 1064 1429 1136; x_wconf 89' lang='lat' dir='ltr'><strong>comprobata</strong></span> <span class='ocrx_word' id='word_1_275' title='bbox 1450 1062 1479 1118; x_wconf 90' lang='lat' dir='ltr'><strong>in</strong></span> <span class='ocrx_word' id='word_1_276' title='bbox 1500 1061 1603 1132; x_wconf 75' lang='lat' dir='ltr'><strong>synodo</strong></span> <span class='ocrx_word' id='word_1_277' title='bbox 1619 1059 1742 1125; x_wconf 89' lang='lat' dir='ltr'><strong>inerint;</strong></span> 
     </span>
     <span class='ocr_line' id='line_1_32' title="bbox 952 1152 1743 1233; baseline -0.02 -9"><span class='ocrx_word' id='word_1_278' title='bbox 952 1183 986 1224; x_wconf 91' lang='lat' dir='ltr'><strong>ne</strong></span> <span class='ocrx_word' id='word_1_279' title='bbox 1001 1166 1070 1222; x_wconf 87' lang='lat' dir='ltr'><strong>torte</strong></span> <span class='ocrx_word' id='word_1_280' title='bbox 1083 1162 1186 1233; x_wconf 89' lang='lat' dir='ltr'><strong>aliquid</strong></span> <span class='ocrx_word' id='word_1_281' title='bbox 1200 1167 1296 1216; x_wconf 87' lang='lat' dir='ltr'><strong>eontra</strong></span> <span class='ocrx_word' id='word_1_282' title='bbox 1310 1156 1412 1220; x_wconf 84' lang='lat' dir='ltr'><strong>utem,</strong></span> <span class='ocrx_word' id='word_1_283' title='bbox 1432 1153 1475 1210; x_wconf 89' lang='lat' dir='ltr'><strong>rel</strong></span> <span class='ocrx_word' id='word_1_284' title='bbox 1487 1168 1537 1224; x_wconf 89' lang='lat' dir='ltr'><strong>per</strong></span> <span class='ocrx_word' id='word_1_285' title='bbox 1551 1152 1743 1224; x_wconf 73' lang='lat' dir='ltr'><strong>ignorantiam,</strong></span> 
     </span>
     <span class='ocr_line' id='line_1_33' title="bbox 950 1244 1746 1328; baseline -0.018 -14"><span class='ocrx_word' id='word_1_286' title='bbox 950 1259 994 1315; x_wconf 85' lang='lat' dir='ltr'><strong>rel</strong></span> <span class='ocrx_word' id='word_1_287' title='bbox 1017 1272 1066 1328; x_wconf 89' lang='lat' dir='ltr'><strong>per</strong></span> <span class='ocrx_word' id='word_1_288' title='bbox 1091 1254 1227 1317; x_wconf 90' lang='lat' dir='ltr'><strong>studium,</strong></span> <span class='ocrx_word' id='word_1_289' title='bbox 1253 1250 1289 1305; x_wconf 88' lang='lat' dir='ltr'><strong>sit</strong></span> <span class='ocrx_word' id='word_1_290' title='bbox 1306 1247 1524 1318; x_wconf 74' lang='lat' dir='ltr'><strong>compositum.»</strong></span> <span class='ocrx_word' id='word_1_291' title='bbox 1549 1244 1601 1300; x_wconf 89' lang='lat' dir='ltr'><strong>Ubi</strong></span> <span class='ocrx_word' id='word_1_292' title='bbox 1625 1244 1746 1301; x_wconf 77' lang='lat' dir='ltr'><strong>breuiter</strong></span> 
     </span>
     <span class='ocr_line' id='line_1_34' title="bbox 952 1334 1745 1412; baseline -0.02 -7"><span class='ocrx_word' id='word_1_293' title='bbox 952 1345 1190 1407; x_wconf 86' lang='lat' dir='ltr'><strong>considerandum,</strong></span> <span class='ocrx_word' id='word_1_294' title='bbox 1206 1339 1279 1412; x_wconf 85' lang='lat' dir='ltr'><strong>qrrod</strong></span> <span class='ocrx_word' id='word_1_295' title='bbox 1295 1355 1348 1394; x_wconf 87' lang='lat' dir='ltr'><strong>oon</strong></span> <span class='ocrx_word' id='word_1_296' title='bbox 1362 1337 1450 1393; x_wconf 90' lang='lat' dir='ltr'><strong>solum</strong></span> <span class='ocrx_word' id='word_1_297' title='bbox 1462 1352 1494 1391; x_wconf 87' lang='lat' dir='ltr'><strong>ea</strong></span> <span class='ocrx_word' id='word_1_298' title='bbox 1508 1351 1570 1406; x_wconf 74' lang='lat' dir='ltr'><strong>quae</strong></span> <span class='ocrx_word' id='word_1_299' title='bbox 1583 1334 1674 1390; x_wconf 87' lang='lat' dir='ltr'><strong>studio</strong></span> <span class='ocrx_word' id='word_1_300' title='bbox 1684 1349 1745 1405; x_wconf 91' lang='lat' dir='ltr'><strong>per-</strong></span> 
     </span>
     <span class='ocr_line' id='line_1_35' title="bbox 953 1425 1747 1503; baseline -0.021 -8"><span class='ocrx_word' id='word_1_301' title='bbox 953 1440 1033 1503; x_wconf 74' lang='lat' dir='ltr'><strong>beliae,</strong></span> <span class='ocrx_word' id='word_1_302' title='bbox 1057 1434 1201 1491; x_wconf 87' lang='lat' dir='ltr'><strong>sedetiam</strong></span> <span class='ocrx_word' id='word_1_303' title='bbox 1215 1430 1263 1486; x_wconf 81' lang='lat' dir='ltr'><strong>illr</strong></span> <span class='ocrx_word' id='word_1_304' title='bbox 1282 1445 1344 1501; x_wconf 82' lang='lat' dir='ltr'><strong>quae</strong></span> <span class='ocrx_word' id='word_1_305' title='bbox 1365 1428 1378 1468; x_wconf 75' lang='lat' dir='ltr'><strong>b</strong></span> <span class='ocrx_word' id='word_1_306' title='bbox 1401 1426 1573 1497; x_wconf 74' lang='lat' dir='ltr'><strong>simplicitate</strong></span> <span class='ocrx_word' id='word_1_307' title='bbox 1587 1425 1747 1497; x_wconf 70' lang='lat' dir='ltr'><strong>tanornnaee</strong></span> 
     </span>
     <span class='ocr_line' id='line_1_36' title="bbox 954 1516 1747 1593; baseline -0.018 -8"><span class='ocrx_word' id='word_1_308' title='bbox 954 1536 1048 1585; x_wconf 91' lang='lat' dir='ltr'><strong>contra</strong></span> <span class='ocrx_word' id='word_1_309' title='bbox 1063 1523 1125 1580; x_wconf 85' lang='lat' dir='ltr'><strong>tuat</strong></span> <span class='ocrx_word' id='word_1_310' title='bbox 1137 1520 1256 1593; x_wconf 78' lang='lat' dir='ltr'><strong>regulam</strong></span> <span class='ocrx_word' id='word_1_311' title='bbox 1269 1517 1416 1588; x_wconf 82' lang='lat' dir='ltr'><strong>coraposito</strong></span> <span class='ocrx_word' id='word_1_312' title='bbox 1429 1516 1540 1582; x_wconf 82' lang='lat' dir='ltr'><strong>inerint,</strong></span> <span class='ocrx_word' id='word_1_313' title='bbox 1552 1517 1612 1586; x_wconf 92' lang='lat' dir='ltr'><strong>pari</strong></span> <span class='ocrx_word' id='word_1_314' title='bbox 1624 1517 1747 1572; x_wconf 83' lang='lat' dir='ltr'><strong>animad-</strong></span> 
     </span>
    </p>
   </div>
   <div class='ocr_carea' id='block_1_7' title="bbox 866 1613 1281 1687">
    <p class='ocr_par' dir='ltr' id='par_1_8' title="bbox 866 1613 1281 1687">
     <span class='ocr_line' id='line_1_37' title="bbox 866 1613 1281 1687; baseline -0.031 -8"><span class='ocrx_word' id='word_1_315' title='bbox 866 1667 872 1679; x_wconf 88' lang='lat'><strong>.</strong></span> <span class='ocrx_word' id='word_1_316' title='bbox 955 1619 1079 1675; x_wconf 83' lang='lat' dir='ltr'><strong>versione</strong></span> <span class='ocrx_word' id='word_1_317' title='bbox 1093 1613 1281 1687; x_wconf 84' lang='lat' dir='ltr'><strong>repudiantur.</strong></span> 
     </span>
    </p>
   </div>
   <div class='ocr_carea' id='block_1_8' title="bbox 990 1701 1748 1774">
    <p class='ocr_par' dir='ltr' id='par_1_9' title="bbox 990 1701 1748 1774">
     <span class='ocr_line' id='line_1_38' title="bbox 990 1701 1748 1774; baseline -0.012 -8"><span class='ocrx_word' id='word_1_318' title='bbox 990 1708 1047 1766; x_wconf 82' lang='lat' dir='ltr'><strong>xtt.</strong></span> <span class='ocrx_word' id='word_1_319' title='bbox 1074 1707 1173 1763; x_wconf 83' lang='lat' dir='ltr'><strong>Beatus</strong></span> <span class='ocrx_word' id='word_1_320' title='bbox 1203 1704 1383 1774; x_wconf 83' lang='lat' dir='ltr'><strong>llieronymus</strong></span> <span class='ocrx_word' id='word_1_321' title='bbox 1406 1701 1570 1774; x_wconf 80' lang='lat' dir='ltr'><strong>(Commeat.</strong></span> <span class='ocrx_word' id='word_1_322' title='bbox 1595 1701 1623 1757; x_wconf 87' lang='lat' dir='ltr'><strong>ia</strong></span> <span class='ocrx_word' id='word_1_323' title='bbox 1645 1718 1704 1774; x_wconf 87' lang='lat' dir='ltr'><strong>cap.</strong></span> <span class='ocrx_word' id='word_1_324' title='bbox 1730 1719 1748 1757; x_wconf 86' lang='grc' dir='ltr'><strong>ιι</strong></span> 
     </span>
    </p>
   </div>
   <div class='ocr_carea' id='block_1_9' title="bbox 891 1794 1747 1871">
    <p class='ocr_par' dir='ltr' id='par_1_10' title="bbox 891 1794 1747 1871">
     <span class='ocr_line' id='line_1_39' title="bbox 891 1794 1747 1871; baseline -0.009 -16"><span class='ocrx_word' id='word_1_325' title='bbox 891 1803 898 1826; x_wconf 87' lang='grc'>’</span> <span class='ocrx_word' id='word_1_326' title='bbox 914 1808 937 1867; x_wconf 79' lang='grc' dir='ltr'>Β</span> <span class='ocrx_word' id='word_1_327' title='bbox 953 1800 1038 1871; x_wconf 81' lang='lat' dir='ltr'><strong>Epist.</strong></span> <span class='ocrx_word' id='word_1_328' title='bbox 1054 1796 1089 1850; x_wconf 88' lang='lat' dir='ltr'><strong>ad</strong></span> <span class='ocrx_word' id='word_1_329' title='bbox 1104 1794 1214 1866; x_wconf 81' lang='lat' dir='ltr'><strong>prer.)</strong></span> <span class='ocrx_word' id='word_1_330' title='bbox 1240 1809 1303 1849; x_wconf 90' lang='lat' dir='ltr'><strong>cum</strong></span> <span class='ocrx_word' id='word_1_331' title='bbox 1324 1799 1473 1861; x_wconf 85' lang='lat' dir='ltr'><strong>exponeret</strong></span> <span class='ocrx_word' id='word_1_332' title='bbox 1492 1801 1657 1862; x_wconf 82' lang='lat' dir='ltr'><strong>praeceptum</strong></span> <span class='ocrx_word' id='word_1_333' title='bbox 1673 1794 1747 1864; x_wconf 75' lang='lat' dir='ltr'><strong>Apo</strong></span> 
     </span>
    </p>
   </div>
   <div class='ocr_carea' id='block_1_10' title="bbox 952 1883 1780 3153">
    <p class='ocr_par' dir='ltr' id='par_1_11' title="bbox 952 1883 1780 3153">
     <span class='ocr_line' id='line_1_40' title="bbox 952 1883 1750 1957; baseline -0.008 -10"><span class='ocrx_word' id='word_1_334' title='bbox 952 1890 1024 1955; x_wconf 87' lang='lat' dir='ltr'><strong>stoli,</strong></span> <span class='ocrx_word' id='word_1_335' title='bbox 1047 1888 1092 1943; x_wconf 86' lang='lat' dir='ltr'><strong>nlri</strong></span> <span class='ocrx_word' id='word_1_336' title='bbox 1107 1888 1145 1942; x_wconf 91' lang='lat' dir='ltr'><strong>ait</strong></span> <span class='ocrx_word' id='word_1_337' title='bbox 1160 1903 1168 1940; x_wconf 76' lang='grc' dir='ltr'><strong><em>ε</em></strong></span> <span class='ocrx_word' id='word_1_338' title='bbox 1184 1885 1334 1957; x_wconf 86' lang='lat' dir='ltr'><strong>lmplrmini</strong></span> <span class='ocrx_word' id='word_1_339' title='bbox 1349 1883 1452 1955; x_wconf 81' lang='lat' dir='ltr'><strong>Spiritu</strong></span> <span class='ocrx_word' id='word_1_340' title='bbox 1468 1883 1600 1956; x_wconf 81' lang='lat' dir='ltr'><strong>laqueatas</strong></span> <span class='ocrx_word' id='word_1_341' title='bbox 1613 1886 1750 1943; x_wconf 78' lang='lat' dir='ltr'><strong>uobismet-</strong></span> 
     </span>
     <span class='ocr_line' id='line_1_41' title="bbox 952 1976 1750 2055; baseline -0.005 -17"><span class='ocrx_word' id='word_1_342' title='bbox 952 1985 1016 2055; x_wconf 87' lang='lat' dir='ltr'><strong>ipsis</strong></span> <span class='ocrx_word' id='word_1_343' title='bbox 1026 1983 1054 2036; x_wconf 88' lang='lat' dir='ltr'><strong>in</strong></span> <span class='ocrx_word' id='word_1_344' title='bbox 1066 1979 1175 2052; x_wconf 87' lang='lat' dir='ltr'><strong>psalmis</strong></span> <span class='ocrx_word' id='word_1_345' title='bbox 1188 1987 1213 2033; x_wconf 88' lang='lat' dir='ltr'><strong>et</strong></span> <span class='ocrx_word' id='word_1_346' title='bbox 1225 1977 1329 2048; x_wconf 80' lang='lat' dir='ltr'><strong>hpmnis</strong></span> <span class='ocrx_word' id='word_1_347' title='bbox 1342 1985 1366 2031; x_wconf 86' lang='lat' dir='ltr'><strong>et</strong></span> <span class='ocrx_word' id='word_1_348' title='bbox 1379 1977 1489 2031; x_wconf 78' lang='lat' dir='ltr'><strong>canticis</strong></span> <span class='ocrx_word' id='word_1_349' title='bbox 1502 1976 1674 2048; x_wconf 76' lang='lat' dir='ltr'><strong>spiritalibus,</strong></span> <span class='ocrx_word' id='word_1_350' title='bbox 1688 1995 1750 2034; x_wconf 81' lang='lat' dir='ltr'><strong>cen·</strong></span> 
     </span>
     <span class='ocr_line' id='line_1_42' title="bbox 953 2069 1750 2145; baseline -0.005 -13"><span class='ocrx_word' id='word_1_351' title='bbox 953 2086 1037 2132; x_wconf 85' lang='lat' dir='ltr'><strong>tontes</strong></span> <span class='ocrx_word' id='word_1_352' title='bbox 1054 2085 1077 2129; x_wconf 90' lang='lat' dir='ltr'><strong>et</strong></span> <span class='ocrx_word' id='word_1_353' title='bbox 1097 2072 1238 2145; x_wconf 85' lang='lat' dir='ltr'><strong>psallenter</strong></span> <span class='ocrx_word' id='word_1_354' title='bbox 1250 2072 1278 2125; x_wconf 89' lang='lat' dir='ltr'><strong>ia</strong></span> <span class='ocrx_word' id='word_1_355' title='bbox 1293 2069 1415 2125; x_wconf 82' lang='lat' dir='ltr'><strong>cordibus</strong></span> <span class='ocrx_word' id='word_1_356' title='bbox 1430 2071 1522 2126; x_wconf 81' lang='lat' dir='ltr'><strong>restris</strong></span> <span class='ocrx_word' id='word_1_357' title='bbox 1538 2069 1671 2136; x_wconf 78' lang='lat' dir='ltr'><strong>Domina,</strong></span> <span class='ocrx_word' id='word_1_358' title='bbox 1695 2086 1750 2128; x_wconf 85' lang='lat' dir='ltr'><strong>nort</strong></span> 
     </span>
     <span class='ocr_line' id='line_1_43' title="bbox 955 2161 1749 2236; baseline -0.005 -14"><span class='ocrx_word' id='word_1_359' title='bbox 955 2167 1038 2223; x_wconf 86' lang='lat' dir='ltr'><strong>tacuit</strong></span> <span class='ocrx_word' id='word_1_360' title='bbox 1051 2165 1124 2236; x_wconf 86' lang='lat' dir='ltr'><strong>qual</strong></span> <span class='ocrx_word' id='word_1_361' title='bbox 1139 2164 1166 2219; x_wconf 92' lang='lat' dir='ltr'><strong>in</strong></span> <span class='ocrx_word' id='word_1_362' title='bbox 1181 2163 1338 2220; x_wconf 86' lang='lat' dir='ltr'><strong>cantoribus</strong></span> <span class='ocrx_word' id='word_1_363' title='bbox 1351 2161 1480 2218; x_wconf 76' lang='lat' dir='ltr'><strong>Ecclesiae</strong></span> <span class='ocrx_word' id='word_1_364' title='bbox 1495 2163 1749 2233; x_wconf 87' lang='lat' dir='ltr'><strong>reprehendendum</strong></span> 
     </span>
     <span class='ocr_line' id='line_1_44' title="bbox 955 2253 1752 2325; baseline 0 -12"><span class='ocrx_word' id='word_1_365' title='bbox 955 2259 1073 2314; x_wconf 84' lang='lat' dir='ltr'><strong>ridebat.</strong></span> <span class='ocrx_word' id='word_1_366' title='bbox 1098 2275 1109 2309; x_wconf 83' lang='lat' dir='ltr'><strong>r</strong></span> <span class='ocrx_word' id='word_1_367' title='bbox 1123 2255 1227 2312; x_wconf 83' lang='lat' dir='ltr'><strong>Canem</strong></span> <span class='ocrx_word' id='word_1_368' title='bbox 1246 2254 1344 2325; x_wconf 80' lang='lat' dir='ltr'><strong>igitur,</strong></span> <span class='ocrx_word' id='word_1_369' title='bbox 1359 2254 1407 2320; x_wconf 92' lang='lat' dir='ltr'><strong>ait,</strong></span> <span class='ocrx_word' id='word_1_370' title='bbox 1423 2261 1453 2308; x_wconf 91' lang='lat' dir='ltr'><strong>et</strong></span> <span class='ocrx_word' id='word_1_371' title='bbox 1465 2253 1580 2323; x_wconf 86' lang='lat' dir='ltr'><strong>psallere</strong></span> <span class='ocrx_word' id='word_1_372' title='bbox 1595 2262 1625 2310; x_wconf 90' lang='lat' dir='ltr'><strong>et</strong></span> <span class='ocrx_word' id='word_1_373' title='bbox 1641 2254 1752 2314; x_wconf 83' lang='lat' dir='ltr'><strong>laudare</strong></span> 
     </span>
     <span class='ocr_line' id='line_1_45' title="bbox 956 2346 1753 2420; baseline -0.005 -14"><span class='ocrx_word' id='word_1_374' title='bbox 956 2351 1099 2406; x_wconf 91' lang='lat' dir='ltr'><strong>Dominum</strong></span> <span class='ocrx_word' id='word_1_375' title='bbox 1123 2349 1211 2420; x_wconf 80' lang='lat' dir='ltr'><strong>magis</strong></span> <span class='ocrx_word' id='word_1_376' title='bbox 1233 2347 1325 2401; x_wconf 84' lang='lat' dir='ltr'><strong>auimo</strong></span> <span class='ocrx_word' id='word_1_377' title='bbox 1348 2360 1511 2417; x_wconf 78' lang='lat' dir='ltr'><strong>unamvoce</strong></span> <span class='ocrx_word' id='word_1_378' title='bbox 1529 2346 1669 2402; x_wconf 86' lang='lat' dir='ltr'><strong>debemus.</strong></span> <span class='ocrx_word' id='word_1_379' title='bbox 1694 2346 1753 2403; x_wconf 90' lang='lat' dir='ltr'><strong>lloe</strong></span> 
     </span>
     <span class='ocr_line' id='line_1_46' title="bbox 957 2433 1753 2514; baseline -0.004 -16"><span class='ocrx_word' id='word_1_380' title='bbox 957 2452 1000 2499; x_wconf 92' lang='lat' dir='ltr'><strong>cst</strong></span> <span class='ocrx_word' id='word_1_381' title='bbox 1013 2441 1112 2514; x_wconf 84' lang='lat' dir='ltr'><strong>quippe</strong></span> <span class='ocrx_word' id='word_1_382' title='bbox 1134 2439 1206 2510; x_wconf 85' lang='lat' dir='ltr'><strong>qood</strong></span> <span class='ocrx_word' id='word_1_383' title='bbox 1220 2438 1319 2494; x_wconf 90' lang='lat' dir='ltr'><strong>dicitnr</strong></span> <span class='ocrx_word' id='word_1_384' title='bbox 1333 2455 1340 2491; x_wconf 91' lang='lat'>:</span> <span class='ocrx_word' id='word_1_385' title='bbox 1354 2433 1498 2492; x_wconf 81' lang='lat' dir='ltr'><strong>Cantantes</strong></span> <span class='ocrx_word' id='word_1_386' title='bbox 1518 2447 1544 2492; x_wconf 88' lang='lat' dir='ltr'><strong>et</strong></span> <span class='ocrx_word' id='word_1_387' title='bbox 1565 2437 1707 2510; x_wconf 74' lang='lat' dir='ltr'><strong>psallenter</strong></span> <span class='ocrx_word' id='word_1_388' title='bbox 1724 2439 1753 2495; x_wconf 86' lang='lat' dir='ltr'><strong>in</strong></span> 
     </span>
     <span class='ocr_line' id='line_1_47' title="bbox 959 2526 1752 2595; baseline -0.006 -6"><span class='ocrx_word' id='word_1_389' title='bbox 959 2532 1081 2590; x_wconf 84' lang='lat' dir='ltr'><strong>cordibus</strong></span> <span class='ocrx_word' id='word_1_390' title='bbox 1095 2532 1187 2586; x_wconf 83' lang='lat' dir='ltr'><strong>uestris</strong></span> <span class='ocrx_word' id='word_1_391' title='bbox 1198 2529 1322 2583; x_wconf 86' lang='lat' dir='ltr'><strong>Domino.</strong></span> <span class='ocrx_word' id='word_1_392' title='bbox 1335 2526 1455 2584; x_wconf 72' lang='lat' dir='ltr'><strong>Audiam</strong></span> <span class='ocrx_word' id='word_1_393' title='bbox 1472 2529 1531 2585; x_wconf 82' lang='lat' dir='ltr'><strong>baec</strong></span> <span class='ocrx_word' id='word_1_394' title='bbox 1546 2529 1752 2595; x_wconf 75' lang='lat' dir='ltr'><strong>adolescentuli,</strong></span> 
     </span>
     <span class='ocr_line' id='line_1_48' title="bbox 960 2621 1752 2696; baseline -0.005 -14"><span class='ocrx_word' id='word_1_395' title='bbox 960 2627 1072 2682; x_wconf 88' lang='lat' dir='ltr'><strong>audiant</strong></span> <span class='ocrx_word' id='word_1_396' title='bbox 1082 2625 1110 2680; x_wconf 94' lang='lat' dir='ltr'><strong>hi</strong></span> <span class='ocrx_word' id='word_1_397' title='bbox 1122 2624 1220 2696; x_wconf 86' lang='lat' dir='ltr'><strong>quihus</strong></span> <span class='ocrx_word' id='word_1_398' title='bbox 1234 2622 1366 2693; x_wconf 89' lang='lat' dir='ltr'><strong>psallendi</strong></span> <span class='ocrx_word' id='word_1_399' title='bbox 1381 2623 1408 2678; x_wconf 90' lang='lat' dir='ltr'><strong>in</strong></span> <span class='ocrx_word' id='word_1_400' title='bbox 1427 2621 1550 2679; x_wconf 83' lang='lat' dir='ltr'><strong>Ecclesia</strong></span> <span class='ocrx_word' id='word_1_401' title='bbox 1567 2622 1685 2679; x_wconf 89' lang='lat' dir='ltr'><strong>ollleium</strong></span> <span class='ocrx_word' id='word_1_402' title='bbox 1700 2635 1752 2689; x_wconf 84' lang='lat' dir='ltr'><strong>eat,</strong></span> 
     </span>
     <span class='ocr_line' id='line_1_49' title="bbox 960 2715 1754 2786; baseline -0.008 -11"><span class='ocrx_word' id='word_1_403' title='bbox 960 2717 1017 2775; x_wconf 89' lang='lat' dir='ltr'><strong>Deo</strong></span> <span class='ocrx_word' id='word_1_404' title='bbox 1029 2732 1083 2773; x_wconf 92' lang='lat' dir='ltr'><strong>non</strong></span> <span class='ocrx_word' id='word_1_405' title='bbox 1104 2731 1182 2782; x_wconf 89' lang='lat' dir='ltr'><strong>voce,</strong></span> <span class='ocrx_word' id='word_1_406' title='bbox 1197 2716 1244 2772; x_wconf 86' lang='lat' dir='ltr'><strong>sed</strong></span> <span class='ocrx_word' id='word_1_407' title='bbox 1256 2715 1338 2772; x_wconf 90' lang='lat' dir='ltr'><strong>eorde</strong></span> <span class='ocrx_word' id='word_1_408' title='bbox 1351 2715 1533 2783; x_wconf 68' lang='lat' dir='ltr'><strong>cantandum</strong></span> <span class='ocrx_word' id='word_1_409' title='bbox 1547 2731 1599 2773; x_wconf 87' lang='lat' dir='ltr'><strong>nec</strong></span> <span class='ocrx_word' id='word_1_410' title='bbox 1612 2716 1641 2771; x_wconf 93' lang='lat' dir='ltr'><strong>in</strong></span> <span class='ocrx_word' id='word_1_411' title='bbox 1653 2722 1754 2786; x_wconf 72' lang='lat' dir='ltr'><strong>trapae-</strong></span> 
     </span>
     <span class='ocr_line' id='line_1_50' title="bbox 961 2805 1755 2879; baseline 0 -14"><span class='ocrx_word' id='word_1_412' title='bbox 961 2808 1058 2865; x_wconf 85' lang='lat' dir='ltr'><strong>(lomm</strong></span> <span class='ocrx_word' id='word_1_413' title='bbox 1083 2805 1192 2863; x_wconf 83' lang='lat' dir='ltr'><strong>morluur</strong></span> <span class='ocrx_word' id='word_1_414' title='bbox 1213 2815 1306 2879; x_wconf 74' lang='lat' dir='ltr'><strong>guttur</strong></span> <span class='ocrx_word' id='word_1_415' title='bbox 1326 2815 1355 2877; x_wconf 82' lang='lat' dir='ltr'><strong>et</strong></span> <span class='ocrx_word' id='word_1_416' title='bbox 1378 2807 1472 2865; x_wconf 87' lang='lat' dir='ltr'><strong>lauocs</strong></span> <span class='ocrx_word' id='word_1_417' title='bbox 1484 2808 1555 2864; x_wconf 85' lang='lat' dir='ltr'><strong>dalet</strong></span> <span class='ocrx_word' id='word_1_418' title='bbox 1574 2809 1755 2866; x_wconf 82' lang='lat' dir='ltr'><strong>medicamine</strong></span> 
     </span>
     <span class='ocr_line' id='line_1_51' title="bbox 963 2898 1755 2963; baseline -0.004 -7"><span class='ocrx_word' id='word_1_419' title='bbox 963 2899 1131 2961; x_wconf 78' lang='lat' dir='ltr'><strong>colliniendae</strong></span> <span class='ocrx_word' id='word_1_420' title='bbox 1148 2907 1224 2963; x_wconf 89' lang='lat' dir='ltr'><strong>sunt,</strong></span> <span class='ocrx_word' id='word_1_421' title='bbox 1238 2906 1270 2953; x_wconf 94' lang='grc' dir='ltr'><strong>ιιι</strong></span> <span class='ocrx_word' id='word_1_422' title='bbox 1291 2898 1319 2954; x_wconf 92' lang='lat' dir='ltr'><strong>in</strong></span> <span class='ocrx_word' id='word_1_423' title='bbox 1338 2898 1459 2956; x_wconf 77' lang='lat' dir='ltr'><strong>Ecclesia</strong></span> <span class='ocrx_word' id='word_1_424' title='bbox 1482 2899 1628 2956; x_wconf 82' lang='lat' dir='ltr'><strong>theatrales</strong></span> <span class='ocrx_word' id='word_1_425' title='bbox 1643 2899 1755 2956; x_wconf 85' lang='lat' dir='ltr'><strong>moduli</strong></span> 
     </span>
     <span class='ocr_line' id='line_1_52' title="bbox 963 2989 1755 3060; baseline 0.001 -15"><span class='ocrx_word' id='word_1_426' title='bbox 963 2990 1108 3045; x_wconf 89' lang='lat' dir='ltr'><strong>audiantur</strong></span> <span class='ocrx_word' id='word_1_427' title='bbox 1130 2998 1158 3046; x_wconf 94' lang='lat' dir='ltr'><strong>et</strong></span> <span class='ocrx_word' id='word_1_428' title='bbox 1178 2989 1299 3054; x_wconf 86' lang='lat' dir='ltr'><strong>cantica;</strong></span> <span class='ocrx_word' id='word_1_429' title='bbox 1325 2989 1375 3045; x_wconf 88' lang='lat' dir='ltr'><strong>sed</strong></span> <span class='ocrx_word' id='word_1_430' title='bbox 1396 2989 1424 3044; x_wconf 91' lang='lat' dir='ltr'><strong>in</strong></span> <span class='ocrx_word' id='word_1_431' title='bbox 1447 2989 1555 3057; x_wconf 90' lang='lat' dir='ltr'><strong>timore,</strong></span> <span class='ocrx_word' id='word_1_432' title='bbox 1568 2990 1597 3047; x_wconf 89' lang='lat' dir='ltr'><strong>iu</strong></span> <span class='ocrx_word' id='word_1_433' title='bbox 1618 3006 1710 3060; x_wconf 86' lang='lat' dir='ltr'><strong>opere,</strong></span> <span class='ocrx_word' id='word_1_434' title='bbox 1727 2991 1755 3046; x_wconf 87' lang='lat' dir='ltr'><strong>in</strong></span> 
     </span>
     <span class='ocr_line' id='line_1_53' title="bbox 964 3079 1780 3153; baseline 0.002 -15"><span class='ocrx_word' id='word_1_435' title='bbox 964 3082 1079 3138; x_wconf 88' lang='lat' dir='ltr'><strong>scientia</strong></span> <span class='ocrx_word' id='word_1_436' title='bbox 1102 3080 1315 3153; x_wconf 86' lang='lat' dir='ltr'><strong>Scripturamm.</strong></span> <span class='ocrx_word' id='word_1_437' title='bbox 1334 3079 1462 3149; x_wconf 84' lang='lat' dir='ltr'><strong>Quamvis</strong></span> <span class='ocrx_word' id='word_1_438' title='bbox 1476 3083 1513 3139; x_wconf 88' lang='lat' dir='ltr'><strong>sit</strong></span> <span class='ocrx_word' id='word_1_439' title='bbox 1531 3082 1646 3153; x_wconf 84' lang='lat' dir='ltr'><strong>aliquia,</strong></span> <span class='ocrx_word' id='word_1_440' title='bbox 1660 3091 1692 3139; x_wconf 87' lang='lat' dir='ltr'><strong>nt</strong></span> <span class='ocrx_word' id='word_1_441' title='bbox 1707 3099 1755 3140; x_wconf 85' lang='lat' dir='ltr'><strong>so·</strong></span> <span class='ocrx_word' id='word_1_442' title='bbox 1776 3130 1780 3140; x_wconf 95' lang='lat'><em>.</em></span> 
     </span>
    </p>
   </div>
   <div class='ocr_carea' id='block_1_11' title="bbox 113 3135 1757 3244">
    <p class='ocr_par' dir='ltr' id='par_1_12' title="bbox 113 3135 1757 3244">
     <span class='ocr_line' id='line_1_54' title="bbox 113 3135 1757 3244; baseline 0.015 -35"><span class='ocrx_word' id='word_1_443' title='bbox 113 3154 165 3210; x_wconf 88' lang='lat' dir='ltr'><strong>per</strong></span> <span class='ocrx_word' id='word_1_444' title='bbox 178 3137 347 3194; x_wconf 56' lang='lat' dir='ltr'><strong>Estihlffleffi</strong></span> <span class='ocrx_word' id='word_1_445' title='bbox 367 3137 527 3208; x_wconf 61' lang='lat' dir='ltr'><strong>Pffllhelim</strong></span> <span class='ocrx_word' id='word_1_446' title='bbox 542 3137 672 3192; x_wconf 59' lang='lat' dir='ltr'><strong>²dvefs¹¹⁸</strong></span> <span class='ocrx_word' id='word_1_447' title='bbox 694 3135 777 3192; x_wconf 55' lang='lat' dir='ltr'><strong>sm</strong></span> <span class='ocrx_word' id='word_1_448' title='bbox 789 3136 909 3206; x_wconf 61' lang='lat' dir='ltr'><strong>pmphe&#39;</strong></span> <span class='ocrx_word' id='word_1_449' title='bbox 925 3162 947 3226; x_wconf 85' lang='lat' dir='ltr'><strong>C</strong></span> <span class='ocrx_word' id='word_1_450' title='bbox 964 3171 1069 3228; x_wconf 87' lang='lat' dir='ltr'><strong>lentilli</strong></span> <span class='ocrx_word' id='word_1_451' title='bbox 1084 3171 1230 3242; x_wconf 87' lang='lat' dir='ltr'><strong>appebare,</strong></span> <span class='ocrx_word' id='word_1_452' title='bbox 1246 3171 1420 3243; x_wconf 80' lang='lat' dir='ltr'><strong>cacophonos,</strong></span> <span class='ocrx_word' id='word_1_453' title='bbox 1428 3173 1458 3227; x_wconf 90' lang='lat' dir='ltr'><strong>-si</strong></span> <span class='ocrx_word' id='word_1_454' title='bbox 1470 3173 1541 3229; x_wconf 87' lang='lat' dir='ltr'><strong>hona</strong></span> <span class='ocrx_word' id='word_1_455' title='bbox 1552 3186 1634 3244; x_wconf 78' lang='lat' dir='ltr'><strong>opem</strong></span> <span class='ocrx_word' id='word_1_456' title='bbox 1654 3175 1757 3233; x_wconf 86' lang='lat' dir='ltr'><strong>babne·</strong></span> 
     </span>
    </p>
   </div>
   <div class='ocr_carea' id='block_1_12' title="bbox 113 3225 917 4478">
    <p class='ocr_par' dir='ltr' id='par_1_13' title="bbox 113 3225 917 4478">
     <span class='ocr_line' id='line_1_55' title="bbox 116 3225 909 3300; baseline -0.008 -14"><span class='ocrx_word' id='word_1_457' title='bbox 116 3240 159 3286; x_wconf 86' lang='lat' dir='ltr'><strong>tas</strong></span> <span class='ocrx_word' id='word_1_458' title='bbox 180 3230 309 3300; x_wconf 79' lang='lat' dir='ltr'><strong>loquitur,</strong></span> <span class='ocrx_word' id='word_1_459' title='bbox 332 3229 426 3284; x_wconf 81' lang='lat' dir='ltr'><strong>dicens</strong></span> <span class='ocrx_word' id='word_1_460' title='bbox 451 3243 459 3282; x_wconf 74' lang='grc' dir='ltr'><strong>ι</strong></span> <span class='ocrx_word' id='word_1_461' title='bbox 489 3226 534 3283; x_wconf 75' lang='grc' dir='ltr'><strong>ιἰι</strong></span> <span class='ocrx_word' id='word_1_462' title='bbox 558 3229 691 3300; x_wconf 80' lang='lat' dir='ltr'><strong>prophetis</strong></span> <span class='ocrx_word' id='word_1_463' title='bbox 714 3225 909 3298; x_wconf 82' lang='lat' dir='ltr'><strong>insipientibus,</strong></span> 
     </span>
     <span class='ocr_line' id='line_1_56' title="bbox 113 3317 912 3391; baseline -0.004 -17"><span class='ocrx_word' id='word_1_464' title='bbox 113 3322 161 3391; x_wconf 84' lang='lat' dir='ltr'><strong>qui</strong></span> <span class='ocrx_word' id='word_1_465' title='bbox 184 3328 328 3389; x_wconf 77' lang='lat' dir='ltr'><strong>sequuntur</strong></span> <span class='ocrx_word' id='word_1_466' title='bbox 349 3319 470 3387; x_wconf 87' lang='lat' dir='ltr'><strong>spiritum</strong></span> <span class='ocrx_word' id='word_1_467' title='bbox 492 3336 591 3385; x_wconf 88' lang='lat' dir='ltr'><strong>suum,</strong></span> <span class='ocrx_word' id='word_1_468' title='bbox 618 3328 643 3373; x_wconf 86' lang='lat' dir='ltr'><strong>et</strong></span> <span class='ocrx_word' id='word_1_469' title='bbox 664 3318 729 3372; x_wconf 86' lang='lat' dir='ltr'><strong>nilril</strong></span> <span class='ocrx_word' id='word_1_470' title='bbox 754 3317 851 3373; x_wconf 87' lang='lat' dir='ltr'><strong>rident.</strong></span> <span class='ocrx_word' id='word_1_471' title='bbox 877 3317 912 3373; x_wconf 85' lang='lat' dir='ltr'><strong>Et</strong></span> 
     </span>
     <span class='ocr_line' id='line_1_57' title="bbox 114 3411 909 3486; baseline -0.004 -17"><span class='ocrx_word' id='word_1_472' title='bbox 114 3422 287 3486; x_wconf 87' lang='lat' dir='ltr'><strong>postpauca</strong></span> <span class='ocrx_word' id='word_1_473' title='bbox 311 3429 318 3467; x_wconf 92' lang='lat'>:</span> <span class='ocrx_word' id='word_1_474' title='bbox 346 3412 523 3467; x_wconf 82' lang='lat' dir='ltr'><strong>Videnturne</strong></span> <span class='ocrx_word' id='word_1_475' title='bbox 548 3422 573 3467; x_wconf 83' lang='grc' dir='ltr'><strong>ιι</strong></span> <span class='ocrx_word' id='word_1_476' title='bbox 596 3413 714 3467; x_wconf 77' lang='lat' dir='ltr'><strong>divinant</strong></span> <span class='ocrx_word' id='word_1_477' title='bbox 733 3411 909 3475; x_wconf 78' lang='lat' dir='ltr'><strong>mendacium,</strong></span> 
     </span>
     <span class='ocr_line' id='line_1_58' title="bbox 116 3500 912 3567; baseline -0.008 -8"><span class='ocrx_word' id='word_1_478' title='bbox 116 3506 232 3559; x_wconf 86' lang='lat' dir='ltr'><strong>dicenter</strong></span> <span class='ocrx_word' id='word_1_479' title='bbox 256 3518 265 3557; x_wconf 93' lang='lat'><em>:</em></span> <span class='ocrx_word' id='word_1_480' title='bbox 292 3504 335 3557; x_wconf 77' lang='lat' dir='ltr'><strong>tir</strong></span> <span class='ocrx_word' id='word_1_481' title='bbox 354 3502 494 3567; x_wconf 84' lang='lat' dir='ltr'><strong>Dominus,</strong></span> <span class='ocrx_word' id='word_1_482' title='bbox 511 3519 570 3556; x_wconf 85' lang='lat' dir='ltr'><strong>eum</strong></span> <span class='ocrx_word' id='word_1_483' title='bbox 591 3501 720 3556; x_wconf 87' lang='lat' dir='ltr'><strong>Dominus</strong></span> <span class='ocrx_word' id='word_1_484' title='bbox 743 3518 795 3556; x_wconf 87' lang='lat' dir='ltr'><strong>non</strong></span> <span class='ocrx_word' id='word_1_485' title='bbox 811 3500 912 3554; x_wconf 83' lang='lat' dir='ltr'><strong>miserit</strong></span> 
     </span>
     <span class='ocr_line' id='line_1_59' title="bbox 117 3591 912 3668; baseline -0.008 -16"><span class='ocrx_word' id='word_1_486' title='bbox 117 3615 174 3664; x_wconf 88' lang='lat' dir='ltr'><strong>eor,</strong></span> <span class='ocrx_word' id='word_1_487' title='bbox 196 3605 459 3668; x_wconf 85' lang='lat' dir='ltr'><strong>etperseoerarerunt</strong></span> <span class='ocrx_word' id='word_1_488' title='bbox 479 3595 636 3664; x_wconf 76' lang='lat' dir='ltr'><strong>confirmare</strong></span> <span class='ocrx_word' id='word_1_489' title='bbox 653 3610 808 3649; x_wconf 85' lang='lat' dir='ltr'><strong>sermonem.</strong></span> <span class='ocrx_word' id='word_1_490' title='bbox 834 3591 912 3647; x_wconf 85' lang='lat' dir='ltr'><strong>Nun-</strong></span> 
     </span>
     <span class='ocr_line' id='line_1_60' title="bbox 117 3686 911 3750; baseline -0.006 -7"><span class='ocrx_word' id='word_1_491' title='bbox 117 3690 184 3750; x_wconf 85' lang='lat' dir='ltr'><strong>auid</strong></span> <span class='ocrx_word' id='word_1_492' title='bbox 206 3706 259 3742; x_wconf 89' lang='lat' dir='ltr'><strong>non</strong></span> <span class='ocrx_word' id='word_1_493' title='bbox 279 3689 405 3742; x_wconf 67' lang='lat' dir='ltr'><strong>nizianam</strong></span> <span class='ocrx_word' id='word_1_494' title='bbox 424 3703 526 3740; x_wconf 85' lang='lat' dir='ltr'><strong>caesana</strong></span> <span class='ocrx_word' id='word_1_495' title='bbox 542 3686 661 3750; x_wconf 83' lang='lat' dir='ltr'><strong>uidistis,</strong></span> <span class='ocrx_word' id='word_1_496' title='bbox 679 3695 703 3739; x_wconf 90' lang='lat' dir='ltr'><strong>et</strong></span> <span class='ocrx_word' id='word_1_497' title='bbox 723 3686 911 3739; x_wconf 86' lang='lat' dir='ltr'><strong>diuinationem</strong></span> 
     </span>
     <span class='ocr_line' id='line_1_61' title="bbox 118 3773 914 3841; baseline -0.004 -11"><span class='ocrx_word' id='word_1_498' title='bbox 118 3776 269 3831; x_wconf 82' lang='lat' dir='ltr'><strong>mendaeem</strong></span> <span class='ocrx_word' id='word_1_499' title='bbox 285 3773 366 3829; x_wconf 86' lang='lat' dir='ltr'><strong>locuti</strong></span> <span class='ocrx_word' id='word_1_500' title='bbox 379 3775 461 3828; x_wconf 83' lang='lat' dir='ltr'><strong>estis?</strong></span> <span class='ocrx_word' id='word_1_501' title='bbox 474 3774 507 3828; x_wconf 80' lang='lat' dir='ltr'><strong>m</strong></span> <span class='ocrx_word' id='word_1_502' title='bbox 522 3774 619 3841; x_wconf 87' lang='lat' dir='ltr'><strong>dicitis,</strong></span> <span class='ocrx_word' id='word_1_503' title='bbox 635 3775 677 3829; x_wconf 83' lang='lat' dir='ltr'><strong>Ait</strong></span> <span class='ocrx_word' id='word_1_504' title='bbox 692 3774 832 3839; x_wconf 89' lang='lat' dir='ltr'><strong>Dominus,</strong></span> <span class='ocrx_word' id='word_1_505' title='bbox 853 3789 914 3827; x_wconf 87' lang='lat' dir='ltr'><strong>earn</strong></span> 
     </span>
     <span class='ocr_line' id='line_1_62' title="bbox 119 3862 913 3936; baseline -0.004 -15"><span class='ocrx_word' id='word_1_506' title='bbox 119 3883 167 3936; x_wconf 77' lang='lat' dir='ltr'><strong>epo</strong></span> <span class='ocrx_word' id='word_1_507' title='bbox 192 3883 245 3920; x_wconf 86' lang='lat' dir='ltr'><strong>noa</strong></span> <span class='ocrx_word' id='word_1_508' title='bbox 267 3867 317 3919; x_wconf 88' lang='lat' dir='ltr'><strong>sim</strong></span> <span class='ocrx_word' id='word_1_509' title='bbox 335 3864 447 3919; x_wconf 89' lang='lat' dir='ltr'><strong>locutus.</strong></span> <span class='ocrx_word' id='word_1_510' title='bbox 474 3862 615 3936; x_wconf 86' lang='lat' dir='ltr'><strong>Propterea</strong></span> <span class='ocrx_word' id='word_1_511' title='bbox 630 3866 685 3919; x_wconf 83' lang='lat' dir='ltr'><strong>lraec</strong></span> <span class='ocrx_word' id='word_1_512' title='bbox 703 3865 767 3919; x_wconf 90' lang='lat' dir='ltr'><strong>dicit</strong></span> <span class='ocrx_word' id='word_1_513' title='bbox 786 3863 913 3918; x_wconf 89' lang='lat' dir='ltr'><strong>Dominus</strong></span> 
     </span>
     <span class='ocr_line' id='line_1_63' title="bbox 120 3954 912 4023; baseline -0.008 -11"><span class='ocrx_word' id='word_1_514' title='bbox 120 3959 214 4012; x_wconf 85' lang='lat' dir='ltr'><strong>Deus:</strong></span> <span class='ocrx_word' id='word_1_515' title='bbox 229 3955 298 4023; x_wconf 79' lang='lat' dir='ltr'><strong>Quia</strong></span> <span class='ocrx_word' id='word_1_516' title='bbox 310 3956 390 4010; x_wconf 84' lang='lat' dir='ltr'><strong>locatti</strong></span> <span class='ocrx_word' id='word_1_517' title='bbox 403 3958 464 4011; x_wconf 89' lang='lat' dir='ltr'><strong>estis</strong></span> <span class='ocrx_word' id='word_1_518' title='bbox 479 3972 561 4018; x_wconf 87' lang='lat' dir='ltr'><strong>uana,</strong></span> <span class='ocrx_word' id='word_1_519' title='bbox 578 3964 601 4009; x_wconf 91' lang='lat' dir='ltr'><strong>et</strong></span> <span class='ocrx_word' id='word_1_520' title='bbox 615 3955 720 4009; x_wconf 78' lang='lat' dir='ltr'><strong>dicistis</strong></span> <span class='ocrx_word' id='word_1_521' title='bbox 735 3954 912 4018; x_wconf 85' lang='lat' dir='ltr'><strong>mendacium,</strong></span> 
     </span>
     <span class='ocr_line' id='line_1_64' title="bbox 119 4043 915 4116; baseline -0.008 -14"><span class='ocrx_word' id='word_1_522' title='bbox 119 4049 179 4102; x_wconf 86' lang='lat' dir='ltr'><strong>ideo</strong></span> <span class='ocrx_word' id='word_1_523' title='bbox 202 4063 260 4101; x_wconf 84' lang='lat' dir='ltr'><strong>ecee</strong></span> <span class='ocrx_word' id='word_1_524' title='bbox 282 4063 329 4116; x_wconf 79' lang='lat' dir='ltr'><strong>epo</strong></span> <span class='ocrx_word' id='word_1_525' title='bbox 350 4046 385 4101; x_wconf 89' lang='lat' dir='ltr'><strong>ad</strong></span> <span class='ocrx_word' id='word_1_526' title='bbox 411 4063 470 4110; x_wconf 89' lang='lat' dir='ltr'><strong>uos,</strong></span> <span class='ocrx_word' id='word_1_527' title='bbox 493 4046 530 4099; x_wconf 89' lang='lat' dir='ltr'><strong>oit</strong></span> <span class='ocrx_word' id='word_1_528' title='bbox 554 4044 685 4099; x_wconf 85' lang='lat' dir='ltr'><strong>Dominus</strong></span> <span class='ocrx_word' id='word_1_529' title='bbox 705 4045 785 4098; x_wconf 85' lang='lat' dir='ltr'><strong>Dens.</strong></span> <span class='ocrx_word' id='word_1_530' title='bbox 805 4043 840 4096; x_wconf 87' lang='lat' dir='ltr'><strong>Et</strong></span> <span class='ocrx_word' id='word_1_531' title='bbox 865 4045 915 4096; x_wconf 88' lang='lat' dir='ltr'><strong>erit</strong></span> 
     </span>
     <span class='ocr_line' id='line_1_65' title="bbox 121 4132 914 4207; baseline -0.006 -17"><span class='ocrx_word' id='word_1_532' title='bbox 121 4154 217 4192; x_wconf 87' lang='lat' dir='ltr'><strong>manus</strong></span> <span class='ocrx_word' id='word_1_533' title='bbox 233 4153 290 4190; x_wconf 86' lang='lat' dir='ltr'><strong>meo</strong></span> <span class='ocrx_word' id='word_1_534' title='bbox 302 4152 381 4206; x_wconf 85' lang='lat' dir='ltr'><strong>super</strong></span> <span class='ocrx_word' id='word_1_535' title='bbox 390 4136 541 4207; x_wconf 83' lang='lat' dir='ltr'><strong>prophetas,</strong></span> <span class='ocrx_word' id='word_1_536' title='bbox 560 4135 605 4206; x_wconf 83' lang='lat' dir='ltr'><strong>qui</strong></span> <span class='ocrx_word' id='word_1_537' title='bbox 619 4133 705 4188; x_wconf 86' lang='lat' dir='ltr'><strong>uident</strong></span> <span class='ocrx_word' id='word_1_538' title='bbox 720 4150 797 4198; x_wconf 86' lang='lat' dir='ltr'><strong>rana,</strong></span> <span class='ocrx_word' id='word_1_539' title='bbox 809 4140 832 4186; x_wconf 90' lang='lat' dir='ltr'><strong>ct</strong></span> <span class='ocrx_word' id='word_1_540' title='bbox 846 4132 914 4186; x_wconf 88' lang='lat' dir='ltr'><strong>diui-</strong></span> 
     </span>
     <span class='ocr_line' id='line_1_66' title="bbox 122 4225 914 4298; baseline -0.005 -16"><span class='ocrx_word' id='word_1_541' title='bbox 122 4236 187 4282; x_wconf 82' lang='lat' dir='ltr'><strong>nunt</strong></span> <span class='ocrx_word' id='word_1_542' title='bbox 201 4226 377 4282; x_wconf 83' lang='lat' dir='ltr'><strong>mendacium.</strong></span> <span class='ocrx_word' id='word_1_543' title='bbox 400 4226 433 4281; x_wconf 85' lang='lat' dir='ltr'><strong>ln</strong></span> <span class='ocrx_word' id='word_1_544' title='bbox 446 4225 557 4280; x_wconf 86' lang='lat' dir='ltr'><strong>coneilio</strong></span> <span class='ocrx_word' id='word_1_545' title='bbox 576 4226 667 4298; x_wconf 87' lang='lat' dir='ltr'><strong>populi</strong></span> <span class='ocrx_word' id='word_1_546' title='bbox 686 4227 736 4279; x_wconf 90' lang='lat' dir='ltr'><strong>mei</strong></span> <span class='ocrx_word' id='word_1_547' title='bbox 757 4241 808 4280; x_wconf 89' lang='lat' dir='ltr'><strong>nou</strong></span> <span class='ocrx_word' id='word_1_548' title='bbox 827 4232 914 4289; x_wconf 89' lang='lat' dir='ltr'><strong>erunt,</strong></span> 
     </span>
     <span class='ocr_line' id='line_1_67' title="bbox 122 4313 917 4387; baseline -0.006 -16"><span class='ocrx_word' id='word_1_549' title='bbox 122 4326 147 4371; x_wconf 89' lang='lat' dir='ltr'><strong>et</strong></span> <span class='ocrx_word' id='word_1_550' title='bbox 160 4318 187 4373; x_wconf 88' lang='lat' dir='ltr'><strong>in</strong></span> <span class='ocrx_word' id='word_1_551' title='bbox 200 4317 331 4387; x_wconf 75' lang='lat' dir='ltr'><strong>scriptura</strong></span> <span class='ocrx_word' id='word_1_552' title='bbox 344 4317 438 4372; x_wconf 87' lang='lat' dir='ltr'><strong>domus</strong></span> <span class='ocrx_word' id='word_1_553' title='bbox 456 4314 541 4370; x_wconf 87' lang='lat' dir='ltr'><strong>lsrael</strong></span> <span class='ocrx_word' id='word_1_554' title='bbox 562 4332 614 4370; x_wconf 90' lang='lat' dir='ltr'><strong>non</strong></span> <span class='ocrx_word' id='word_1_555' title='bbox 628 4313 783 4379; x_wconf 72' lang='lat' dir='ltr'><strong>radientur,</strong></span> <span class='ocrx_word' id='word_1_556' title='bbox 801 4330 847 4368; x_wconf 88' lang='lat' dir='ltr'><strong>nce</strong></span> <span class='ocrx_word' id='word_1_557' title='bbox 864 4323 917 4367; x_wconf 88' lang='lat' dir='ltr'><strong>ter-</strong></span> 
     </span>
     <span class='ocr_line' id='line_1_68' title="bbox 123 4406 483 4478; baseline 0 -17"><span class='ocrx_word' id='word_1_558' title='bbox 123 4423 182 4462; x_wconf 86' lang='lat' dir='ltr'><strong>rant</strong></span> <span class='ocrx_word' id='word_1_559' title='bbox 196 4406 282 4463; x_wconf 83' lang='lat' dir='ltr'><strong>lsraei</strong></span> <span class='ocrx_word' id='word_1_560' title='bbox 293 4407 483 4478; x_wconf 81' lang='lat' dir='ltr'><strong>inpredieatur.</strong></span> 
     </span>
    </p>
   </div>
   <div class='ocr_carea' id='block_1_13' title="bbox 124 4508 919 4799">
    <p class='ocr_par' dir='ltr' id='par_1_14' title="bbox 124 4508 919 4799">
     <span class='ocr_line' id='line_1_69' title="bbox 158 4508 918 4614; baseline -0.008 -12"><span class='ocrx_word' id='word_1_561' title='bbox 158 4545 196 4602; x_wconf 82' lang='lat' dir='ltr'><strong>tt.</strong></span> <span class='ocrx_word' id='word_1_562' title='bbox 214 4544 269 4601; x_wconf 86' lang='lat' dir='ltr'><strong>Sed</strong></span> <span class='ocrx_word' id='word_1_563' title='bbox 281 4545 340 4602; x_wconf 91' lang='lat' dir='ltr'><strong>haec</strong></span> <span class='ocrx_word' id='word_1_564' title='bbox 359 4553 387 4599; x_wconf 93' lang='lat' dir='ltr'><strong>et</strong></span> <span class='ocrx_word' id='word_1_565' title='bbox 409 4543 519 4610; x_wconf 90' lang='lat' dir='ltr'><strong>similia,</strong></span> <span class='ocrx_word' id='word_1_566' title='bbox 533 4558 648 4614; x_wconf 85' lang='lat' dir='ltr'><strong>qrtomm</strong></span> <span class='ocrx_word' id='word_1_567' title='bbox 664 4543 691 4596; x_wconf 94' lang='lat' dir='ltr'><strong>in</strong></span> <span class='ocrx_word' id='word_1_568' title='bbox 714 4540 826 4614; x_wconf 74' lang='lat' dir='ltr'><strong>prrolnto</strong></span> <span class='ocrx_word' id='word_1_569' title='bbox 849 4508 918 4597; x_wconf 76' lang='lat' dir='ltr'><strong>libro</strong></span> 
     </span>
     <span class='ocr_line' id='line_1_70' title="bbox 124 4634 919 4706; baseline -0.006 -14"><span class='ocrx_word' id='word_1_570' title='bbox 124 4635 232 4692; x_wconf 83' lang='lat' dir='ltr'><strong>inimita</strong></span> <span class='ocrx_word' id='word_1_571' title='bbox 255 4646 314 4692; x_wconf 89' lang='lat' dir='ltr'><strong>erat</strong></span> <span class='ocrx_word' id='word_1_572' title='bbox 329 4636 426 4706; x_wconf 86' lang='lat' dir='ltr'><strong>eopia,</strong></span> <span class='ocrx_word' id='word_1_573' title='bbox 441 4635 505 4706; x_wconf 89' lang='lat' dir='ltr'><strong>quia</strong></span> <span class='ocrx_word' id='word_1_574' title='bbox 520 4634 659 4704; x_wconf 75' lang='lat' dir='ltr'><strong>indignum</strong></span> <span class='ocrx_word' id='word_1_575' title='bbox 681 4643 723 4689; x_wconf 89' lang='lat' dir='ltr'><strong>cst</strong></span> <span class='ocrx_word' id='word_1_576' title='bbox 739 4635 876 4698; x_wconf 89' lang='lat' dir='ltr'><strong>seribere,</strong></span> <span class='ocrx_word' id='word_1_577' title='bbox 891 4643 919 4688; x_wconf 88' lang='lat' dir='ltr'><strong>ct</strong></span> 
     </span>
     <span class='ocr_line' id='line_1_71' title="bbox 126 4723 919 4799; baseline -0.001 -19"><span class='ocrx_word' id='word_1_578' title='bbox 126 4735 224 4783; x_wconf 77' lang='lat' dir='ltr'><strong>restrae</strong></span> <span class='ocrx_word' id='word_1_579' title='bbox 236 4727 387 4799; x_wconf 87' lang='lat' dir='ltr'><strong>prudentiae</strong></span> <span class='ocrx_word' id='word_1_580' title='bbox 406 4725 576 4783; x_wconf 78' lang='lat' dir='ltr'><strong>fastidiosum</strong></span> <span class='ocrx_word' id='word_1_581' title='bbox 591 4724 694 4786; x_wconf 89' lang='lat' dir='ltr'><strong>audire,</strong></span> <span class='ocrx_word' id='word_1_582' title='bbox 717 4723 822 4780; x_wconf 81' lang='lat' dir='ltr'><strong>lucilius</strong></span> <span class='ocrx_word' id='word_1_583' title='bbox 836 4725 919 4779; x_wconf 79' lang='lat' dir='ltr'><strong>eollo</strong></span> 
     </span>
    </p>
   </div>
   <div class='ocr_carea' id='block_1_14' title="bbox 127 4813 923 5165">
    <p class='ocr_par' dir='ltr' id='par_1_15' title="bbox 127 4813 923 5165">
     <span class='ocr_line' id='line_1_72' title="bbox 127 4813 917 4888; baseline -0.004 -17"><span class='ocrx_word' id='word_1_584' title='bbox 127 4816 234 4888; x_wconf 84' lang='lat' dir='ltr'><strong>quenda</strong></span> <span class='ocrx_word' id='word_1_585' title='bbox 248 4826 275 4873; x_wconf 88' lang='lat' dir='ltr'><strong>et</strong></span> <span class='ocrx_word' id='word_1_586' title='bbox 292 4815 406 4872; x_wconf 90' lang='lat' dir='ltr'><strong>lldeliter</strong></span> <span class='ocrx_word' id='word_1_587' title='bbox 421 4813 614 4887; x_wconf 88' lang='lat' dir='ltr'><strong>pertractando</strong></span> <span class='ocrx_word' id='word_1_588' title='bbox 638 4815 779 4882; x_wconf 70' lang='lat' dir='ltr'><strong>diiudicari</strong></span> <span class='ocrx_word' id='word_1_589' title='bbox 794 4822 917 4884; x_wconf 88' lang='lat' dir='ltr'><strong>pessunt.</strong></span> 
     </span>
     <span class='ocr_line' id='line_1_73' title="bbox 127 4902 920 4978; baseline -0.004 -16"><span class='ocrx_word' id='word_1_590' title='bbox 127 4906 205 4963; x_wconf 84' lang='lat' dir='ltr'><strong>Nunc</strong></span> <span class='ocrx_word' id='word_1_591' title='bbox 219 4915 342 4978; x_wconf 89' lang='lat' dir='ltr'><strong>superest</strong></span> <span class='ocrx_word' id='word_1_592' title='bbox 355 4916 385 4962; x_wconf 92' lang='grc' dir='ltr'><strong>ιιι</strong></span> <span class='ocrx_word' id='word_1_593' title='bbox 398 4923 538 4964; x_wconf 83' lang='lat' dir='ltr'><strong>sacrorum</strong></span> <span class='ocrx_word' id='word_1_594' title='bbox 553 4912 654 4961; x_wconf 87' lang='lat' dir='ltr'><strong>statuta</strong></span> <span class='ocrx_word' id='word_1_595' title='bbox 667 4919 814 4969; x_wconf 88' lang='lat' dir='ltr'><strong>canonum,</strong></span> <span class='ocrx_word' id='word_1_596' title='bbox 827 4902 920 4959; x_wconf 78' lang='lat' dir='ltr'><strong>callio</strong></span> 
     </span>
     <span class='ocr_line' id='line_1_74' title="bbox 127 4997 923 5072; baseline -0.005 -17"><span class='ocrx_word' id='word_1_597' title='bbox 127 5002 297 5072; x_wconf 86' lang='lat' dir='ltr'><strong>lieorumque</strong></span> <span class='ocrx_word' id='word_1_598' title='bbox 311 5002 422 5057; x_wconf 80' lang='lat' dir='ltr'><strong>Petrum</strong></span> <span class='ocrx_word' id='word_1_599' title='bbox 443 5000 609 5065; x_wconf 89' lang='lat' dir='ltr'><strong>sententias,</strong></span> <span class='ocrx_word' id='word_1_600' title='bbox 632 4998 702 5053; x_wconf 90' lang='lat' dir='ltr'><strong>sicut</strong></span> <span class='ocrx_word' id='word_1_601' title='bbox 718 4997 842 5066; x_wconf 87' lang='lat' dir='ltr'><strong>superius</strong></span> <span class='ocrx_word' id='word_1_602' title='bbox 860 5011 923 5067; x_wconf 87' lang='lat' dir='ltr'><strong>pro·</strong></span> 
     </span>
     <span class='ocr_line' id='line_1_75' title="bbox 129 5088 923 5165; baseline -0.004 -18"><span class='ocrx_word' id='word_1_603' title='bbox 129 5092 266 5158; x_wconf 86' lang='lat' dir='ltr'><strong>misimus,</strong></span> <span class='ocrx_word' id='word_1_604' title='bbox 281 5109 480 5165; x_wconf 78' lang='lat' dir='ltr'><strong>exsequamur3</strong></span> <span class='ocrx_word' id='word_1_605' title='bbox 496 5100 527 5146; x_wconf 93' lang='lat' dir='ltr'><strong>ut</strong></span> <span class='ocrx_word' id='word_1_606' title='bbox 540 5106 572 5146; x_wconf 88' lang='lat' dir='ltr'><strong>ex</strong></span> <span class='ocrx_word' id='word_1_607' title='bbox 586 5090 629 5146; x_wconf 93' lang='lat' dir='ltr'><strong>his</strong></span> <span class='ocrx_word' id='word_1_608' title='bbox 641 5089 783 5161; x_wconf 90' lang='lat' dir='ltr'><strong>perspicue</strong></span> <span class='ocrx_word' id='word_1_609' title='bbox 802 5088 923 5144; x_wconf 88' lang='lat' dir='ltr'><strong>declare-</strong></span> 
     </span>
    </p>
   </div>
   <div class='ocr_carea' id='block_1_15' title="bbox 963 3263 1759 3522">
    <p class='ocr_par' dir='ltr' id='par_1_16' title="bbox 963 3263 1759 3522">
     <span class='ocr_line' id='line_1_76' title="bbox 964 3263 1759 3333; baseline 0.006 -13"><span class='ocrx_word' id='word_1_610' title='bbox 964 3265 1013 3330; x_wconf 91' lang='lat' dir='ltr'><strong>rit,</strong></span> <span class='ocrx_word' id='word_1_611' title='bbox 1026 3263 1114 3319; x_wconf 89' lang='lat' dir='ltr'><strong>dulcis</strong></span> <span class='ocrx_word' id='word_1_612' title='bbox 1135 3263 1206 3333; x_wconf 90' lang='lat' dir='ltr'><strong>apud</strong></span> <span class='ocrx_word' id='word_1_613' title='bbox 1218 3263 1304 3320; x_wconf 91' lang='lat' dir='ltr'><strong>Deum</strong></span> <span class='ocrx_word' id='word_1_614' title='bbox 1316 3274 1413 3321; x_wconf 85' lang='lat' dir='ltr'><strong>eamor</strong></span> <span class='ocrx_word' id='word_1_615' title='bbox 1427 3275 1479 3322; x_wconf 86' lang='lat' dir='ltr'><strong>est.</strong></span> <span class='ocrx_word' id='word_1_616' title='bbox 1494 3263 1540 3322; x_wconf 89' lang='lat' dir='ltr'><strong>Sic</strong></span> <span class='ocrx_word' id='word_1_617' title='bbox 1557 3275 1649 3324; x_wconf 85' lang='lat' dir='ltr'><strong>cantet</strong></span> <span class='ocrx_word' id='word_1_618' title='bbox 1663 3283 1759 3325; x_wconf 84' lang='lat' dir='ltr'><strong>serras</strong></span> 
     </span>
     <span class='ocr_line' id='line_1_77' title="bbox 964 3355 1759 3432; baseline 0.006 -20"><span class='ocrx_word' id='word_1_619' title='bbox 964 3355 1075 3421; x_wconf 84' lang='lat' dir='ltr'><strong>Christi,</strong></span> <span class='ocrx_word' id='word_1_620' title='bbox 1092 3364 1185 3412; x_wconf 89' lang='lat' dir='ltr'><strong>utnon</strong></span> <span class='ocrx_word' id='word_1_621' title='bbox 1197 3371 1248 3412; x_wconf 82' lang='lat' dir='ltr'><strong>ros</strong></span> <span class='ocrx_word' id='word_1_622' title='bbox 1263 3358 1396 3424; x_wconf 87' lang='lat' dir='ltr'><strong>canentis,</strong></span> <span class='ocrx_word' id='word_1_623' title='bbox 1407 3357 1455 3415; x_wconf 86' lang='lat' dir='ltr'><strong>sed</strong></span> <span class='ocrx_word' id='word_1_624' title='bbox 1466 3360 1549 3415; x_wconf 82' lang='lat' dir='ltr'><strong>rerba</strong></span> <span class='ocrx_word' id='word_1_625' title='bbox 1561 3360 1688 3429; x_wconf 81' lang='lat' dir='ltr'><strong>placeant</strong></span> <span class='ocrx_word' id='word_1_626' title='bbox 1698 3377 1759 3432; x_wconf 81' lang='lat' dir='ltr'><strong>quae</strong></span> 
     </span>
     <span class='ocr_line' id='line_1_78' title="bbox 963 3447 1759 3522; baseline 0.005 -20"><span class='ocrx_word' id='word_1_627' title='bbox 963 3447 1106 3517; x_wconf 79' lang='lat' dir='ltr'><strong>leguntur;</strong></span> <span class='ocrx_word' id='word_1_628' title='bbox 1123 3456 1153 3502; x_wconf 94' lang='lat' dir='ltr'><strong>ut</strong></span> <span class='ocrx_word' id='word_1_629' title='bbox 1167 3448 1277 3519; x_wconf 88' lang='lat' dir='ltr'><strong>spiritus</strong></span> <span class='ocrx_word' id='word_1_630' title='bbox 1290 3449 1432 3519; x_wconf 86' lang='lat' dir='ltr'><strong>malusqui</strong></span> <span class='ocrx_word' id='word_1_631' title='bbox 1444 3458 1503 3506; x_wconf 87' lang='lat' dir='ltr'><strong>erat</strong></span> <span class='ocrx_word' id='word_1_632' title='bbox 1518 3451 1546 3506; x_wconf 90' lang='lat' dir='ltr'><strong>in</strong></span> <span class='ocrx_word' id='word_1_633' title='bbox 1561 3450 1653 3518; x_wconf 87' lang='lat' dir='ltr'><strong>Saule,</strong></span> <span class='ocrx_word' id='word_1_634' title='bbox 1667 3453 1759 3522; x_wconf 81' lang='lat' dir='ltr'><strong>ejicia·</strong></span> 
     </span>
    </p>
   </div>
   <div class='ocr_carea' id='block_1_16' title="bbox 965 3537 1858 3610">
    <p class='ocr_par' dir='ltr' id='par_1_17' title="bbox 965 3537 1858 3610">
     <span class='ocr_line' id='line_1_79' title="bbox 965 3537 1858 3610; baseline 0.003 -18"><span class='ocrx_word' id='word_1_635' title='bbox 965 3545 1008 3592; x_wconf 91' lang='lat' dir='ltr'><strong>tur</strong></span> <span class='ocrx_word' id='word_1_636' title='bbox 1020 3538 1054 3593; x_wconf 88' lang='lat' dir='ltr'><strong>ah</strong></span> <span class='ocrx_word' id='word_1_637' title='bbox 1066 3538 1109 3593; x_wconf 92' lang='lat' dir='ltr'><strong>his</strong></span> <span class='ocrx_word' id='word_1_638' title='bbox 1121 3537 1167 3607; x_wconf 83' lang='lat' dir='ltr'><strong>qui</strong></span> <span class='ocrx_word' id='word_1_639' title='bbox 1178 3539 1212 3594; x_wconf 91' lang='lat' dir='ltr'><strong>ab</strong></span> <span class='ocrx_word' id='word_1_640' title='bbox 1225 3553 1258 3594; x_wconf 91' lang='lat' dir='ltr'><strong>eo</strong></span> <span class='ocrx_word' id='word_1_641' title='bbox 1272 3540 1398 3597; x_wconf 87' lang='lat' dir='ltr'><strong>similiter</strong></span> <span class='ocrx_word' id='word_1_642' title='bbox 1412 3539 1594 3610; x_wconf 87' lang='lat' dir='ltr'><strong>possidentur,</strong></span> <span class='ocrx_word' id='word_1_643' title='bbox 1608 3550 1635 3597; x_wconf 87' lang='lat' dir='ltr'><strong>et</strong></span> <span class='ocrx_word' id='word_1_644' title='bbox 1648 3557 1703 3597; x_wconf 90' lang='lat' dir='ltr'><strong>non</strong></span> <span class='ocrx_word' id='word_1_645' title='bbox 1715 3542 1758 3596; x_wconf 89' lang='lat' dir='ltr'><strong>in·</strong></span> <span class='ocrx_word' id='word_1_646' title='bbox 1854 3602 1858 3608; x_wconf 95' lang='lat'>.</span> 
     </span>
    </p>
   </div>
   <div class='ocr_carea' id='block_1_17' title="bbox 965 3631 1777 5158">
    <p class='ocr_par' dir='ltr' id='par_1_18' title="bbox 965 3631 1777 5158">
     <span class='ocr_line' id='line_1_80' title="bbox 965 3631 1756 3702; baseline 0 -16"><span class='ocrx_word' id='word_1_647' title='bbox 965 3631 1124 3686; x_wconf 88' lang='lat' dir='ltr'><strong>trodncatur</strong></span> <span class='ocrx_word' id='word_1_648' title='bbox 1144 3631 1173 3685; x_wconf 91' lang='lat' dir='ltr'><strong>in</strong></span> <span class='ocrx_word' id='word_1_649' title='bbox 1186 3646 1234 3687; x_wconf 87' lang='lat' dir='ltr'><strong>eos</strong></span> <span class='ocrx_word' id='word_1_650' title='bbox 1253 3632 1300 3702; x_wconf 85' lang='lat' dir='ltr'><strong>qui</strong></span> <span class='ocrx_word' id='word_1_651' title='bbox 1320 3632 1452 3689; x_wconf 90' lang='lat' dir='ltr'><strong>dedomo</strong></span> <span class='ocrx_word' id='word_1_652' title='bbox 1472 3632 1519 3687; x_wconf 90' lang='lat' dir='ltr'><strong>Dei</strong></span> <span class='ocrx_word' id='word_1_653' title='bbox 1540 3647 1649 3688; x_wconf 88' lang='lat' dir='ltr'><strong>scenam</strong></span> <span class='ocrx_word' id='word_1_654' title='bbox 1664 3631 1756 3688; x_wconf 88' lang='lat' dir='ltr'><strong>lecern</strong></span> 
     </span>
     <span class='ocr_line' id='line_1_81' title="bbox 965 3721 1757 3793; baseline 0 -16"><span class='ocrx_word' id='word_1_655' title='bbox 965 3721 1136 3793; x_wconf 86' lang='lat' dir='ltr'><strong>populorum.</strong></span> <span class='ocrx_word' id='word_1_656' title='bbox 1155 3739 1165 3775; x_wconf 83' lang='grc' dir='ltr'><strong>ι</strong></span> <span class='ocrx_word' id='word_1_657' title='bbox 1191 3721 1221 3777; x_wconf 94' lang='lat' dir='ltr'><strong>ln</strong></span> <span class='ocrx_word' id='word_1_658' title='bbox 1235 3721 1334 3792; x_wconf 80' lang='lat' dir='ltr'><strong>quihus</strong></span> <span class='ocrx_word' id='word_1_659' title='bbox 1347 3723 1438 3778; x_wconf 84' lang='lat' dir='ltr'><strong>verbis</strong></span> <span class='ocrx_word' id='word_1_660' title='bbox 1461 3737 1625 3792; x_wconf 79' lang='lat' dir='ltr'><strong>magnopere</strong></span> <span class='ocrx_word' id='word_1_661' title='bbox 1639 3737 1757 3792; x_wconf 81' lang='lat' dir='ltr'><strong>perrenn-</strong></span> 
     </span>
     <span class='ocr_line' id='line_1_82' title="bbox 966 3813 1757 3883; baseline 0.004 -16"><span class='ocrx_word' id='word_1_662' title='bbox 966 3813 1101 3878; x_wconf 86' lang='lat' dir='ltr'><strong>domest,</strong></span> <span class='ocrx_word' id='word_1_663' title='bbox 1123 3813 1197 3882; x_wconf 79' lang='lat' dir='ltr'><strong>qnod</strong></span> <span class='ocrx_word' id='word_1_664' title='bbox 1211 3827 1259 3870; x_wconf 88' lang='lat' dir='ltr'><strong>eos</strong></span> <span class='ocrx_word' id='word_1_665' title='bbox 1272 3814 1319 3883; x_wconf 83' lang='lat' dir='ltr'><strong>qui</strong></span> <span class='ocrx_word' id='word_1_666' title='bbox 1341 3814 1368 3868; x_wconf 93' lang='lat' dir='ltr'><strong>in</strong></span> <span class='ocrx_word' id='word_1_667' title='bbox 1390 3828 1494 3870; x_wconf 89' lang='lat' dir='ltr'><strong>umrem</strong></span> <span class='ocrx_word' id='word_1_668' title='bbox 1516 3814 1657 3882; x_wconf 89' lang='lat' dir='ltr'><strong>psallentis</strong></span> <span class='ocrx_word' id='word_1_669' title='bbox 1671 3814 1757 3870; x_wconf 81' lang='lat' dir='ltr'><strong>David</strong></span> 
     </span>
     <span class='ocr_line' id='line_1_83' title="bbox 967 3904 1777 3977; baseline 0.004 -17"><span class='ocrx_word' id='word_1_670' title='bbox 967 3919 1028 3960; x_wconf 91' lang='lat' dir='ltr'><strong>eum</strong></span> <span class='ocrx_word' id='word_1_671' title='bbox 1044 3905 1142 3959; x_wconf 89' lang='lat' dir='ltr'><strong>timore</strong></span> <span class='ocrx_word' id='word_1_672' title='bbox 1157 3909 1185 3959; x_wconf 90' lang='lat' dir='ltr'><strong>et</strong></span> <span class='ocrx_word' id='word_1_673' title='bbox 1199 3904 1332 3975; x_wconf 74' lang='lat' dir='ltr'><strong>grauitate</strong></span> <span class='ocrx_word' id='word_1_674' title='bbox 1346 3904 1461 3974; x_wconf 90' lang='lat' dir='ltr'><strong>spiritali</strong></span> <span class='ocrx_word' id='word_1_675' title='bbox 1477 3915 1588 3971; x_wconf 71' lang='lat' dir='ltr'><strong>mount,</strong></span> <span class='ocrx_word' id='word_1_676' title='bbox 1610 3906 1756 3977; x_wconf 70' lang='lat' dir='ltr'><strong>malignum</strong></span> <span class='ocrx_word' id='word_1_677' title='bbox 1773 3933 1777 3946; x_wconf 82' lang='lat'><strong>·</strong></span> 
     </span>
     <span class='ocr_line' id='line_1_84' title="bbox 967 3992 1759 4066; baseline 0.008 -18"><span class='ocrx_word' id='word_1_678' title='bbox 967 3993 1093 4063; x_wconf 88' lang='lat' dir='ltr'><strong>spiritum</strong></span> <span class='ocrx_word' id='word_1_679' title='bbox 1106 3993 1190 4048; x_wconf 90' lang='lat' dir='ltr'><strong>etiam</strong></span> <span class='ocrx_word' id='word_1_680' title='bbox 1205 3994 1240 4049; x_wconf 88' lang='lat' dir='ltr'><strong>ab</strong></span> <span class='ocrx_word' id='word_1_681' title='bbox 1262 3992 1431 4050; x_wconf 75' lang='lat' dir='ltr'><strong>auditoribus</strong></span> <span class='ocrx_word' id='word_1_682' title='bbox 1450 3994 1506 4050; x_wconf 86' lang='lat' dir='ltr'><strong>auls</strong></span> <span class='ocrx_word' id='word_1_683' title='bbox 1520 3995 1665 4052; x_wconf 81' lang='lat' dir='ltr'><strong>excludere</strong></span> <span class='ocrx_word' id='word_1_684' title='bbox 1678 4011 1759 4066; x_wconf 84' lang='lat' dir='ltr'><strong>posse</strong></span> 
     </span>
     <span class='ocr_line' id='line_1_85' title="bbox 969 4083 1761 4154; baseline 0.005 -15"><span class='ocrx_word' id='word_1_685' title='bbox 969 4083 1128 4150; x_wconf 89' lang='lat' dir='ltr'><strong>eontirmat;</strong></span> <span class='ocrx_word' id='word_1_686' title='bbox 1151 4098 1198 4140; x_wconf 91' lang='lat' dir='ltr'><strong>eos</strong></span> <span class='ocrx_word' id='word_1_687' title='bbox 1211 4099 1276 4140; x_wconf 87' lang='lat' dir='ltr'><strong>rem</strong></span> <span class='ocrx_word' id='word_1_688' title='bbox 1287 4085 1333 4154; x_wconf 82' lang='lat' dir='ltr'><strong>ani</strong></span> <span class='ocrx_word' id='word_1_689' title='bbox 1346 4085 1524 4142; x_wconf 82' lang='lat' dir='ltr'><strong>theatralibus</strong></span> <span class='ocrx_word' id='word_1_690' title='bbox 1538 4087 1614 4143; x_wconf 84' lang='lat' dir='ltr'><strong>souis</strong></span> <span class='ocrx_word' id='word_1_691' title='bbox 1625 4094 1653 4144; x_wconf 87' lang='lat' dir='ltr'><strong>et</strong></span> <span class='ocrx_word' id='word_1_692' title='bbox 1668 4089 1761 4143; x_wconf 84' lang='lat' dir='ltr'><strong>saeni-</strong></span> 
     </span>
     <span class='ocr_line' id='line_1_86' title="bbox 970 4175 1760 4246; baseline 0.011 -18"><span class='ocrx_word' id='word_1_693' title='bbox 970 4175 1010 4230; x_wconf 88' lang='lat' dir='ltr'><strong>cis</strong></span> <span class='ocrx_word' id='word_1_694' title='bbox 1027 4175 1276 4244; x_wconf 87' lang='lat' dir='ltr'><strong>modulationibus,</strong></span> <span class='ocrx_word' id='word_1_695' title='bbox 1297 4184 1325 4232; x_wconf 89' lang='lat' dir='ltr'><strong>et</strong></span> <span class='ocrx_word' id='word_1_696' title='bbox 1349 4178 1474 4246; x_wconf 79' lang='lat' dir='ltr'><strong>quamuis</strong></span> <span class='ocrx_word' id='word_1_697' title='bbox 1494 4178 1521 4232; x_wconf 93' lang='lat' dir='ltr'><strong>in</strong></span> <span class='ocrx_word' id='word_1_698' title='bbox 1545 4179 1644 4236; x_wconf 85' lang='lat' dir='ltr'><strong>(lirinis</strong></span> <span class='ocrx_word' id='word_1_699' title='bbox 1657 4181 1760 4244; x_wconf 78' lang='lat' dir='ltr'><strong>serbis,</strong></span> 
     </span>
     <span class='ocr_line' id='line_1_87' title="bbox 970 4268 1761 4339; baseline 0.009 -17"><span class='ocrx_word' id='word_1_700' title='bbox 970 4268 1045 4324; x_wconf 80' lang='lat' dir='ltr'><strong>vocis</strong></span> <span class='ocrx_word' id='word_1_701' title='bbox 1068 4268 1210 4325; x_wconf 88' lang='lat' dir='ltr'><strong>dulcedine</strong></span> <span class='ocrx_word' id='word_1_702' title='bbox 1232 4270 1458 4339; x_wconf 87' lang='lat' dir='ltr'><strong>intemperantius</strong></span> <span class='ocrx_word' id='word_1_703' title='bbox 1481 4272 1671 4339; x_wconf 88' lang='lat' dir='ltr'><strong>delectantur,</strong></span> <span class='ocrx_word' id='word_1_704' title='bbox 1698 4288 1761 4330; x_wconf 91' lang='lat' dir='ltr'><strong>enm</strong></span> 
     </span>
     <span class='ocr_line' id='line_1_88' title="bbox 971 4358 1765 4432; baseline 0.005 -18"><span class='ocrx_word' id='word_1_705' title='bbox 971 4373 1026 4414; x_wconf 92' lang='lat' dir='ltr'><strong>non</strong></span> <span class='ocrx_word' id='word_1_706' title='bbox 1040 4358 1127 4413; x_wconf 87' lang='lat' dir='ltr'><strong>solum</strong></span> <span class='ocrx_word' id='word_1_707' title='bbox 1139 4359 1173 4414; x_wconf 92' lang='lat' dir='ltr'><strong>ab</strong></span> <span class='ocrx_word' id='word_1_708' title='bbox 1186 4358 1249 4414; x_wconf 92' lang='lat' dir='ltr'><strong>aliis</strong></span> <span class='ocrx_word' id='word_1_709' title='bbox 1259 4375 1313 4416; x_wconf 91' lang='lat' dir='ltr'><strong>non</strong></span> <span class='ocrx_word' id='word_1_710' title='bbox 1326 4361 1479 4428; x_wconf 83' lang='lat' dir='ltr'><strong>excludere,</strong></span> <span class='ocrx_word' id='word_1_711' title='bbox 1494 4363 1553 4428; x_wconf 86' lang='lat' dir='ltr'><strong>sed,</strong></span> <span class='ocrx_word' id='word_1_712' title='bbox 1567 4364 1638 4432; x_wconf 84' lang='lat' dir='ltr'><strong>quod</strong></span> <span class='ocrx_word' id='word_1_713' title='bbox 1653 4373 1696 4420; x_wconf 84' lang='lat' dir='ltr'><strong>est</strong></span> <span class='ocrx_word' id='word_1_714' title='bbox 1709 4375 1765 4420; x_wconf 88' lang='lat' dir='ltr'><strong>ter·</strong></span> 
     </span>
     <span class='ocr_line' id='line_1_89' title="bbox 973 4450 1764 4520; baseline 0.005 -16"><span class='ocrx_word' id='word_1_715' title='bbox 973 4450 1059 4514; x_wconf 91' lang='lat' dir='ltr'><strong>ribile,</strong></span> <span class='ocrx_word' id='word_1_716' title='bbox 1075 4450 1103 4504; x_wconf 94' lang='lat' dir='ltr'><strong>in</strong></span> <span class='ocrx_word' id='word_1_717' title='bbox 1126 4450 1228 4520; x_wconf 85' lang='lat' dir='ltr'><strong>seipsos</strong></span> <span class='ocrx_word' id='word_1_718' title='bbox 1252 4451 1424 4508; x_wconf 85' lang='lat' dir='ltr'><strong>introducere</strong></span> <span class='ocrx_word' id='word_1_719' title='bbox 1438 4460 1563 4507; x_wconf 89' lang='lat' dir='ltr'><strong>testatur.</strong></span> <span class='ocrx_word' id='word_1_720' title='bbox 1588 4452 1665 4510; x_wconf 82' lang='lat' dir='ltr'><strong>llnde</strong></span> <span class='ocrx_word' id='word_1_721' title='bbox 1686 4462 1714 4510; x_wconf 92' lang='lat' dir='ltr'><strong>et</strong></span> <span class='ocrx_word' id='word_1_722' title='bbox 1737 4456 1764 4509; x_wconf 87' lang='lat' dir='ltr'><strong>iu</strong></span> 
     </span>
     <span class='ocr_line' id='line_1_90' title="bbox 974 4539 1764 4614; baseline 0.003 -18"><span class='ocrx_word' id='word_1_723' title='bbox 974 4540 1026 4597; x_wconf 90' lang='lat' dir='ltr'><strong>alio</strong></span> <span class='ocrx_word' id='word_1_724' title='bbox 1039 4540 1098 4597; x_wconf 92' lang='lat' dir='ltr'><strong>loco</strong></span> <span class='ocrx_word' id='word_1_725' title='bbox 1109 4541 1181 4596; x_wconf 86' lang='lat' dir='ltr'><strong>idcnr</strong></span> <span class='ocrx_word' id='word_1_726' title='bbox 1193 4539 1288 4596; x_wconf 88' lang='lat' dir='ltr'><strong>doctor</strong></span> <span class='ocrx_word' id='word_1_727' title='bbox 1301 4556 1363 4597; x_wconf 87' lang='lat' dir='ltr'><strong>cnm</strong></span> <span class='ocrx_word' id='word_1_728' title='bbox 1376 4544 1539 4597; x_wconf 86' lang='lat' dir='ltr'><strong>sententiam</strong></span> <span class='ocrx_word' id='word_1_729' title='bbox 1554 4541 1630 4599; x_wconf 80' lang='lat' dir='ltr'><strong>isaim</strong></span> <span class='ocrx_word' id='word_1_730' title='bbox 1644 4541 1721 4614; x_wconf 79' lang='lat' dir='ltr'><strong>(Cap.</strong></span> <span class='ocrx_word' id='word_1_731' title='bbox 1737 4545 1764 4613; x_wconf 88' lang='lat' dir='ltr'><strong>t)</strong></span> 
     </span>
     <span class='ocr_line' id='line_1_91' title="bbox 973 4631 1764 4705; baseline 0.003 -17"><span class='ocrx_word' id='word_1_732' title='bbox 973 4640 1132 4704; x_wconf 81' lang='lat' dir='ltr'><strong>exponeret,</strong></span> <span class='ocrx_word' id='word_1_733' title='bbox 1147 4631 1236 4705; x_wconf 78' lang='lat' dir='ltr'><strong>iniqui</strong></span> <span class='ocrx_word' id='word_1_734' title='bbox 1252 4642 1313 4687; x_wconf 82' lang='lat' dir='ltr'><strong>suat</strong></span> <span class='ocrx_word' id='word_1_735' title='bbox 1332 4643 1412 4689; x_wconf 85' lang='lat' dir='ltr'><strong>coetur</strong></span> <span class='ocrx_word' id='word_1_736' title='bbox 1430 4634 1507 4691; x_wconf 79' lang='lat' dir='ltr'><strong>uestri</strong></span> <span class='ocrx_word' id='word_1_737' title='bbox 1514 4675 1522 4700; x_wconf 96' lang='lat'><strong>,</strong></span> <span class='ocrx_word' id='word_1_738' title='bbox 1547 4635 1586 4689; x_wconf 84' lang='lat' dir='ltr'><strong>rit</strong></span> <span class='ocrx_word' id='word_1_739' title='bbox 1608 4651 1615 4689; x_wconf 76' lang='lat' dir='ltr'><strong>a</strong></span> <span class='ocrx_word' id='word_1_740' title='bbox 1645 4635 1764 4691; x_wconf 75' lang='lat' dir='ltr'><strong>«Omnis</strong></span> 
     </span>
     <span class='ocr_line' id='line_1_92' title="bbox 974 4723 1764 4798; baseline 0.003 -19"><span class='ocrx_word' id='word_1_741' title='bbox 974 4735 1123 4780; x_wconf 77' lang='lat' dir='ltr'><strong>conventus</strong></span> <span class='ocrx_word' id='word_1_742' title='bbox 1148 4724 1194 4794; x_wconf 89' lang='lat' dir='ltr'><strong>qui</strong></span> <span class='ocrx_word' id='word_1_743' title='bbox 1218 4738 1272 4778; x_wconf 91' lang='lat' dir='ltr'><strong>non</strong></span> <span class='ocrx_word' id='word_1_744' title='bbox 1297 4723 1376 4779; x_wconf 86' lang='lat' dir='ltr'><strong>ollert</strong></span> <span class='ocrx_word' id='word_1_745' title='bbox 1400 4723 1504 4781; x_wconf 81' lang='lat' dir='ltr'><strong>hostias</strong></span> <span class='ocrx_word' id='word_1_746' title='bbox 1529 4726 1683 4798; x_wconf 84' lang='lat' dir='ltr'><strong>spiritales,</strong></span> <span class='ocrx_word' id='word_1_747' title='bbox 1713 4740 1764 4782; x_wconf 87' lang='lat' dir='ltr'><strong>nee</strong></span> 
     </span>
     <span class='ocr_line' id='line_1_93' title="bbox 976 4813 1766 4886; baseline 0 -17"><span class='ocrx_word' id='word_1_748' title='bbox 976 4813 1050 4871; x_wconf 91' lang='lat' dir='ltr'><strong>audit</strong></span> <span class='ocrx_word' id='word_1_749' title='bbox 1072 4814 1136 4870; x_wconf 85' lang='lat' dir='ltr'><strong>illud</strong></span> <span class='ocrx_word' id='word_1_750' title='bbox 1156 4815 1228 4885; x_wconf 81' lang='lat' dir='ltr'><strong>quod</strong></span> <span class='ocrx_word' id='word_1_751' title='bbox 1241 4815 1268 4869; x_wconf 93' lang='lat' dir='ltr'><strong>in</strong></span> <span class='ocrx_word' id='word_1_752' title='bbox 1280 4814 1506 4886; x_wconf 74' lang='lat' dir='ltr'><strong>quinquagesimo</strong></span> <span class='ocrx_word' id='word_1_753' title='bbox 1524 4816 1629 4886; x_wconf 85' lang='lat' dir='ltr'><strong>psalmo</strong></span> <span class='ocrx_word' id='word_1_754' title='bbox 1647 4816 1766 4878; x_wconf 88' lang='lat' dir='ltr'><strong>canitur,</strong></span> 
     </span>
     <span class='ocr_line' id='line_1_94' title="bbox 974 4903 1766 4976; baseline -0.003 -16"><span class='ocrx_word' id='word_1_755' title='bbox 974 4903 1142 4974; x_wconf 72' lang='lat' dir='ltr'><strong>Sacrificium</strong></span> <span class='ocrx_word' id='word_1_756' title='bbox 1165 4904 1219 4958; x_wconf 92' lang='lat' dir='ltr'><strong>Deo</strong></span> <span class='ocrx_word' id='word_1_757' title='bbox 1246 4904 1362 4976; x_wconf 79' lang='lat' dir='ltr'><strong>Spiritus</strong></span> <span class='ocrx_word' id='word_1_758' title='bbox 1384 4905 1590 4973; x_wconf 83' lang='lat' dir='ltr'><strong>contribulatur,</strong></span> <span class='ocrx_word' id='word_1_759' title='bbox 1604 4923 1650 4961; x_wconf 87' lang='lat' dir='ltr'><strong>eor</strong></span> <span class='ocrx_word' id='word_1_760' title='bbox 1665 4904 1766 4960; x_wconf 82' lang='lat' dir='ltr'><strong>contri·</strong></span> 
     </span>
     <span class='ocr_line' id='line_1_95' title="bbox 973 4981 1767 5070; baseline 0 -20"><span class='ocrx_word' id='word_1_761' title='bbox 973 4981 1030 5050; x_wconf 72' lang='lat' dir='ltr'><strong>ium</strong></span> <span class='ocrx_word' id='word_1_762' title='bbox 1046 5004 1072 5050; x_wconf 88' lang='lat' dir='ltr'><strong>et</strong></span> <span class='ocrx_word' id='word_1_763' title='bbox 1095 4995 1263 5050; x_wconf 87' lang='lat' dir='ltr'><strong>humiliatum</strong></span> <span class='ocrx_word' id='word_1_764' title='bbox 1278 4995 1348 5051; x_wconf 87' lang='lat' dir='ltr'><strong>Deus</strong></span> <span class='ocrx_word' id='word_1_765' title='bbox 1363 5013 1416 5052; x_wconf 81' lang='lat' dir='ltr'><strong>nor</strong></span> <span class='ocrx_word' id='word_1_766' title='bbox 1435 4997 1560 5070; x_wconf 82' lang='lat' dir='ltr'><strong>despicit,</strong></span> <span class='ocrx_word' id='word_1_767' title='bbox 1576 4995 1767 5054; x_wconf 83' lang='lat' dir='ltr'><strong>abonrinrhilis</strong></span> 
     </span>
     <span class='ocr_line' id='line_1_96' title="bbox 976 5085 1768 5158; baseline 0 -16"><span class='ocrx_word' id='word_1_768' title='bbox 976 5089 1093 5142; x_wconf 84' lang='lat' dir='ltr'><strong>Dcocst.</strong></span> <span class='ocrx_word' id='word_1_769' title='bbox 1112 5106 1121 5138; x_wconf 89' lang='grc' dir='ltr'><strong>ι</strong></span> <span class='ocrx_word' id='word_1_770' title='bbox 1139 5085 1214 5140; x_wconf 88' lang='lat' dir='ltr'><strong>llens</strong></span> <span class='ocrx_word' id='word_1_771' title='bbox 1227 5100 1293 5158; x_wconf 74' lang='lat' dir='ltr'><strong>ergo</strong></span> <span class='ocrx_word' id='word_1_772' title='bbox 1313 5085 1408 5156; x_wconf 86' lang='lat' dir='ltr'><strong>libera,</strong></span> <span class='ocrx_word' id='word_1_773' title='bbox 1424 5088 1516 5157; x_wconf 87' lang='lat' dir='ltr'><strong>idest,</strong></span> <span class='ocrx_word' id='word_1_774' title='bbox 1532 5088 1657 5144; x_wconf 83' lang='lat' dir='ltr'><strong>sensibus</strong></span> <span class='ocrx_word' id='word_1_775' title='bbox 1670 5099 1768 5156; x_wconf 86' lang='lat' dir='ltr'><strong>corpa-</strong></span> 
     </span>
    </p>
   </div>
   <div class='ocr_carea' id='block_1_18' title="bbox 809 5199 1081 5258">
    <p class='ocr_par' dir='ltr' id='par_1_19' title="bbox 809 5199 1081 5258">
     <span class='ocr_line' id='line_1_97' title="bbox 809 5199 1081 5258; baseline 0.004 -3"><span class='ocrx_word' id='word_1_776' title='bbox 809 5201 945 5258; x_wconf 58' lang='lat' dir='ltr'><strong>Bittuztt</strong></span> <span class='ocrx_word' id='word_1_777' title='bbox 966 5199 1081 5256; x_wconf 77' lang='lat' dir='ltr'>NOTAE.</span> 
     </span>
    </p>
   </div>
   <div class='ocr_carea' id='block_1_19' title="bbox 166 5291 1769 5378">
    <p class='ocr_par' dir='ltr' id='par_1_20' title="bbox 166 5291 1769 5378">
     <span class='ocr_line' id='line_1_98' title="bbox 166 5291 1769 5378; baseline -0.001 -26"><span class='ocrx_word' id='word_1_778' title='bbox 166 5297 229 5353; x_wconf 69' lang='lat' dir='ltr'><strong>ata</strong></span> <span class='ocrx_word' id='word_1_779' title='bbox 248 5297 359 5352; x_wconf 85' lang='lat' dir='ltr'><strong>concilia</strong></span> <span class='ocrx_word' id='word_1_780' title='bbox 374 5297 509 5368; x_wconf 68' lang='lat' dir='ltr'><strong>Africano.</strong></span> <span class='ocrx_word' id='word_1_781' title='bbox 535 5296 629 5352; x_wconf 82' lang='lat' dir='ltr'><strong>Exstat</strong></span> <span class='ocrx_word' id='word_1_782' title='bbox 649 5295 694 5352; x_wconf 90' lang='lat' dir='ltr'><strong>hic</strong></span> <span class='ocrx_word' id='word_1_783' title='bbox 715 5308 801 5349; x_wconf 91' lang='lat' dir='ltr'><strong>canon</strong></span> <span class='ocrx_word' id='word_1_784' title='bbox 817 5295 844 5347; x_wconf 93' lang='lat' dir='ltr'><strong>in</strong></span> <span class='ocrx_word' id='word_1_785' title='bbox 859 5307 924 5348; x_wconf 89' lang='lat' dir='ltr'><strong>eon·</strong></span> <span class='ocrx_word' id='word_1_786' title='bbox 975 5298 1099 5362; x_wconf 87' lang='lat' dir='ltr'><strong>hrcntur,</strong></span> <span class='ocrx_word' id='word_1_787' title='bbox 1111 5312 1161 5353; x_wconf 91' lang='lat' dir='ltr'><strong>nec</strong></span> <span class='ocrx_word' id='word_1_788' title='bbox 1182 5297 1361 5354; x_wconf 80' lang='lat' dir='ltr'><strong>alimomnino</strong></span> <span class='ocrx_word' id='word_1_789' title='bbox 1375 5301 1468 5351; x_wconf 85' lang='lat' dir='ltr'><strong>eontra</strong></span> <span class='ocrx_word' id='word_1_790' title='bbox 1485 5291 1564 5349; x_wconf 80' lang='lat' dir='ltr'><strong>fldem</strong></span> <span class='ocrx_word' id='word_1_791' title='bbox 1575 5294 1769 5378; x_wconf 75' lang='lat' dir='ltr'><strong>preferantur,</strong></span> 
     </span>
    </p>
   </div>
   <div class='ocr_carea' id='block_1_20' title="bbox 128 5362 1789 5506">
    <p class='ocr_par' dir='ltr' id='par_1_21' title="bbox 128 5362 1789 5506">
     <span class='ocr_line' id='line_1_99' title="bbox 128 5362 1768 5438; baseline 0 -14"><span class='ocrx_word' id='word_1_792' title='bbox 128 5369 193 5424; x_wconf 91' lang='lat' dir='ltr'><strong>cilio</strong></span> <span class='ocrx_word' id='word_1_793' title='bbox 210 5365 351 5432; x_wconf 81' lang='lat' dir='ltr'><strong>hiricano,</strong></span> <span class='ocrx_word' id='word_1_794' title='bbox 365 5384 425 5438; x_wconf 86' lang='lat' dir='ltr'><strong>cap.</strong></span> <span class='ocrx_word' id='word_1_795' title='bbox 440 5367 483 5431; x_wconf 82' lang='lat' dir='ltr'><strong>ib,</strong></span> <span class='ocrx_word' id='word_1_796' title='bbox 498 5378 525 5422; x_wconf 91' lang='lat' dir='ltr'><strong>et</strong></span> <span class='ocrx_word' id='word_1_797' title='bbox 539 5369 564 5422; x_wconf 90' lang='lat' dir='ltr'><strong>iu</strong></span> <span class='ocrx_word' id='word_1_798' title='bbox 589 5365 688 5422; x_wconf 85' lang='lat' dir='ltr'><strong>Codice</strong></span> <span class='ocrx_word' id='word_1_799' title='bbox 709 5363 849 5420; x_wconf 90' lang='lat' dir='ltr'><strong>Cauonum</strong></span> <span class='ocrx_word' id='word_1_800' title='bbox 873 5364 924 5419; x_wconf 83' lang='lat' dir='ltr'><strong>Ec·</strong></span> <span class='ocrx_word' id='word_1_801' title='bbox 976 5366 1024 5421; x_wconf 90' lang='lat' dir='ltr'><strong>sed</strong></span> <span class='ocrx_word' id='word_1_802' title='bbox 1044 5383 1211 5438; x_wconf 76' lang='lat' dir='ltr'><strong>quacunque</strong></span> <span class='ocrx_word' id='word_1_803' title='bbox 1232 5385 1248 5423; x_wconf 86' lang='lat' dir='ltr'><strong>a</strong></span> <span class='ocrx_word' id='word_1_804' title='bbox 1269 5365 1489 5438; x_wconf 87' lang='lat' dir='ltr'><strong>prudentioribus</strong></span> <span class='ocrx_word' id='word_1_805' title='bbox 1512 5362 1614 5421; x_wconf 87' lang='lat' dir='ltr'><strong>luerrrrt</strong></span> <span class='ocrx_word' id='word_1_806' title='bbox 1638 5367 1768 5430; x_wconf 71' lang='lat' dir='ltr'><strong>collecte,</strong></span> 
     </span>
     <span class='ocr_line' id='line_1_100' title="bbox 128 5432 1789 5506; baseline -0.002 -11"><span class='ocrx_word' id='word_1_807' title='bbox 128 5438 220 5495; x_wconf 85' lang='lat' dir='ltr'><strong>clesiae</strong></span> <span class='ocrx_word' id='word_1_808' title='bbox 243 5436 388 5501; x_wconf 70' lang='lat' dir='ltr'><strong>Africanae,</strong></span> <span class='ocrx_word' id='word_1_809' title='bbox 406 5439 447 5492; x_wconf 91' lang='lat' dir='ltr'><strong>tit.</strong></span> <span class='ocrx_word' id='word_1_810' title='bbox 470 5437 530 5492; x_wconf 73' lang='lat' dir='ltr'><strong>tus.</strong></span> <span class='ocrx_word' id='word_1_811' title='bbox 556 5435 610 5492; x_wconf 87' lang='lat' dir='ltr'><strong>Setl</strong></span> <span class='ocrx_word' id='word_1_812' title='bbox 635 5436 778 5506; x_wconf 81' lang='lat' dir='ltr'><strong>utrobique</strong></span> <span class='ocrx_word' id='word_1_813' title='bbox 803 5436 925 5489; x_wconf 85' lang='lat' dir='ltr'><strong>diversus</strong></span> <span class='ocrx_word' id='word_1_814' title='bbox 976 5438 1110 5493; x_wconf 89' lang='lat' dir='ltr'><strong>dieantur.</strong></span> <span class='ocrx_word' id='word_1_815' title='bbox 1786 5432 1789 5439; x_wconf 56' lang='lat'><em>⁴</em></span> 
     </span>
    </p>
   </div>
   <div class='ocr_carea' id='block_1_21' title="bbox 129 5505 927 5787">
    <p class='ocr_par' dir='ltr' id='par_1_22' title="bbox 129 5505 927 5787">
     <span class='ocr_line' id='line_1_101' title="bbox 129 5505 923 5578; baseline -0.009 -13"><span class='ocrx_word' id='word_1_816' title='bbox 129 5517 173 5564; x_wconf 90' lang='lat' dir='ltr'><strong>est</strong></span> <span class='ocrx_word' id='word_1_817' title='bbox 186 5507 269 5578; x_wconf 87' lang='lat' dir='ltr'><strong>paulo</strong></span> <span class='ocrx_word' id='word_1_818' title='bbox 285 5509 319 5562; x_wconf 88' lang='lat' dir='ltr'><strong>ab</strong></span> <span class='ocrx_word' id='word_1_819' title='bbox 338 5509 455 5564; x_wconf 86' lang='lat' dir='ltr'><strong>editione</strong></span> <span class='ocrx_word' id='word_1_820' title='bbox 477 5507 623 5578; x_wconf 72' lang='lat' dir='ltr'><strong>Apobardi.</strong></span> <span class='ocrx_word' id='word_1_821' title='bbox 641 5506 686 5560; x_wconf 87' lang='lat' dir='ltr'><strong>Sic</strong></span> <span class='ocrx_word' id='word_1_822' title='bbox 700 5507 771 5560; x_wconf 90' lang='lat' dir='ltr'><strong>enim</strong></span> <span class='ocrx_word' id='word_1_823' title='bbox 788 5505 842 5559; x_wconf 93' lang='lat' dir='ltr'><strong>illie</strong></span> <span class='ocrx_word' id='word_1_824' title='bbox 857 5506 923 5565; x_wconf 72' lang='lat' dir='ltr'><strong>leri·</strong></span> 
     </span>
     <span class='ocr_line' id='line_1_102' title="bbox 130 5577 925 5646; baseline -0.003 -12"><span class='ocrx_word' id='word_1_825' title='bbox 130 5588 196 5634; x_wconf 88' lang='lat' dir='ltr'><strong>tur:</strong></span> <span class='ocrx_word' id='word_1_826' title='bbox 212 5578 340 5634; x_wconf 75' lang='lat' dir='ltr'><strong>«Placuit</strong></span> <span class='ocrx_word' id='word_1_827' title='bbox 360 5580 442 5634; x_wconf 87' lang='lat' dir='ltr'><strong>etiam</strong></span> <span class='ocrx_word' id='word_1_828' title='bbox 463 5579 525 5643; x_wconf 91' lang='lat' dir='ltr'><strong>hoe,</strong></span> <span class='ocrx_word' id='word_1_829' title='bbox 541 5585 571 5631; x_wconf 92' lang='lat' dir='ltr'><strong>ut</strong></span> <span class='ocrx_word' id='word_1_830' title='bbox 593 5592 697 5646; x_wconf 86' lang='lat' dir='ltr'><strong>preces,</strong></span> <span class='ocrx_word' id='word_1_831' title='bbox 723 5592 784 5646; x_wconf 79' lang='lat' dir='ltr'><strong>epum</strong></span> <span class='ocrx_word' id='word_1_832' title='bbox 805 5577 925 5645; x_wconf 84' lang='lat' dir='ltr'><strong>probatae</strong></span> 
     </span>
     <span class='ocr_line' id='line_1_103' title="bbox 131 5646 927 5718; baseline -0.006 -14"><span class='ocrx_word' id='word_1_833' title='bbox 131 5649 236 5704; x_wconf 86' lang='lat' dir='ltr'><strong>luerint</strong></span> <span class='ocrx_word' id='word_1_834' title='bbox 251 5650 279 5703; x_wconf 89' lang='lat' dir='ltr'><strong>io</strong></span> <span class='ocrx_word' id='word_1_835' title='bbox 300 5650 425 5713; x_wconf 90' lang='lat' dir='ltr'><strong>coneilio,</strong></span> <span class='ocrx_word' id='word_1_836' title='bbox 442 5650 499 5703; x_wconf 83' lang='lat' dir='ltr'><strong>sire</strong></span> <span class='ocrx_word' id='word_1_837' title='bbox 512 5646 697 5718; x_wconf 84' lang='lat' dir='ltr'><strong>praelationes,</strong></span> <span class='ocrx_word' id='word_1_838' title='bbox 711 5647 768 5702; x_wconf 85' lang='lat' dir='ltr'><strong>siro</strong></span> <span class='ocrx_word' id='word_1_839' title='bbox 790 5661 927 5701; x_wconf 88' lang='lat' dir='ltr'><strong>commen-</strong></span> 
     </span>
     <span class='ocr_line' id='line_1_104' title="bbox 132 5716 927 5787; baseline -0.004 -13"><span class='ocrx_word' id='word_1_840' title='bbox 132 5720 268 5785; x_wconf 86' lang='lat' dir='ltr'><strong>dationes,</strong></span> <span class='ocrx_word' id='word_1_841' title='bbox 284 5735 333 5776; x_wconf 85' lang='lat' dir='ltr'><strong>sen</strong></span> <span class='ocrx_word' id='word_1_842' title='bbox 348 5734 445 5776; x_wconf 86' lang='lat' dir='ltr'><strong>manus</strong></span> <span class='ocrx_word' id='word_1_843' title='bbox 458 5717 653 5787; x_wconf 86' lang='lat' dir='ltr'><strong>impositiones,</strong></span> <span class='ocrx_word' id='word_1_844' title='bbox 674 5716 708 5771; x_wconf 92' lang='lat' dir='ltr'><strong>ah</strong></span> <span class='ocrx_word' id='word_1_845' title='bbox 718 5717 843 5773; x_wconf 88' lang='lat' dir='ltr'><strong>omnibus</strong></span> <span class='ocrx_word' id='word_1_846' title='bbox 858 5717 927 5772; x_wconf 85' lang='lat' dir='ltr'><strong>cele-</strong></span> 
     </span>
    </p>
   </div>
   <div class='ocr_carea' id='block_1_22' title="bbox 978 5506 1770 5721">
    <p class='ocr_par' dir='ltr' id='par_1_23' title="bbox 978 5506 1770 5721">
     <span class='ocr_line' id='line_1_105' title="bbox 1014 5506 1770 5581; baseline -0.003 -18"><span class='ocrx_word' id='word_1_847' title='bbox 1014 5509 1028 5548; x_wconf 79' lang='lat' dir='ltr'><strong>b</strong></span> <span class='ocrx_word' id='word_1_848' title='bbox 1042 5508 1224 5581; x_wconf 85' lang='lat' dir='ltr'><strong>Simplicitate.</strong></span> <span class='ocrx_word' id='word_1_849' title='bbox 1247 5509 1274 5562; x_wconf 91' lang='lat' dir='ltr'><strong>ln</strong></span> <span class='ocrx_word' id='word_1_850' title='bbox 1294 5506 1478 5574; x_wconf 87' lang='lat' dir='ltr'><strong>manuscripto</strong></span> <span class='ocrx_word' id='word_1_851' title='bbox 1491 5506 1589 5575; x_wconf 78' lang='lat' dir='ltr'><strong>legitur</strong></span> <span class='ocrx_word' id='word_1_852' title='bbox 1600 5509 1770 5578; x_wconf 73' lang='lat' dir='ltr'><strong>implacitatur</strong></span> 
     </span>
     <span class='ocr_line' id='line_1_106' title="bbox 978 5576 1770 5649; baseline -0.001 -15"><span class='ocrx_word' id='word_1_853' title='bbox 978 5594 1027 5649; x_wconf 89' lang='lat' dir='ltr'><strong>pro</strong></span> <span class='ocrx_word' id='word_1_854' title='bbox 1046 5594 1100 5649; x_wconf 79' lang='lat' dir='ltr'><strong>quo</strong></span> <span class='ocrx_word' id='word_1_855' title='bbox 1115 5579 1255 5634; x_wconf 86' lang='lat' dir='ltr'><strong>llassonus</strong></span> <span class='ocrx_word' id='word_1_856' title='bbox 1270 5577 1353 5632; x_wconf 85' lang='lat' dir='ltr'><strong>edidit</strong></span> <span class='ocrx_word' id='word_1_857' title='bbox 1374 5576 1558 5632; x_wconf 86' lang='lat' dir='ltr'><strong>imbecillitate.</strong></span> <span class='ocrx_word' id='word_1_858' title='bbox 1578 5577 1632 5634; x_wconf 84' lang='lat' dir='ltr'><strong>llos</strong></span> <span class='ocrx_word' id='word_1_859' title='bbox 1655 5593 1719 5634; x_wconf 82' lang='lat' dir='ltr'><strong>aero</strong></span> <span class='ocrx_word' id='word_1_860' title='bbox 1732 5595 1770 5633; x_wconf 83' lang='lat' dir='ltr'><strong>re</strong></span> 
     </span>
     <span class='ocr_line' id='line_1_107' title="bbox 978 5647 1717 5721; baseline 0.001 -18"><span class='ocrx_word' id='word_1_861' title='bbox 978 5651 1117 5721; x_wconf 89' lang='lat' dir='ltr'><strong>posuimus</strong></span> <span class='ocrx_word' id='word_1_862' title='bbox 1129 5649 1304 5719; x_wconf 82' lang='lat' dir='ltr'><strong>simplicitate,</strong></span> <span class='ocrx_word' id='word_1_863' title='bbox 1320 5655 1349 5702; x_wconf 92' lang='lat' dir='ltr'><strong>nt</strong></span> <span class='ocrx_word' id='word_1_864' title='bbox 1361 5662 1405 5702; x_wconf 89' lang='lat' dir='ltr'><strong>res</strong></span> <span class='ocrx_word' id='word_1_865' title='bbox 1419 5647 1554 5719; x_wconf 59' lang='lat' dir='ltr'><strong>[insterlaco</strong></span> <span class='ocrx_word' id='word_1_866' title='bbox 1567 5649 1717 5705; x_wconf 69' lang='lat' dir='ltr'><strong>sitiebatur.</strong></span> 
     </span>
    </p>
   </div>
   <div class='ocr_carea' id='block_1_23' title="bbox 0 0 1964 6116">
    <p class='ocr_par' dir='ltr' id='par_1_24' title="bbox 0 0 1964 6116">
     <span class='ocr_line' id='line_1_108' title="bbox 0 0 1964 6116; baseline 0 0"><span class='ocrx_word' id='word_1_867' title='bbox 0 0 1964 6116; x_wconf 95' lang='lat' dir='ltr'><strong> </strong></span> 
     </span>
    </p>
   </div>
  </div>
 </body>
</html>
