3832 6120
151 380 203 440 att
620 378 686 436 [ιιι.
708 380 752 437 DE
771 375 1046 438 eisetust'ltous
1064 378 1164 437 ECCL.
1185 378 1321 439 nauhu.
1737 384 1793 444 stt

150 499 180 557 la
193 497 383 555 sustentandis
406 496 530 563 clericis,
555 495 583 552 in
603 497 763 567 reparandis
776 495 897 561 fabricis,
911 502 950 550 at·
962 498 988 558 Α
999 503 1145 566 ροιιειειιι,
1170 495 1252 569 legati
1270 495 1388 552 Romani
1406 495 1465 553 sire
1487 494 1659 569 imperatoris
1673 515 1729 557 noa
1744 505 1793 563 ad-

150 601 202 660 que
220 589 248 643 ln
264 596 403 643 rectorum
416 585 573 656 supplendis
590 586 801 642 necessitatibus
811 585 948 656 expende·
996 596 1084 644 erant.
1105 587 1201 644 llclius
1213 588 1281 643 inihi
1296 588 1398 643 sentire
1414 587 1551 658 uidentur,
1571 590 1617 660 qui
1640 592 1792 651 meandum

150 687 268 738 rentur:
287 688 369 752 prout
381 689 537 736 sanctorum
552 681 674 750 exempla
689 683 896 746 commendant,
919 688 948 735 et
996 680 1103 734 Domini
1117 681 1231 746 dictum,
1252 680 1297 735 ubi
1312 680 1365 735 duo
1378 679 1419 735 sel
1433 688 1489 735 tres
1509 680 1537 739 in
1557 684 1668 738 nomine
1683 684 1790 742 bomini

150 791 236 847 usque
248 776 283 830 ad
295 774 420 845 pmaima
434 783 556 843 ternpora
575 774 739 829 custoditum
755 789 881 829 essenon
896 773 946 827 du·
995 782 1174 845 congregatos
1189 780 1351 844 agnoscunt,
1372 772 1517 827 Dorrnrurm
1531 789 1639 845 qnoque
1654 777 1725 833 inter
1743 792 1791 834 eos

149 866 224 921 bium
240 871 293 919 est.
313 863 353 917 Ea
370 863 449 918 laicis
465 864 579 932 denique
599 878 652 917 non
672 862 758 918 solum
773 878 946 933 possessores
995 862 1105 918 affuisse
1128 878 1182 917 nou
1207 862 1352 924 dubitant,
1378 870 1406 917 et
1426 877 1489 918 eum
1504 865 1552 933 qui
1571 865 1722 922 Ecclesiam
1735 883 1790 924 non

149 970 291 1012 sacramm
304 969 413 1017 rerum,
434 967 446 993 ι
462 954 508 1009 seul
526 969 576 1008 nec
593 954 794 1025 dispensatores
809 956 867 1010 fleri
880 971 944 1027 per·
994 954 1133 1019 audierit,
1158 955 1231 1009 sieut
1244 954 1382 1008 ethnicum
1402 960 1431 1008 et
1445 953 1619 1024 publicanum
1634 956 1789 1015 habendum

149 1048 281 1104 mittunt:
304 1047 370 1117 quin
391 1046 481 1115 potius
496 1047 510 1085 b
525 1060 681 1103 oecouomos
703 1047 736 1102 de
749 1047 944 1117 proprioclero
994 1042 1118 1097 eredunt.
1161 1041 1321 1112 Ubicunque
1348 1042 1421 1096 enim
1449 1043 1575 1099 catholici
1602 1045 1789 1104 Ecclesiamm

149 1138 210 1211 eligi
226 1137 430 1207 praecipiuntur,
446 1144 474 1191 et
488 1152 578 1207 agros,
592 1138 697 1204 uineas,
713 1148 795 1209 atque
809 1139 943 1210 mancipia
993 1142 1116 1189 tectores
1130 1148 1181 1203 pto
1196 1132 1380 1188 Ecclesiamm
1396 1132 1559 1189 ulililsliltus
1573 1152 1637 1191 cum
1650 1136 1698 1193 Dei
1709 1139 1789 1194 timo-

149 1229 181 1283 ad
193 1243 273 1283 usum
289 1227 382 1293 tribui,
397 1242 450 1282 non
463 1228 516 1282 nisi
530 1228 648 1295 clericis,
661 1229 811 1295 monachis,
824 1231 945 1301 peregrl-
993 1240 1025 1279 re
1036 1224 1063 1278 iu
1076 1225 1135 1295 ejus
1159 1224 1269 1279 rrnrninc
1283 1233 1312 1279 et
1332 1224 1434 1280 bonore
1455 1225 1638 1294 conueniunt,
1656 1229 1787 1300 quidquid

149 1320 248 1388 nisque
265 1317 428 1373 concedunt.
448 1316 487 1372 De
500 1333 552 1388 qua
567 1333 597 1373 re
610 1318 633 1374 si
645 1319 706 1390 quis
718 1319 875 1390 diligentius
886 1322 944 1377 uult
991 1314 1005 1354 ‘¹
1021 1322 1205 1369 consonanter
1218 1314 1321 1369 sanctis
1334 1312 1486 1384 Scripturis
1501 1324 1633 1382 statuunt,
1645 1317 1712 1373 nulli
1723 1333 1784 1390 pro·

149 1423 298 1480 agnoscere
309 1408 424 1478 quidrel
437 1408 463 1463 in
476 1408 573 1476 quibus
585 1408 708 1464 conciliis
718 1409 834 1476 dicatur,
848 1409 941 1481 legen·
991 1407 1034 1463 eul
1048 1407 1129 1462 dubio
1142 1404 1294 1477 spernenda
1308 1446 1316 1473 ,
1339 1407 1394 1461 imo
1413 1409 1568 1463 ueneranda
1585 1410 1710 1466 omnibus
1723 1427 1786 1468 esse

149 1498 182 1554 do
196 1508 225 1554 et
240 1497 403 1554 revolvendo
416 1506 573 1570 cognoscat.
991 1499 1109 1554 debent:
1124 1498 1196 1567 quod
1207 1496 1252 1552 illa
1266 1512 1348 1567 quiam
1363 1499 1480 1553 maximo
1492 1500 1783 1570 auctoritatcfulcitur,

182 1588 243 1645 xx.
263 1588 363 1646 Verum
384 1591 448 1661 quia
470 1599 535 1646 surrt
556 1591 626 1661 quie
646 1589 799 1646 Gallicanus
821 1606 941 1647 canones
991 1589 1053 1658 quia
1069 1589 1131 1643 bina
1144 1603 1193 1658 per
1209 1603 1296 1643 annos
1309 1588 1429 1658 singulos
1442 1589 1556 1645 concilia
1571 1589 1630 1645 fieri
1645 1603 1674 1647 et
1687 1592 1783 1649 Roma·

148 1688 193 1734 aut
213 1680 329 1734 aliamm
351 1680 490 1750 regionum
512 1688 608 1750 putent
628 1696 681 1735 non
706 1682 893 1753 recipiendos,
908 1698 941 1739 eo
991 1680 1019 1734 ni
1031 1678 1174 1749 pontifices
1187 1679 1377 1745 decrevcnrnt,
1397 1687 1425 1734 et
1435 1694 1532 1751 magna
1542 1681 1656 1736 concilia
1669 1682 1784 1739 sollicite

149 1771 219 1840 qnod
232 1770 314 1842 legati
324 1770 450 1835 Romani,
464 1786 510 1826 seu
522 1771 712 1840 imperatoris,
728 1772 755 1826 in
768 1786 863 1827 eorum
875 1788 940 1828 con-
991 1770 1225 1825 commeudaruut.
1246 1769 1358 1825 llectius
1371 1767 1493 1839 pmfecto
1504 1769 1594 1827 facere
1607 1771 1722 1837 uidetur,
1736 1774 1783 1843 qui

149 1865 287 1919 stitutione
307 1878 361 1918 nou
384 1861 573 1929 interfuerint,
588 1872 674 1917 restat
688 1871 717 1918 ut
734 1864 816 1918 etiam
831 1873 938 1921 saneto
954 1847 1144 1933 Bubicnnque
1158 1877 1318 1933 magnarum
1339 1861 1502 1933 synodorum
1522 1870 1622 1918 statuta
1642 1863 1781 1931 deliciunt,

149 1971 205 2011 mm
220 1956 433 2012 clarissimomm
449 1957 560 2012 Pathum
574 1958 727 2022 doctrinas,
748 1966 775 2013 et
790 1960 939 2031 expositio-
989 1964 1101 2026 propter
1112 1957 1234 2011 insuetas
1246 1963 1418 2026 emergentes
1428 1970 1525 2012 causas
1543 1957 1713 2027 antiquorum
1727 1967 1782 2014 sta-

149 2062 205 2113 nes,
218 2048 396 2117 diversosque
410 2055 559 2112 tractatus,
575 2055 606 2102 ut
621 2056 684 2102 sunt
699 2048 839 2120 Cypriani,
854 2047 938 2104 Atha-
990 2058 1058 2116 tuta,
1080 2063 1140 2119 quac
1148 2047 1245 2103 merito
1254 2046 1475 2117 reprehendenda
1487 2060 1541 2101 non
1554 2055 1628 2114 suut,
1645 2050 1781 2115 sequenda

148 2138 236 2206 casii„
250 2137 358 2205 llilarii,
382 2138 549 2210 llieronymi,
572 2138 724 2211 Augustini,
750 2141 865 2196 doceant
881 2156 935 2196 non
989 2143 1137 2204 deliberat,
1152 2155 1236 2211 quam
1254 2140 1301 2210 qui
1320 2154 1353 2195 ea
1374 2154 1434 2208 quse
1457 2140 1515 2209 ipse
1532 2139 1631 2205 scutit,
1656 2151 1781 2196 teorum

147 2245 205 2287 esse
215 2232 386 2303 recipiendos
402 2249 409 2287 :
430 2233 492 2301 quia
510 2246 571 2286 cnm
587 2232 645 2288 hac
659 2241 818 2300 tractarent,
835 2236 876 2291 uel
889 2253 937 2293 ea·
989 2233 1114 2290 sensibus
1130 2233 1280 2304 anteponit.
1300 2231 1468 2288 firmissime
1483 2232 1595 2287 omnino
1611 2239 1690 2288 teneo
1703 2233 1781 2316 quod

820 2343 957 2402 BALUle
976 2342 1092 2401 helas.

144 2436 349 2516 expendebatur
367 2431 400 2488 ad
416 2435 613 2502 reparationem
627 2433 815 2490 ecclesiarum.
833 2436 867 2491 Et
879 2437 936 2493 hee
989 2436 1062 2490 tione
1085 2434 1191 2489 lucuttts
1211 2442 1253 2489 est
1274 2433 1307 2488 de
1328 2431 1460 2487 divisione
1480 2430 1652 2488 Collectiouis
1675 2445 1731 2486 suae
1751 2431 1780 2487 iu

143 2505 255 2574 quidem
270 2512 332 2558 suun
343 2503 492 2559 notissima.
506 2503 559 2559 Sed
574 2514 663 2558 tamen
675 2505 697 2559 si
710 2506 771 2575 quis
780 2520 812 2561 ea
826 2507 936 2577 probari
990 2516 1045 2563 tres
1060 2504 1152 2564 libros,
1170 2504 1278 2559 demum
1291 2503 1349 2558 baec
1362 2502 1455 2557 addit:
1473 2521 1483 2554 ι
1503 2503 1532 2558 lu
1549 2501 1647 2572 quibus
1666 2501 1688 2556 si
1703 2501 1777 2572 quis·

144 2574 217 2634 velit.
246 2575 328 2628 habet
351 2589 431 2643 quem
457 2572 580 2630 consulat
602 2573 701 2629 librum
723 2574 864 2632 clarissimi
885 2578 936 2634 tiri
988 2591 1070 2646 quam
1091 2574 1125 2628 ali
1147 2573 1193 2628 uid
1216 2573 1320 2628 inuenit
1340 2572 1374 2628 dc
1395 2572 1493 2627 talibus
1517 2572 1638 2628 conciliis
1658 2579 1779 2643 qriaaaut

143 2643 380 2700 loarmisLaunoii
398 2645 514 2716 theologi
529 2644 691 2701 Parisiensis
710 2646 744 2702 de
757 2646 829 2702 Cura
843 2647 935 2704 Eccle-
988 2591 1161 2718 despieicnaa
1186 2652 1233 2699 ant
1256 2660 1309 2699 non
1332 2642 1488 2723 recipienda
1509 2640 1631 2712 judicat,
1656 2641 1778 2712 ignoscat

143 2717 252 2783 stupro
265 2716 374 2771 miseris
384 2724 411 2770 et
423 2715 596 2785 pauperihus.
987 2715 1140 2789 paupertati
1155 2729 1250 2769 seusus
1265 2714 1360 2768 nostri.
1377 2714 1431 2769 ltos
1444 2720 1534 2769 tamen
1548 2714 1658 2784 dignum
1670 2713 1780 2783 deputa·

178 2798 191 2825 ³
208 2783 260 2840 Sed
274 2802 320 2838 nec
334 2786 534 2856 dispensatores.
560 2784 643 2839 Libro
657 2801 681 2838 rr
694 2784 855 2857 Capitulum,
870 2805 930 2860 cap.
985 2803 1054 2849 inus.
1068 2785 1244 2857 plurimorum
1262 2785 1434 2848 sententiam,
1454 2784 1622 2855 singulorum
1644 2783 1777 2853 suspicio·

141 2854 194 2910 29AE
209 2872 215 2907 :
231 2873 241 2907 ι
260 2854 348 2911 Laicis
364 2857 490 2925 quanuis
509 2855 642 2925 religiosis
663 2855 735 2910 nulla
756 2859 789 2911 de
809 2858 935 2914 eeclesia·
985 2858 1066 2913 nilum
1077 2854 1284 2928 praeferendam,
1302 2863 1329 2910 et
1342 2855 1369 2910 in
1383 2855 1589 2927 quibuscunque
1602 2854 1683 2909 rebus
1696 2869 1777 2927 gene-

141 2925 219 2981 sticis
231 2925 403 2982 facultatibus
414 2926 515 2997 aliquid
528 2926 687 2996 disponendi
701 2925 800 2998 legitur
813 2945 933 2999 unquam
984 2928 1081 2982 raliuur
1096 2925 1275 2982 correiliorum
1288 2931 1476 2980 auctoritatem
1490 2942 1543 2982 non
1559 2925 1701 2988 hahemus,
1714 2938 1775 2981 mtt-

141 2997 273 3051 attrilmta
286 2996 439 3052 facultas.»
664 3042 667 3047 ,
1002 2998 1024 3053 ιε
1047 3012 1139 3051 earum
1167 2997 1417 3067 synodorumque
1427 2994 1775 3067 persingulasprovinciat

176 3065 363 3121 bAEconornos
377 3068 409 3121 de
422 3066 527 3138 proprio
542 3065 621 3120 clero.
642 3062 783 3135 sumptum
806 3068 878 3124 istud
897 3084 932 3125 ex
983 3012 1062 3122 iactae
1086 3075 1160 3130 scint,
1188 3081 1270 3135 quam
1295 3066 1433 3136 pmprium
1457 3075 1580 3122 nostrum
1606 3080 1715 3120 sensnm
1733 3080 1775 3120 se-

139 3137 288 3192 canonebti
300 3138 406 3192 concilii
419 3135 646 3193 Chalcedonensis
658 3153 665 3192 :
677 3138 722 3206 qui
738 3153 823 3192 carrou
838 3149 967 3230 posteac
1004 3137 1130 3193 neudum.
1144 3136 1264 3206 lienique
1283 3135 1340 3205 ipsa
1355 3152 1432 3192 sacra
1449 3147 1476 3191 et
1493 3135 1626 3207 generalia
1641 3151 1773 3192 canonum

138 3206 317 3263 confirmatus
329 3217 371 3263 est
384 3208 419 3262 ab
429 3206 649 3277 imperatoribus,
662 3223 766 3276 usuque
779 3224 826 3277 per
836 3224 931 3265 omrres
983 3155 1091 3263 acereta
1105 3207 1273 3278 praecipiunt,
1288 3215 1318 3261 ut
1333 3207 1375 3263 bis
1390 3206 1415 3261 iu
1432 3223 1502 3262 atrito
1517 3222 1565 3278 per
1580 3206 1698 3276 singulas
1713 3220 1774 3276 pro·

139 3276 241 3348 ubique
256 3279 408 3346 provincias
423 3286 562 3359 receptus;
576 3284 606 3330 ut
620 3276 710 3332 llarea
722 3279 840 3334 ostendit
857 3281 885 3335 in
903 3281 932 3336 li·
981 3279 1085 3332 riucias
1099 3278 1287 3348 episcoporum
1305 3277 1457 3333 celebretur
1476 3278 1631 3342 concilium,
1645 3277 1775 3347 etpleua·

139 3345 190 3403 bro
208 3356 303 3404 octauo
315 3350 350 3404 dc
361 3348 521 3410 Concordia,
535 3347 623 3418 capite
637 3347 679 3401 ιιι.
982 3349 1050 3403 riam
1068 3349 1199 3421 synodum
1212 3348 1305 3403 dicunt
1316 3362 1376 3403 esse
1398 3349 1442 3403 ubi
1457 3365 1518 3404 cum
1535 3349 1591 3404 suis
1612 3348 1773 3403 ditecesauis

176 3415 354 3474 eGallicanos
370 3423 491 3473 emtores.
514 3415 574 3472 iam
592 3426 670 3472 antea
689 3417 878 3476 adnotavimus
897 3423 932 3479 ad
981 3419 1206 3490 metropolitanus
1225 3418 1306 3473 luserit
1324 3420 1474 3492 episcopus.
1495 3419 1564 3475 Cum
1582 3434 1647 3487 ergo
1664 3419 1702 3473 ita
1715 3433 1772 3489 spe

137 3485 238 3545 librum
257 3490 387 3545 adsersus
406 3489 503 3560 Legem
516 3487 692 3553 Gundebadi,
712 3505 755 3543 ma
776 3506 838 3546 narn
862 3494 932 3549 anti-
981 3490 1060 3546 cialia
1081 3490 1195 3547 concilia
1209 3504 1242 3543 ex
1255 3490 1421 3558 generalium
1440 3491 1602 3546 auctoritate
1617 3489 1696 3554 hiant,
1710 3504 1772 3544 con·

137 3558 230 3629 quitus
254 3559 339 3615 fuisse
358 3559 540 3615 reverentiam
566 3574 700 3614 canonum
714 3505 929 3630 Galilcanomm
981 3568 1035 3615 stat
1054 3561 1156 3615 nullum
1173 3575 1253 3630 posse
1265 3561 1298 3616 de
1312 3575 1407 3617 eorum
1425 3560 1527 3630 aliquid
1545 3560 1699 3630 improbare
1716 3568 1772 3614 sta·

137 3642 228 3700 neque
248 3646 320 3685 nnuc
338 3647 370 3686 ea
385 3630 473 3701 repeti
491 3636 534 3684 est
547 3643 623 3698 opus.
644 3628 710 3683 illud
732 3629 759 3685 in
772 3634 932 3714 presentia·
982 3632 1055 3696 tutis,
1070 3632 1122 3686 nisi
1137 3645 1200 3685 eum
1215 3631 1260 3701 qui
1282 3630 1384 3702 apertis
1401 3632 1507 3686 iudiciis
1525 3631 1644 3700 potuerit
1659 3631 1770 3683 conrin-

137 3712 199 3754 rum
210 3699 381 3756 admonuisse
396 3696 520 3764 ειιιιιειιι,
535 3714 569 3754 ex
581 3700 633 3754 hoe
644 3700 779 3770 hgobardr
795 3701 854 3757 loco
866 3716 930 3759 con·
980 3716 1044 3757 cere
1062 3716 1109 3757 eos
1128 3701 1163 3755 ali
1183 3716 1217 3755 ua
1235 3709 1328 3756 contra
1344 3700 1424 3756 fidem
1443 3709 1490 3757 ant
1504 3716 1594 3755 utores
1607 3700 1693 3754 honos
1706 3714 1771 3754 con-

136 3776 212 3824 stare
233 3786 287 3825 ιιοιι
308 3771 456 3826 credidisse
475 3770 592 3840 majores
616 3778 724 3825 nostros
745 3773 929 3828 neeessariam
980 3772 1139 3827 nituisse.»
1162 3716 1299 3826 flectenus
1319 3779 1397 3826 retus
1418 3771 1464 3827 ille
1480 3770 1608 3826 collector
1626 3787 1632 3825 :
1647 3783 1728 3837 quem
1745 3770 1769 3824 si

135 3838 223 3895 fuisse
240 3842 413 3909 praesentiam
436 3839 586 3913 legatorum
608 3839 744 3909 pontilicis
764 3841 879 3896 Romani
903 3844 929 3898 in
979 3840 1115 3910 Agoliardi
1137 3850 1304 3896 coaetaneum
1328 3839 1411 3895 fuisse
1432 3841 1544 3904 dixero,
1568 3838 1692 3894 fortassis
1715 3854 1768 3894 uon

136 3910 260 3966 conciliis
284 3910 464 3981 regionalibus
483 3919 530 3965 aut
551 3909 776 3980 provincialibus,
798 3926 930 3969 cationes·
980 3910 1122 3965 aberrabo.
1136 3908 1205 3963 Nam
1217 3909 1305 3964 nullos
1318 3925 1436 3965 canories
1448 3911 1524 3975 citat,
1539 3925 1621 3980 quarn
1634 3924 1682 3965 eos
1696 3910 1769 3980 ipsos

134 3994 190 4105 aad}
208 3981 235 4036 in
250 3982 290 4037 eis
305 3984 429 4037 decretos
441 3981 554 4051 perinde
568 3978 695 4042 valuisse,
711 3994 742 4033 ac
756 3981 778 4034 si
793 3980 829 4034 illi
844 3982 929 4037 inter-
979 3995 1048 4051 quies
1065 3979 1176 4034 laudare
1230 3978 1282 4034 tuit
1292 3977 1464 4050 Agebardus,
1485 3980 1512 4035 id
1531 3989 1583 4048 est,
1602 3994 1720 4036 canones
1741 3990 1769 4037 et

167 4050 260 4106 'sent
281 4051 358 4108 Unde
370 4051 547 4107 confirmatur
562 4049 750 4118 interpretatio
766 4066 848 4120 quarn
866 4067 928 4109 ror-
979 4054 1087 4105 decreta
1109 4049 1184 4120 pouti
1204 4064 1265 4105 cum
1287 4065 1346 4120 quae
1369 4058 1427 4106 tum
1452 4052 1596 4109 exstabant
1620 4052 1648 4107 in
1667 4051 1766 4108 Codice

134 4118 180 4175 llis
190 4121 330 4178 Βειιειιιειι
343 4122 444 4179 hevae
460 4121 570 4177 adhibet
582 4119 673 4175 llarca
694 4121 721 4179 iu
743 4120 790 4175 lib.
805 4130 882 4177 serto
895 4124 928 4179 de
979 4118 1118 4176 Canonum
1136 4119 1262 4176 Ecclesiae
1277 4120 1431 4177 Gallicanae.
1444 4123 1520 4191 Quod
1540 4131 1630 4179 autem
1643 4122 1764 4193 hgohar·

134 4188 298 4257 Concordia,
319 4207 349 4247 ca
372 4191 438 4248 ,ιλ
460 4192 621 4248 Benedictus
633 4190 705 4245 enim
730 4192 757 4245 iu
770 4191 928 4261 praelatione
978 4191 1028 4246 dus
1042 4199 1070 4246 ct
1088 4189 1217 4247 collector
1233 4191 1285 4246 iste
1302 4200 1389 4255 setus,
1410 4201 1442 4248 ut
1459 4193 1641 4266 regionalibus
1655 4203 1683 4248 et
1703 4209 1765 4264 pro·

134 4258 198 4315 hbrt
224 4262 312 4331 quinti
356 4262 529 4333 apitularium
551 4276 584 4315 er
606 4274 639 4316 eo
665 4276 771 4331 quoque
795 4262 874 4318 ualde
897 4279 927 4320 sc
978 4261 1137 4317 rincialibns
1155 4262 1277 4317 conciliis
1290 4262 1480 4320 auctoritatem
1500 4264 1610 4330 addant,
1623 4265 1699 4319 aiunt
1717 4281 1764 4319 co-

134 4332 327 4387 eornrnendare
377 4339 416 4387 tat
429 4333 486 4387 haec
498 4331 628 4401 capitula,
640 4331 712 4402 quod
729 4340 757 4388 et
776 4333 803 4387 in
816 4334 927 4405 synodis
978 4347 1037 4387 rum
1052 4331 1260 4388 celebrationem
1279 4348 1340 4389 esse
1355 4333 1513 4403 imperatam
1530 4335 1704 4406 amaguiset
1722 4351 1766 4406 ge-

134 4400 304 4458 abooifaeio
346 4403 475 4472 ogunhuo
491 4403 563 4457 sedis
580 4402 733 4472 apostolice
750 4403 839 4474 legato
852 4404 926 4460 cele-
977 4403 1115 4458 neralibus
1133 4401 1265 4469 conciliis,
1281 4402 1363 4458 uthis
1381 4404 1408 4458 in
1427 4420 1498 4460 anno
1510 4405 1671 4468 habeantur,
1691 4420 1764 4458 suun-

133 4470 222 4526 bratis
241 4473 350 4528 condita
367 4472 480 4538 luerint,
500 4474 620 4541 adeoque
639 4472 786 4543 apostoliea
806 4474 925 4531 aucturi-
997 4481 1053 4527 tum
1067 4482 1109 4528 est
1128 4487 1162 4527 ex
1176 4472 1437 4536 canonelillieseuo,
1453 4471 1674 4536 bhhntiocheno,
1688 4483 1716 4527 et
1731 4475 1764 4529 {9

134 4547 192 4596 tate
211 4541 333 4609 firmata,
352 4552 380 4598 et
401 4544 472 4613 quod
488 4543 628 4611 sequentia
643 4544 725 4598 etiam
739 4543 856 4614 capitula
871 4517 964 4600 sintD
975 4488 1198 4598 ghalcedonensi.
1225 4542 1306 4597 Addit
1327 4553 1405 4598 vetus
1427 4544 1555 4598 collector
1576 4543 1657 4597 aliam
1680 4544 1763 4599 ratio·

135 4613 253 4667 unanima
278 4629 312 4669 ex
335 4621 412 4684 parte
437 4613 563 4669 roborata
588 4612 683 4667 eadem
707 4615 879 4669 anctoritate.
895 4615 924 4670 ld
974 4628 1047 4675 nem,
1064 4627 1162 4682 nempe
1176 4612 1308 4682 synodum
1324 4613 1397 4667 illam
1413 4628 1472 4669 esse
1486 4613 1634 4682 plenariam
1649 4615 1692 4668 cui
1707 4630 1762 4669 nie-

133 4681 206 4737 enim
224 4683 426 4754 intelligendum
442 4692 483 4739 est
497 4684 531 4739 de
553 4682 638 4738 tribus
658 4685 802 4752 postremis
814 4684 851 4740 Ca
872 4685 925 4740 itu·
974 4683 1152 4754 tropolitauus
1166 4683 1308 4753 episeopus
1326 4682 1479 4738 interfuerit
1490 4699 1550 4738 eum
1564 4683 1621 4739 suis
1632 4683 1762 4739 ‹fioeeesa-

134 4750 233 4807 larium
252 4753 338 4818 libris,
358 4763 388 4810 ut
407 4755 522 4824 ipsemet
532 4753 694 4808 Benedictus
713 4753 792 4809 docet
814 4754 840 4809 in
853 4700 924 4810 fibro
973 4752 1026 4808 nis.
1051 4752 1124 4809 lstnd
1139 4768 1205 4809 vcro
1225 4759 1360 4823 sumptum
1381 4763 1423 4808 est
1441 4769 1474 4808 ex
1493 4768 1596 4808 canone
1618 4752 1650 4807 td
1671 4752 1761 4809 hirtio

134 4836 183 4886 ιιι,
202 4839 262 4893 cap.
276 4824 347 4879 sit:
367 4845 375 4875 ι
393 4825 509 4879 haume
529 4824 609 4878 trium
628 4823 785 4877 ultimorum
807 4825 923 4894 capitula
974 4824 1069 4887 cheno,
1092 4823 1119 4877 in
1134 4839 1187 4891 quo
1206 4823 1245 4878 sic
1264 4823 1478 4893 scriptumest:
1499 4842 1508 4874 ι
1530 4824 1681 4879 Perfectum
1696 4838 1761 4879 tero

133 4891 248 4947 istorum
266 4893 396 4950 libromm
413 4895 559 4965 apostoliea
577 4901 747 4948 suntcuncta
764 4896 924 4949 auctor-itate
973 4894 1117 4948 concilium
1137 4893 1201 4948 illud
1222 4902 1274 4957 cst,
1295 4895 1341 4948 ubi
1365 4894 1517 4950 interluerit
1539 4894 1761 4963 metropolitanus

134 4963 277 5028 rolmrata,
298 4966 361 5034 quia
383 4965 427 5020 bis
441 4964 570 5020 cudendis
586 4964 703 5018 maxime
724 4964 871 5033 apostolica
885 4966 924 5021 iu·
973 4964 1101 5019 antistes:
1113 4983 1122 5015 r
1133 4962 1209 5088 eugas
1220 4964 1303 5018 etiam
1314 4965 1477 5020 mentionem
1489 4966 1555 5021 farcit
1565 4965 1719 5021 Fcrrandus
1733 4965 1759 5021 iu

134 5031 231 5087 terfuit
242 5034 349 5105 legatio.
367 5055 376 5088 ι
972 5032 1142 5088 Breuiatioue
1178 5049 1307 5099 anonum,
1323 5034 1365 5088 tit.
1380 5035 1447 5098 ltl;
1474 5036 1590 5104 iteurque
1603 5034 1757 5103 Gratianus,

170 5100 381 5160 “Cuneonomer
394 5105 492 5158 sanctia
512 5101 664 5176 scripturis.
694 5104 786 5158 ltutue
809 5105 848 5159 sic
864 5120 923 5175 per·
971 5102 1158 5167 Burchardns,
1180 5103 1236 5169 luo,
1255 5102 1309 5157 alii.
1332 5104 1369 5159 Ut
1390 5107 1468 5160 valde
1486 5106 1585 5160 ririnrm
1603 5105 1637 5159 sit
1654 5105 1680 5159 id
1701 5121 1757 5161 non

133 5186 246 5227 suasum
260 5184 329 5241 erat,
344 5175 444 5230 nullius
458 5176 585 5228 momenti
603 5190 662 5229 esse
675 5190 738 5244 lagu
750 5190 780 5228 as
794 5175 923 5231 ecclesia·
971 5175 1189 5228 animaduersum
1215 5191 1230 5228 a
1255 5174 1287 5228 u.
1301 5175 1331 5229 P.
1345 5174 1481 5231 Ludos-ico
1503 5174 1633 5240 Cellotio,
1680 5175 1707 5230 ιιι
1732 5177 1759 5230 in

133 5242 228 5307 stieas,
253 5245 335 5299 etiam
362 5247 389 5299 in
413 5245 524 5315 synodis
548 5245 644 5308 editas,
672 5245 724 5299 nisi
741 5254 922 5302 consonarent
971 5245 1043 5301 uotis
1063 5245 1097 5299 ad
1116 5252 1197 5314 caput
1219 5244 1254 5299 ab
1274 5245 1381 5300 concilii
1396 5245 1571 5300 Duriaceusis
1589 5189 1759 5315 reprcicndit

134 5314 236 5369 sanetis
258 5312 317 5370 Scri
339 5316 416 5370 turis.
443 5314 501 5381 Quo
523 5313 613 5378 fiebat,
638 5324 667 5370 ut
690 5315 921 5384 quoticsllomaui
972 5312 1147 5370 llincmarum
1170 5328 1206 5369 sae
1226 5314 1342 5379 iuseule,
1365 5325 1394 5369 ut
1417 5316 1475 5385 ipse
1499 5314 1551 5378 ait,
1575 5316 1757 5386 proferentem

133 5383 277 5509 fiontibces
297 5333 337 5440 ati)
353 5385 469 5456 synodos
490 5384 626 5440 insisterent
643 5385 771 5455 epistolas
791 5385 818 5439 in
838 5400 921 5440 causa
971 5383 1042 5439 hunc
1058 5399 1190 5439 canonem
1202 5330 1410 5447 Xutioehenum,
1431 5401 1492 5439 cirin
1512 5393 1603 5440 tannen
1621 5388 1760 5456 conceptis

153 5453 208 5519 dei,
221 5455 341 5525 episcopi
363 5454 516 5525 congregati
537 5456 724 5510 examinarent
745 5471 779 5509 an
802 5456 921 5526 epistolae
970 5456 1061 5511 vertis
1075 5469 1128 5509 riou
1143 5463 1231 5509 castet
1248 5455 1274 5508 in
1289 5456 1392 5525 syuodo
1405 5455 1583 5511 Antiochena.
1604 5457 1686 5512 llulta
1699 5459 1759 5526 qui-

134 5522 186 5579 tila
198 5534 379 5596 congruerent
399 5523 556 5581 sacrisSeri
577 5526 706 5592 turis;ut
723 5523 781 5579 fuse
801 5526 921 5582 ostendit
970 5524 1032 5580 dem
1062 5526 1094 5578 dc
1116 5524 1383 5593 metropolitanorum
1417 5526 1562 5597 dignitate,
1587 5526 1757 5597 jurihnsque.

134 5590 224 5651 scca
240 5595 268 5652 in
281 5596 351 5652 libro
366 5597 429 5650 vde
442 5594 555 5650 Concor
565 5595 600 5649 ia.
970 5595 1167 5665 sapientissime
1184 5594 1266 5647 uariis
1284 5595 1432 5650 canonibus
1454 5597 1605 5653 decreuisse
1625 5600 1757 5671 synodum

169 5664 303 5721 ‘Earsos
319 5665 438 5721 aaudiat
456 5666 598 5735 anteponit.
629 5665 921 5736 hgobardoconsentit
969 5664 1042 5719 illam
1056 5663 1262 5727 huuochenam,
1282 5663 1330 5717 sed
1350 5679 1484 5735 nusquam
1497 5669 1683 5738 pronuntiare,
1702 5683 1758 5739 pcr-

133 5742 211 5793 retus
228 5743 324 5794 amtor
336 5735 507 5794 (iodechonis
522 5749 672 5801 canonum,
686 5735 816 5791 melenus
834 5736 921 5790 inedi·
968 5732 1069 5791 lectum
1086 5732 1152 5787 illud
1172 5746 1232 5789 esse
1249 5733 1405 5801 concilium,
1420 5737 1462 5791 cui
1478 5738 1702 5809 metropolitauus
1718 5738 1758 5794 in·

132 5814 187 5874 tus,
198 5823 279 5876 quem
292 5808 363 5879 apud
374 5822 417 5863 rue
431 5804 517 5863 habeo
530 5823 537 5860 :
551 5804 763 5878 quamnquam
780 5804 808 5860 in
821 5802 918 5875 prafa-
968 5801 1101 5860 terlirerit.
1122 5800 1258 5859 liactenm
1269 5802 1408 5863 Cellotius.
1425 5804 1502 5864 liude
1515 5816 1623 5865 constat
1636 5822 1680 5864 res
1693 5822 1757 5879 qan-
