3832 6120
152 253 207 315 tit
619 256 773 316 stanteis
790 209 956 314 natsv'otn
977 257 1020 312 DE
1039 256 1219 326 ntt'tston'u,
1239 255 1315 315 stc.
1724 265 1776 321 290

153 379 196 426 tes
220 385 227 422 ι
249 367 327 435 Quod
342 368 376 424 ad
389 367 600 424 stabilimentum
626 370 701 439 regni
713 371 840 440 pertinet,
864 367 939 423 etad
953 375 1018 434 Aet
1037 368 1181 436 firmanda;
1196 368 1361 426 acdeinded
1384 366 1478 438 jurare
1500 384 1595 426 omnes
1615 370 1736 443 jussistis
1746 382 1777 432 ut

152 462 237 518 robur
268 460 417 531 regiminis,
443 459 523 515 debet
549 461 629 516 bomo
654 461 772 527 differre,
805 478 839 516 an
867 461 942 515 noni
991 457 1072 513 talem
1095 459 1253 515 electionem
1272 468 1300 515 et
1312 460 1470 517 divisionem
1492 463 1581 517 cuncti
1598 475 1777 534 sequeremur

151 552 272 621 Cumque
287 566 383 605 omnes
396 552 599 620 respondissent
609 551 681 622 quod
696 551 762 607 utile
775 559 803 606 et
816 566 940 606 necessa·
990 562 1022 601 ae
1035 557 1184 602 servarent.
1204 548 1281 616 Quod
1301 549 1485 619 juramentum
1503 551 1603 605 nemini
1625 552 1713 608 visum
1733 561 1777 610 est

151 643 223 700 tium
238 647 291 705 est,
313 655 368 695 non
382 654 442 695 esse
462 639 649 705 differendum,
671 639 718 695 sed
735 641 825 710 potius
838 638 940 696 accele-
989 637 1179 707 spemendum
1192 644 1240 690 aut
1249 635 1423 707 superfluum,
1435 637 1482 692 sed
1495 637 1585 708 potins
1595 649 1775 709 opportunum

150 729 281 797 randum
300 731 394 785 statim
408 745 467 794 vos,
481 731 553 800 quod
575 746 635 786 cnm
648 731 818 801 paucissimis
840 738 940 785 tracta·
989 733 1070 796 alque
1093 725 1250 795 legitimum,
1270 740 1303 780 eo
1317 726 1388 795 qnod
1401 726 1434 779 ad
1449 740 1544 794 pacem
1559 735 1586 780 et
1602 730 1775 784 concordiam

150 824 262 889 veratis,
285 821 413 877 omnibus
441 821 601 892 apemistis;
618 829 646 874 et
670 819 776 875 dixistis
793 835 842 875 vos
870 819 940 876 velle
988 817 1125 886 pertinere
1149 814 1294 871 videretur.
1317 810 1347 870 lo
1361 829 1488 886 pmcessn
1504 832 1610 887 quoqne
1634 820 1774 889 temporis,

149 920 261 985 propter
281 909 456 981 fragilitatem
478 910 550 976 vite,
575 911 618 965 cui
632 909 735 964 incerta
748 917 792 964 est
811 924 894 972 mors,
910 914 941 964 ut
988 908 1200 978 quotiescunque
1232 914 1279 960 ant
1303 920 1462 976 quocunqne
1494 907 1645 976 imperiales
1678 909 1775 964 litterae

149 1002 214 1059 tium
235 999 371 1064 valeretis,
394 1012 493 1053 nomeu
516 998 688 1068 imperatoris
704 998 749 1054 uni
765 1013 799 1053 ex
811 997 899 1053 tribus
908 995 941 1050 tt-
988 996 1172 1062 mitterentur,
1187 1007 1199 1035 ⁰
1213 995 1355 1049 amborum
1369 995 1564 1064 imperatorum
1586 996 1696 1050 nomina
1709 1013 1775 1052 eon·

149 1089 195 1146 liis
227 1089 326 1145 vestris
348 1087 533 1158 imponeretis,
556 1087 585 1141 in
617 1103 672 1158 quo
704 1086 869 1143 voluntatem
891 1085 939 1140 Dei
988 1086 1119 1142 tinebant.
1135 1083 1232 1141 Postea
1254 1099 1320 1140 vero
1334 1094 1437 1139 mnata
1464 1086 1619 1152 voluntate,
1643 1088 1781 1143 convulsa

148 1180 338 1252 quoquomodo
356 1192 520 1249 cognoscere
543 1177 708 1247 potuissetis.
729 1177 841 1246 Propter
857 1190 939 1244 quam
988 1187 1052 1233 sunt
1065 1185 1176 1241 statuta,
1190 1175 1262 1230 etde
1275 1175 1372 1230 litteris
1390 1174 1510 1229 ‘nomen
1530 1177 1659 1231 omissum
1679 1184 1733 1243 cst,
1746 1186 1775 1233 et

149 1269 365 1342 cognoscendam
373 1266 527 1336 injunxistis
536 1276 566 1324 ut
574 1266 696 1322 lacerent
705 1281 800 1322 omnes
806 1266 939 1336 jejunium
987 1268 1016 1323 in
1034 1267 1159 1321 omnibns
1171 1260 1306 1319 contraria
1317 1271 1449 1319 attentata
1462 1273 1540 1330 snnt;
1552 1280 1613 1320 cnm
1628 1279 1714 1335 neque
1724 1281 1775 1336 per

149 1357 314 1423 triduanum,
327 1355 456 1411 otierrent
465 1356 621 1412 sacerdotes
631 1353 765 1410 sacrificia
772 1354 938 1422 omnipoten-
988 1357 1106 1426 scipsum
1125 1355 1206 1421 Dens,
1222 1370 1308 1425 neque
1320 1370 1370 1425 por
1387 1355 1523 1425 angelum,
1544 1370 1631 1425 neque
1643 1371 1692 1427 per
1711 1371 1775 1426 prn-

149 1453 170 1508 ti
184 1452 249 1516 beo,
275 1451 321 1522 qui
343 1449 434 1504 suavis
455 1457 483 1504 et
501 1448 575 1504 mitis
597 1456 626 1504 et
640 1447 732 1503 multae
748 1446 940 1502 misericordie
987 1452 1095 1523 pbetam
1120 1449 1197 1505 vobis
1221 1450 1328 1514 dixerit,
1352 1450 1463 1503 Paenitet
1487 1465 1527 1502 me
1544 1451 1581 1504 ito
1598 1451 1773 1517 constituisse,

148 1542 326 1601 estomnibns
339 1541 527 1596 invocantibus
536 1553 580 1606 se;
595 1539 672 1595 tieret
685 1554 791 1608 quoquc
804 1538 837 1593 ab
851 1539 939 1593 omni·
987 1542 1059 1598 sicut
1072 1543 1105 1596 de
1125 1540 1206 1595 Saule
1217 1541 1287 1595 dixit
1301 1539 1419 1595 Samncli
1436 1556 1442 1592 :
1464 1540 1553 1595 adbuc
1565 1555 1671 1609 qnoque
1685 1543 1775 1599 nesci·

149 1635 200 1690 bus
216 1633 385 1703 eleemosyna
398 1646 447 1703 per
466 1631 532 1687 illud
551 1631 669 1686 triduum
681 1629 762 1685 solito
781 1628 890 1699 largior,
907 1635 938 1683 ut
988 1633 1023 1687 tis
1043 1631 1159 1701 qualiter
1174 1631 1200 1684 in
1225 1630 1337 1685 seeretis
1361 1630 1408 1684 Dei
1432 1630 1552 1685 consiliis
1567 1631 1707 1685 dettnttom
1725 1632 1771 1686 sit.

149 1725 317 1795 omnipotens
332 1723 415 1788 licus,
427 1722 473 1792 qni
490 1736 595 1778 summa
616 1721 784 1790 benignitate
795 1721 864 1788 regit
877 1733 937 1773 eor·
951 1719 973 1778 B
987 1723 1021 1778 Et
1034 1736 1107 1788 ecce,
1133 1721 1191 1776 sine
1213 1719 1267 1774 ulla
1294 1720 1397 1775 ratione
1420 1728 1447 1774 et
1473 1719 1595 1786 consilio,
1620 1736 1700 1790 quem
1712 1737 1772 1777 cum

148 1815 182 1871 da
198 1817 224 1870 in
237 1831 267 1871 se
278 1814 455 1884 sperantium,
476 1813 629 1869 inlunderet
642 1813 670 1867 io
685 1812 767 1867 corde
785 1819 876 1865 vestro
889 1825 935 1864 vo-
988 1813 1042 1867 neo
1056 1811 1185 1882 elegistis,
1204 1811 1263 1866 sine
1284 1809 1339 1865 lieo
1364 1811 1520 1881 repudiatis,
1541 1819 1569 1867 et
1591 1809 1666 1881 cnjus
1680 1813 1774 1868 volun·

149 1909 379 1972 luntatemsuam,
391 1913 419 1961 et
432 1920 486 1960 non
503 1905 605 1960 sineret
618 1918 700 1974 super
712 1902 796 1957 alium
810 1900 935 1957 inclinari
988 1913 1069 1959 mtern
1091 1903 1117 1957 iu
1140 1902 1264 1973 eligendo
1287 1901 1418 1971 quaesitis,
1438 1915 1492 1954 non
1518 1910 1673 1972 exspectato
1699 1905 1773 1958 exitu

147 1999 313 2055 voluntatem
332 2006 463 2063 vestram,
490 1995 542 2050 nisi
569 2010 649 2066 super
673 2010 734 2049 eum
750 1992 796 2062 qui
813 1993 864 2046 sibi
878 1990 936 2061 pla·
988 1994 1133 2049 voluntatis
1144 1993 1212 2063 ejus,
1226 2006 1284 2047 rem
1298 1991 1440 2060 probatam
1454 1992 1614 2060 repmbatis.
1627 1990 1686 2048 Non
1698 1993 1774 2064 iguo-

148 2091 258 2146 euisset.
281 2089 375 2159 ltaque
388 2087 540 2157 perfecistis
553 2087 714 2156 omniaque
735 2085 762 2141 io
778 2083 824 2139 tali
847 2099 878 2139 re
894 2083 935 2138 la-
988 2096 1030 2142 rat
1041 2086 1183 2155 prudentia
1199 2093 1299 2151 vestra,
1313 2084 1385 2154 quod
1403 2084 1554 2154 sequendus
1568 2093 1611 2141 est
1625 2085 1705 2151 Deus,
1719 2102 1773 2142 non

148 2181 243 2236 cienda
266 2189 354 2245 erant,
371 2179 417 2233 tali
436 2177 489 2233 tide
511 2184 538 2232 et
555 2191 612 2246 spe,
635 2185 665 2231 ut
685 2177 737 2230 boe
749 2190 767 2229 a
780 2172 836 2230 Deo
858 2173 935 2229 vobis
986 2173 1187 2248 praecedendus.
1212 2173 1278 2229 llam
1293 2175 1339 2244 qni
1353 2175 1506 2245 precedere
1519 2174 1587 2245 vult,
1604 2177 1774 2247 tentatquod

148 2270 266 2327 inlusum
284 2278 313 2326 et
325 2271 484 2340 inspiratum
494 2283 574 2323 nemo
589 2267 732 2321 dubitaret.
748 2264 861 2322 casaris
874 2263 935 2321 liliis
987 2284 1040 2323 non
1054 2276 1142 2323 estex
1158 2266 1220 2333 lide,
1240 2267 1349 2346 dicente
1362 2268 1420 2337 ipso
1444 2266 1559 2323 Domino
1576 2286 1582 2322 :
1600 2267 1662 2325 Non
1688 2281 1774 2328 tenta·

84 2367 89 2374 ‘
148 2361 282 2415 vestris·
305 2357 466 2428 designastis
485 2365 577 2427 partes
600 2355 675 2426 regni
701 2353 806 2420 vestri;
833 2353 881 2411 sed
905 2361 936 2409 ul
987 2358 1025 2414 bis
1037 2358 1178 2413 Dominum
1195 2357 1374 2412 Deumtnam.

147 2450 259 2506 bunum
277 2464 391 2520 regnum
399 2456 482 2514 esset,
498 2461 550 2502 oon
568 2447 630 2511 tria,
642 2445 870 2516 praetulistiseum
883 2445 937 2502 illis
1023 2451 1055 2507 V.
1073 2449 1138 2514 Oro,
1163 2450 1271 2506 domine
1291 2450 1340 2515 mi,
1371 2451 1443 2505 adsit
1466 2451 1659 2522 benignissima
1687 2453 1774 2524 pietas

146 2557 230 2616 mem
243 2541 403 2612 participem
419 2540 535 2595 nominis
555 2539 639 2594 vestri
662 2537 780 2604 lecistis;
794 2554 827 2594 ac
839 2538 936 2595 deinde
987 2549 1087 2607 vestra,
1108 2557 1143 2596 ne
1164 2549 1340 2610 aspernanter
1360 2541 1412 2595 ista
1437 2542 1590 2612 accipiatis;
1616 2545 1663 2599 sed
1684 2544 1774 2616 potius

147 2643 225 2710 gata
237 2635 358 2690 scribere
371 2633 531 2697 mandastis,
545 2632 645 2700 scripta
658 2632 776 2700 signare,
788 2638 819 2687 el
829 2632 938 2687 mbora·
988 2631 1157 2702 ingredimini
1182 2630 1332 2686 sacrarium
1351 2631 1450 2686 nientis
1469 2640 1639 2689 vestraecum
1665 2634 1774 2703 bonet

149 2744 190 2796 re,
204 2735 233 2783 et
248 2737 402 2784 consortem
430 2725 548 2780 nominis
570 2725 653 2780 vestri
669 2724 804 2790 ῐιοιιιιιι,ο
822 2724 937 2782 Romam
986 2722 1127 2793 loquimini
1149 2736 1211 2777 cum
1229 2720 1276 2776 illo
1298 2721 1435 2776 mediante
1453 2720 1514 2778 lidei
1540 2724 1661 2793 pietate,
1685 2736 1713 2782 et
1732 2727 1774 2784 io·

149 2817 262 2874 misistis
287 2828 304 2871 a
325 2830 432 2871 summo
451 2813 580 2885 pontitlce
599 2822 675 2886 gesta
692 2824 782 2871 vestra
796 2817 935 2887 probanda
985 2816 1101 2871 venietis
1122 2830 1171 2872 vos
1192 2815 1292 2871 dixisse
1318 2815 1383 2884 Deo,
1409 2831 1462 2872 noo
1482 2817 1581 2886 verbis,
1604 2820 1651 2876 sed
1669 2823 1771 2879 rebus:

829 2925 964 2983 ssatdztt
984 2925 1098 2982 NOTAE.

148 3036 181 3075 ac
205 3018 304 3074 litaniae
326 3016 413 3072 lactan.
435 3015 500 3071 Post
520 3015 573 3070 boe
592 3013 648 3083 iam
675 3013 764 3069 dictus
789 3014 971 3085 imperatore
987 3017 1070 3071 reoda
1085 3025 1137 3079 est,
1152 3017 1250 3085 inquit,
1266 3017 1417 3087 procacitas
1429 3026 1457 3074 et
1475 3019 1622 3089 petulantia
1639 3025 1771 3080 recentio-

148 3089 306 3153 Clotarinm,
318 3088 364 3157 qui
378 3095 437 3142 erat
449 3084 536 3153 major
550 3092 625 3149 natu,
638 3084 828 3153 imperatorem
843 3084 934 3155 elegit,
988 3101 1058 3150 rnm,
1074 3088 1120 3156 qui
1135 3090 1278 3142 metientes
1297 3088 1330 3141 de
1356 3103 1405 3142 suo
1427 3089 1533 3160 ingenio
1553 3102 1675 3158 caeteros,
1699 3095 1772 3166 Ago·

148 3175 181 3214 ac
193 3175 243 3230 per
254 3172 382 3214 coronam
397 3169 506 3211 auream
522 3154 632 3208 tradidit
645 3155 669 3207 ei
684 3154 837 3223 imperinm,
851 3168 937 3225 popu·
986 3156 1099 3211 bardum
1114 3164 1158 3210 tan
1179 3173 1240 3211 narn
1255 3156 1397 3214 tardosnm
1408 3169 1436 3215 et
1450 3161 1605 3216 seditiosum
1619 3166 1769 3233 tranlucent,

149 3230 181 3284 lis
204 3227 427 3291 acclamantibus,
450 3233 478 3280 et
500 3223 669 3305 dicentibus,
701 3222 773 3278 liunt
794 3225 936 3305 imperium
985 3225 1074 3298 iisque
1084 3241 1144 3283 euin
1158 3172 1269 3283 acribus
1279 3242 1470 3311 conspergunt,
1484 3241 1523 3297 nt,
1534 3234 1555 3287 si
1567 3234 1627 3290 illos
1637 3237 1771 3305 audimus,

148 3299 290 3355 Clutorius.
312 3297 395 3352 Facta
409 3302 450 3351 est
464 3302 553 3350 antem
568 3293 660 3350 latura
678 3309 721 3349 ma
759 3309 822 3350 arn
836 3295 936 3367 populo
985 3300 1103 3370 maligna
1116 3300 1226 3354 omnino
1239 3315 1271 3354 ac
1284 3313 1400 3370 pessima
1415 3301 1552 3357 volontate
1565 3315 1686 3360 versatus
1696 3309 1732 3363 sit
1745 3310 1771 3364 in

148 3369 192 3424 die
206 3362 262 3424 iilo.
283 3365 318 3423 Et
330 3367 387 3449 ipse
401 3365 548 3435 imperator
564 3365 702 3420 benedixit
743 3365 878 3431 ominum,
892 3366 935 3420 dl·
985 3370 1093 3439 negotio
1116 3370 1270 3441 proposito;
1293 3379 1387 3425 curura
1407 3386 1486 3440 qnam
1506 3382 1596 3443 aperte
1613 3376 1726 3432 babetur
1738 3394 1772 3434 cx

148 3454 232 3494 cens:
248 3437 409 3492 Benedictus
428 3451 458 3491 es
476 3435 606 3490 Dominus
620 3434 691 3489 Deus
711 3443 815 3499 noster,
829 3436 875 3505 qni
890 3436 936 3491 de·
985 3439 1127 3508 ipsiusmet
1139 3438 1273 3511 Agobardi
1287 3440 1401 3509 epistola
1422 3441 1456 3495 ad
1478 3442 1642 3498 Lndovieum
1658 3447 1773 3516 impera·

148 3509 210 3564 disti
221 3508 301 3564 bodie
310 3522 343 3561 ex
355 3507 458 3561 semine
469 3520 529 3560 meo
542 3505 730 3560 consedentem
742 3504 770 3558 io
783 3503 850 3559 solio
862 3520 935 3570 meo,
984 3518 1088 3572 tnrcm;
1113 3523 1147 3563 ex
1169 3525 1220 3578 qna
1241 3509 1384 3565 rnauileste
1397 3511 1482 3581 liquet
1504 3512 1684 3635 Agebarbum,
1698 3527 1773 3573 metu

147 3579 301 3635 videntibus
315 3577 400 3631 oculis
419 3576 497 3631 meis.
515 3595 524 3628 ι
542 3575 637 3629 Actum
653 3575 690 3629 id.
704 3591 735 3629 ιιι
748 3574 806 3628 Kal.
821 3575 935 3647 Augusti
984 3580 1074 3648 potins
1090 3578 1207 3633 violandi
1221 3579 1340 3634 ourvriuis
1354 3589 1382 3634 et
1396 3590 1515 3637 terneran
1535 3583 1544 3635 i
1562 3583 1707 3652 juramenti
1722 3602 1771 3641 au·

148 3648 242 3704 scribit
256 3654 350 3702 auctor
364 3646 480 3701 ineditus
492 3643 634 3699 Annalium
646 3644 848 3699 anianensium.
984 3657 1060 3704 ctorc
1080 3649 1138 3719 ipso
1159 3648 1297 3703 Ludnvico
1311 3651 1422 3718 prestiti
1438 3650 1502 3714 tilio,
1524 3667 1604 3720 quam
1620 3653 1690 3707 malo
1708 3670 1771 3728 erga

184 3716 277 3771 abest
296 3716 378 3771 nostis
391 3724 477 3787 partes
491 3716 572 3796 regni.
588 3712 701 3784 Pippino
713 3714 838 3769 videlicet
851 3713 936 3783 Aqui·
987 3717 1150 3772 Ludovieum
1170 3717 1278 3780 affectu,
1302 3718 1402 3788 aliquid
1424 3720 1556 3773 molitum.
1572 3740 1582 3772 ι
1605 3719 1687 3787 Quasi
1707 3739 1773 3780 vem

148 3788 262 3853 taniam,
275 3734 410 3841 {odorico
425 3783 585 3854 bajoariam.
713 3853 718 3865 ι
907 3852 913 3865 ι
984 3802 1039 3841 non
1054 3795 1160 3841 constet
1180 3787 1315 3842 neminem
1330 3803 1359 3842 se
1375 3803 1448 3841 reum
1464 3789 1559 3853 lateri,
1579 3792 1773 3862 etquicunque

184 3857 198 3896 ¹³
213 3856 247 3911 tlt
259 3871 456 3925 unamrcgnum
466 3853 763 3918 emt,nontrin.Alrtcr
773 3859 862 3907 tamen
873 3852 935 3907 dem
985 3856 1159 3911 rebellionem
1174 3871 1216 3911 ooe
1237 3866 1294 3909 tant
1308 3866 1354 3910 aut
1367 3858 1472 3920 lovent,
1493 3856 1575 3924 justis
1596 3874 1625 3914 se
1638 3861 1670 3916 de
1683 3865 1773 3919 causis

147 3927 245 3983 evenit.
264 3925 332 3981 Nam
347 3925 443 4048 triplex
463 3940 497 3980 ex
517 3939 571 3978 uno
592 3922 756 3977 Francomm
772 3936 885 3991 regnum
899 3919 936 3975 l'a·
985 3925 1076 3980 lacere
1090 3939 1144 3978 non
1156 3870 1343 3993 profanantur.
1366 3925 1484 3994 beatique
1504 3927 1527 3981 si
1540 3927 1615 3983 deest
1627 3941 1772 4000 prouentus

146 4004 220 4077 etum
234 4005 290 4060 cst,
310 4005 371 4077 post
406 3994 512 4077 udovici
528 4000 656 4074 mortem,
679 3991 716 4045 uti
731 3991 885 4046 dictumest
900 3990 935 4045 ad
983 3992 1170 4078 bonipnblici,
1182 3993 1337 4076 obtenditur
1351 3993 1476 4077 intinctio
1486 3997 1772 4064 pactionumvinlntio

146 4064 609 4201 ariminiense.
787 4128 814 4184 r
833 4128 935 4185 r...
981 4063 1773 4206 tunattentarint,attentissimis

146 4202 231 4261 tntae
252 4205 343 4261 statim
360 4212 422 4275 post
434 4210 596 4284 conventum
611 4198 872 4281 Aquisgranensem.
887 4216 936 4283 330·
985 4221 1042 4262 rem
1054 4215 1130 4261 extra
1140 4205 1183 4261 cul
1203 4220 1244 4262 am
1258 4220 1318 4259 esse
1332 4205 1471 4276 episcopos
1482 4223 1576 4263 omnes
1588 4210 1634 4278 qni
1646 4221 1773 4268 exaucto·

146 4289 199 4344 qne
222 4274 283 4331 ideo
297 4274 408 4330 missum
429 4273 587 4328 Lotbarmm
600 4278 631 4325 ut
649 4285 776 4326 coronam
798 4281 934 4339 impervia
984 4276 1119 4331 rationem
1133 4273 1171 4332 Lu
1191 4274 1259 4330 ovici
1275 4289 1412 4347 peregere.
1434 4275 1503 4343 Quid
1522 4279 1594 4333 enim
1615 4280 1772 4352 inspeciem

146 4344 275 4416 miliae
295 4344 418 4399 Romano
437 4344 580 4412 acciperet,
604 4355 636 4395 ac
659 4342 682 4395 si
705 4349 761 4394 torn
782 4341 933 4397 neccssaria
985 4347 1119 4409 sanctius,
1135 4345 1200 4415 qnid
1214 4344 1379 4412 religiosius,
1400 4347 1464 4416 quid
1481 4349 1625 4419 episcopali
1641 4352 1774 4420 gravitate

146 4429 217 4468 novo
231 4415 386 4486 imperatori
399 4413 495 4468 luisset
508 4411 663 4482 approbatio
677 4411 775 4465 summi
787 4410 932 4479 pontilicis,
985 4415 1100 4485 dignius,
1114 4430 1194 4483 quam
1207 4413 1274 4469 Acta
1289 4416 1378 4485 impie
1392 4416 1461 4470 illins
1473 4433 1505 4471 ac
1516 4418 1638 4472 nefanda>
1648 4431 1773 4475 exaucto-

145 4482 259 4538 atteram
271 4486 352 4540 verba
367 4483 524 4554 liginbardi,
538 4481 587 4535 viri
601 4480 628 4534 in
641 4480 701 4534 aula
716 4480 872 4559 concutiet
885 4494 934 4534 ne·
985 4485 1115 4541 rationis?
1129 4483 1164 4538 Et
1177 4491 1267 4539 minen
1287 4486 1432 4564 posteritas
1453 4487 1520 4541 istos
1536 4487 1669 4555 culpavit,
1685 4505 1772 4559 neque

142 4553 279 4626 'gutiarum
301 4553 469 4625 publicorum
493 4551 587 4625 gnari,
612 4549 813 4621 majestatisque
832 4551 934 4615 turrium
1004 4556 1125 4625 nisqunm
1139 4555 1269 4608 hactenus
1290 4552 1415 4607 infamem
1436 4554 1509 4608 illam
1528 4555 1656 4626 principis
1677 4559 1772 4627 optimi

144 4622 332 4679 callentissimi
343 4640 375 4678 ac
386 4619 622 4692 temperantissimi
634 4621 685 4676 scri
707 4620 780 4675 toris.
789 4618 934 4689 Postquam
984 4570 1159 4692 dejectionem
1173 4637 1304 4677 excusare
1317 4633 1521 4693 aggressusest,
1537 4639 1630 4678 eornm
1645 4627 1772 4683 nimimm

144 4708 210 4776 ergo
233 4695 301 4749 dixit
323 4693 477 4749 Letharinm
502 4707 517 4745 a
542 4698 618 4762 patre
641 4692 667 4745 in
688 4637 797 4744 ¹italiam
822 4691 933 4745 missum
984 4697 1030 4764 qni
1058 4702 1118 4767 post
1142 4692 1202 4747 illos
1230 4692 1330 4746 virere.
1358 4690 1425 4748 Nam
1451 4693 1493 4748 vel
1520 4709 1589 4748 urvus
1615 4693 1773 4777 Agobardus

146 4762 229 4820 tuisse
242 4780 286 4818 nn.
300 4763 363 4829 822,
385 4773 415 4817 nt
427 4777 484 4816 rem
500 4761 635 4833 publicam
649 4760 702 4815 illic
721 4758 933 4826 administraret,
984 4765 1107 4834 exemplo
1125 4765 1187 4827 erit,
1202 4778 1254 4815 iton
1276 4761 1417 4817 destitutas
1442 4762 1523 4818 inisse
1543 4762 1663 4819 Lotbarri
1680 4775 1773 4834 partes

146 4832 204 4889 baec
218 4833 326 4889 demum
349 4834 387 4888 ait
404 4833 437 4886 ad
455 4846 555 4886 anuum
577 4830 629 4884 825
650 4849 656 4884 :
677 4848 686 4880 t
705 4828 849 4885 hetherius
871 4842 935 4883 vero
984 4835 1050 4889 viris
1064 4833 1187 4898 eruditis,
1202 4832 1247 4900 qui
1261 4846 1341 4886 manu
1355 4831 1498 4904 linguaque
1513 4833 1683 4889 rebellionem
1696 4834 1771 4890 sove-

147 4921 208 4957 enru
232 4904 380 4959 secundum
403 4902 486 4973 patris
504 4899 653 4969 jussionem
676 4901 703 4954 in
723 4897 798 4954 italia
815 4897 935 4967 justitias
985 4911 1054 4959 rent.
1075 4904 1130 4974 Ego
1144 4917 1259 4956 veneror
1271 4902 1441 4972 agobardum
1455 4920 1485 4958 cx
1500 4904 1606 4968 anim0;
1621 4906 1668 4960 sed
1683 4905 1772 4959 homa.

147 4970 261 5040 laceret,
277 4983 304 5028 et
313 4971 370 5040 jam
386 4988 415 5029 se
429 4971 463 5026 ad
476 4971 663 5026 revertendum
678 4969 710 5024 de
724 4969 799 5022 ltalia
810 4983 936 5039 propera·
984 4988 1047 5030 nem
1060 4972 1144 5029 tuisse
1156 4973 1238 5027 credo
1253 4989 1258 5025 :
1274 4981 1302 5025 et
1314 4987 1375 5041 quas
1387 4988 1529 5043 perperam
1541 4974 1612 5044 egit,
1633 4989 1665 5029 ca
1684 4989 1773 5044 nequa

146 5050 197 5106 ret,
211 5050 324 5113 rogante
336 5040 466 5098 Pascbalc
478 5055 545 5111 papa
558 5039 671 5095 llomam
684 5040 773 5103 venit;
786 5046 814 5093 ct
827 5038 936 5092 bonori-
984 5044 1078 5113 pmbo‚
1093 5056 1180 5110 neque
1190 5056 1322 5096 excusare
1333 5056 1426 5098 conor.

146 5110 197 5166 Ace
212 5114 247 5168 ab
269 5112 314 5167 illo
334 5120 487 5181 susceptos,
507 5112 534 5164 in
550 5117 644 5164 saneto
664 5107 785 5163 Poscbali
803 5106 847 5163 die
865 5108 936 5178 apud
1022 5125 1034 5153 ο
1053 5111 1195 5165 Ambacum
1211 5111 1396 5181 imperatorum
1413 5113 1529 5166 nomina.
1543 5110 1649 5166 Earum
1669 5111 1774 5167 littera·

145 5193 272 5238 sanctum
290 5182 399 5238 Petrum
421 5180 496 5250 regni
517 5193 643 5234 coronam
664 5187 692 5234 et
716 5177 886 5248 imperatoris
908 5184 936 5232 et
984 5197 1045 5239 rum
1062 5181 1115 5237 hoc
1132 5180 1238 5236 initium
1257 5187 1318 5235 erat
1338 5199 1344 5233 :
1367 5181 1546 5236 Hludounicns
1570 5190 1594 5235 et
1616 5180 1776 5238 lilotbnritt'a'

143 5250 259 5323 Augusti
285 5267 384 5308 nomen
410 5250 523 5320 aceepit.
550 5247 613 5303 inde
639 5246 748 5319 Papiam
777 5261 935 5319 regressus,
984 5253 1072 5308 divino
1086 5249 1223 5305 ordinante
1234 5249 1396 5320 procidentia
1411 5252 1577 5320 imperotores
1591 5250 1712 5320 Augusti.
1768 5306 1772 5317 ,

146 5335 238 5378 interme
251 5321 332 5377 lunio
346 5323 379 5377 ad
394 5322 583 5391 imperatorem
599 5317 681 5372 venit.
701 5337 711 5369 ι
733 5317 849 5387 idipsum
865 5316 934 5373 scri-
1022 5323 1032 5361 ί
1054 5320 1157 5375 Nomen
1174 5320 1299 5374 omissum
1314 5328 1362 5373 est.
1383 5318 1513 5375 Accendit
1532 5321 1602 5374 band
1618 5319 1698 5376 dubie
1711 5335 1775 5378 con-

143 5390 185 5446 nit
199 5394 283 5449 etium
298 5401 393 5448 atvctor
406 5391 473 5446 Vite
485 5387 614 5444 Lndovici
628 5387 680 5452 Pii,
695 5387 812 5457 itemque
824 5386 880 5439 alii.
986 5390 1096 5448 tnmclia
1111 5390 1154 5443 illa
1173 5388 1291 5444 animum
1309 5388 1441 5443 bonnarii.
1458 5386 1512 5441 Cur
1529 5391 1601 5445 enim
1619 5402 1648 5446 se
1665 5394 1777 5446 consor·

179 5459 193 5500 θ
211 5461 311 5518 iurare
333 5479 421 5517 omnes
436 5459 564 5531 jussistis.
586 5456 625 5510 Es
650 5457 703 5512 isto
723 5457 804 5526 praeci
826 5470 858 5510 nc
877 5455 935 5510 loco
986 5472 1041 5517 tem
1053 5459 1158 5530 imperii
1173 5458 1282 5513 lecisset
1293 5467 1379 5526 pater,
1394 5457 1417 5512 si
1429 5465 1522 5527 postca
1539 5474 1636 5515 nomen
1652 5474 1729 5516 snum
1745 5461 1773 5514 in

142 5531 271 5588 evincere
285 5541 399 5586 conatur
411 5531 445 5585 tt.
461 5527 491 5583 P.
509 5525 673 5597 Theophilus
687 5470 853 5611 asprandus
865 5526 936 5595 Ago·
985 5531 1122 5587 consortio
1136 5529 1251 5649 quaterni,
1264 5529 1334 5607 quod
1346 5542 1396 5596 per
1407 5526 1505 5591 nrrvltos
1517 5544 1602 5585 annos
1614 5541 1773 5602 inanimatum

90 5614 97 5621 ·
143 5599 258 5658 bardum
274 5602 372 5657 debere
387 5600 469 5657 eximi
486 5616 501 5654 a
523 5598 610 5668 culpo,
633 5605 739 5652 tametsi
762 5596 935 5651 rclvcllrouem
986 5600 1086 5662 luerat,
1103 5598 1186 5654 nolet
1200 5596 1314 5650 admtttt.

142 5668 266 5730 Lotbavii
286 5671 384 5729 foverit
403 5672 532 5726 adversus
546 5676 660 5738 patrem.
680 5686 689 5718 ι
707 5666 784 5722 Nullo
800 5665 879 5722 modo
894 5664 933 5719 sc·
