3832 6120
38 336 44 349 ἱ
132 265 167 326 Η
619 264 648 322 S.
669 261 846 322 deessset
865 261 1022 321 ttrtscort
1041 261 1286 337 treberensis
1741 272 1778 328 δι

134 377 313 435 stabilissime
340 389 474 446 sacroque
497 375 618 430 acumini
648 376 800 447 prudentia
830 385 928 432 restra
943 379 967 438 Α
980 383 1030 429 aut
1056 374 1235 444 improbetur.
1270 374 1340 442 Quia
1364 377 1387 430 si
1412 377 1553 445 probatur,
1587 380 1652 446 ibis,
1679 384 1779 455 quibus

134 466 338 537 dijudicandum
352 468 438 522 direxi
452 485 458 521 :
479 466 551 535 qued
565 467 637 522 edidi
651 466 693 524 rel
716 469 808 539 potius
830 467 926 538 collegi

134 560 381 624 adversusneram,
397 561 452 616 ime
461 575 495 614 er
504 560 587 615 reteri
600 573 612 601 t
626 561 777 617 redivivam
789 561 927 628 baeresim,

135 655 247 718 propter
264 649 406 718 quosdam,
422 649 522 720 quibus
535 650 601 705 illud
615 652 744 719 expedire
757 653 861 721 putari,
877 653 928 707 tic-

136 746 166 792 ut
181 739 218 794 ibi
233 738 313 793 latins
326 740 490 794 continetur.
511 741 559 796 Pie
573 741 655 810 igitur
672 751 760 797 rector
770 752 799 799 ct
809 744 927 809 demine,

136 838 220 898 caput
239 830 326 895 orbis,
344 831 427 886 decus
449 831 554 897 mundi,
582 832 777 889 catholicorum
807 837 929 890 onmium

137 920 251 990 insignis
278 921 413 992 gloriatio,
431 922 479 991 qui
494 921 635 978 illustratis
659 923 749 987 fideru,
776 926 931 996 propagatis

136 1021 166 1069 et
179 1014 321 1083 paccm;b
342 1013 457 1070 obsecro
481 1016 718 1070 mansuetudinem
744 1024 875 1080 vestram,
902 1026 932 1069 ut

980 466 1151 537 profuturum
1164 474 1214 532 cst,
1238 466 1271 520 ad
1295 466 1437 536 legendum
1450 472 1674 541 commendatur,
1690 475 1714 530 si
1729 493 1779 530 au-

982 563 1036 611 tem
1053 555 1233 626 improbatur,
1253 565 1349 611 auctor
1371 557 1430 627 ejrrs
1455 575 1506 631 per
1532 578 1579 619 res
1601 569 1774 623 emerrdatur.
1825 602 1832 621 .

980 644 1136 715 liposmlica
1156 660 1275 716 nauaque
1296 646 1420 703 doctrina
1442 665 1538 706 omnes
1564 654 1693 710 bortatur
1717 672 1777 712 cre-

982 751 1061 792 seere
1074 736 1101 790 in
1117 736 1271 807 cognitione
1283 736 1391 794 Domini
1407 742 1493 795 nostri
1512 741 1577 797 lesu
1590 743 1703 809 Christi,
1719 762 1778 801 em

981 842 1031 882 nes
1039 827 1118 896 iubet
1131 836 1242 897 paratos
1256 842 1316 883 esse
1330 830 1365 884 ad
1377 831 1599 888 satisfacientium
1613 836 1653 891 eis
1671 838 1717 907 qui
1736 853 1779 892 ra-

982 920 1083 974 tionem
1097 927 1213 987 poscunt
1227 921 1306 976 deca
1325 935 1386 991 qum
1401 923 1429 977 in
1450 926 1530 981 uobis
1548 935 1592 982 cst
1603 943 1661 998 spe.
1679 929 1778 984 Sacer·

983 1010 1073 1066 dotem
1093 1024 1201 1080 queque
1221 1025 1281 1066 csse
1299 1012 1358 1067 vult
1374 1014 1572 1084 arrrplettentent
1586 1036 1647 1074 eant
1667 1022 1713 1091 qai
1738 1038 1779 1075 te-

138 1103 165 1158 in
184 1105 438 1173 contemplationem
466 1104 486 1158 F
488 1104 526 1158 ilii
551 1105 610 1169 bet,
635 1105 682 1173 qui
704 1114 828 1159 restrum
853 1106 932 1176 jurat
982 1101 1099 1157 cardum
1113 1101 1262 1156 doctrinam
1282 1113 1331 1167 ert,
1349 1105 1453 1172 pideient
1467 1124 1625 1176 sermonem,
1644 1121 1673 1164 at
1687 1121 1778 1181 poton

138 1194 305 1266 imperium,
328 1195 471 1267 praefatum
497 1193 657 1265 opuseulum
682 1195 849 1265 perlustrare
877 1211 930 1251 non
980 1195 1206 1249 sitcaftortariin
1221 1193 1432 1261 doctrinarum,
1457 1208 1482 1253 et
1503 1217 1547 1254 eor
1570 1202 1615 1271 qai
1638 1203 1776 1255 contradi-

139 1285 333 1357 dcdignemini,
358 1295 387 1341 ut
400 1294 493 1341 restro
516 1286 651 1360 acerrimo
666 1286 776 1357 ingenio
802 1287 933 1356 probetur
985 1296 1178 1357 contorquere.
1192 1285 1270 1354 Quod
1282 1288 1305 1343 si
1315 1292 1588 1358 semperseetandum
1598 1291 1666 1359 fuit;
1678 1303 1780 1364 quanto

819 1395 956 1453 BALUle
974 1396 1091 1455 NOTAE.

138 1493 327 1562 episcoporum
339 1490 453 1560 synodo,
472 1510 482 1542 t
500 1505 559 1552 seu,
570 1498 600 1544 ut
614 1486 734 1558 apertius
745 1485 864 1555 loquitur
878 1485 932 1541 llu·
987 1495 1070 1556 tuque
1085 1487 1233 1555 imaginum
1252 1489 1376 1544 exercuit
1394 1489 1552 1546 industriam
1566 1492 1707 1548 bominum
1718 1509 1781 1550 eru-

157 1579 174 1618 o
187 1561 408 1624 flaviniacensis,
426 1578 435 1609 r
451 1560 638 1616 consentiente
650 1560 813 1627 imperatore
823 1566 850 1612 et
861 1557 934 1610 ontrti
986 1556 1104 1611 ditonum
1115 1573 1123 1621 ;
1134 1559 1256 1627 adunque
1267 1560 1350 1614 etiam
1360 1559 1519 1630 sigobardus
1529 1566 1690 1619 sententiam
1704 1581 1780 1621 suam

140 1579 342 1688 gallicanorum
368 1631 556 1700 epistmporum
578 1629 691 1700 synodo.
723 1647 733 1679 r
764 1627 798 1680 lit
825 1626 932 1681 animus
987 1625 1014 1680 in
1038 1628 1089 1681 boc
1103 1629 1244 1696 prompsit,
1269 1637 1299 1682 ut
1312 1644 1402 1683 acrem
1426 1632 1657 1688 actebementem
1682 1637 1779 1690 adrer-

139 1712 201 1758 erat
213 1716 273 1756 cam
299 1698 432 1770 synodum
454 1698 672 1824 interpretanda
695 1712 728 1751 ea
752 1712 813 1766 qum
837 1697 932 1751 eodem
950 1701 1032 1760 Bsus
1055 1696 1241 1751 adorationem
1261 1698 1419 1769 imaginum,
1435 1700 1472 1753 ita
1485 1702 1558 1782 piam
1571 1717 1604 1756 ac
1623 1704 1778 1774 religiosam

139 1784 213 1827 anno
225 1770 361 1826 celebrata
375 1778 416 1823 cst
436 1769 506 1838 apud
536 1769 687 1824 'antidonem
703 1769 737 1820 ab
752 1767 842 1836 episco
861 1767 885 1820 is
908 1775 935 1821 ct
985 1779 1049 1837 erga
1083 1776 1208 1831 sanctos,
1238 1769 1270 1821 ad
1301 1783 1417 1837 quorum
1446 1770 1623 1826 imitationem
1654 1774 1781 1827 hortatur

141 1840 286 1897 abbatibus
302 1840 385 1893 tutius
398 1838 492 1894 Galliae
502 1839 698 1909 Lugdunensis.
715 1835 816 1893 Verum
835 1780 893 1890 luo
907 1845 935 1891 et
983 1840 1082 1891 bmrres
1100 1836 1280 1891 Christianos.
1299 1839 1528 1907 superstitionum
1553 1843 1634 1912 igitur
1652 1843 1780 1898 inimicus

141 1910 219 1982 llugo
242 1909 453 1964 flaviniacensis
478 1910 544 1964 satis
559 1909 680 1964 indicant
704 1908 774 1962 lianc
796 1907 933 1977 Agebardi

141 1980 361 2041 substitutionem
387 1990 521 2047 prasente
547 1980 710 2060 imperatore
735 1979 835 2032 factam
851 1976 933 2032 fuisse

141 2050 171 2107 in
194 2050 320 2105 universa
343 2049 400 2103 sire
420 2050 492 2103 orttni
522 2048 723 2103 Gallicanorum
746 2047 934 2117 cpiscoporum

143 2120 255 2193 syuodo,
271 2119 298 2173 id
322 2128 373 2181 est,
391 2118 552 2190 ingenerati
574 2134 606 2174 ac
619 2118 740 2187 plenaria
756 2117 860 2188 synodo
879 2117 935 2186 cpi-

141 2205 285 2260 scaporum
307 2189 381 2259 regni
405 2188 552 2243 francici:
573 2189 646 2259 quud
666 2188 729 2243 huic
751 2187 934 2243 Cabillonensi

143 2267 297 2329 competere
311 2274 363 2312 non
378 2266 477 2327 potest,
490 2275 550 2328 (qum
560 2258 733 2328 provincialis
752 2265 857 2312 tautum
871 2255 932 2311 fuit.

142 2331 236 2399 ltaque
252 2344 306 2383 nan
325 2328 358 2383 de
374 2328 425 2382 alia
441 2330 543 2386 srnolo
568 2327 653 2382 intelli
675 2328 793 2399 ignotast,
807 2327 935 2395 quamde

141 2398 309 2470 lloguntina,
334 2411 395 2466 qum
414 2387 507 2453 eodem
536 2413 607 2453 anno
621 2345 713 2452 balim
732 2406 784 2462 cst,
800 2398 842 2451 cui
868 2410 933 2471 rere

142 2467 298 2527 interfuisse
311 2467 477 2522 badericum
502 2467 537 2522 im
576 2477 691 2522 ratonem
705 2469 785 2523 docet
809 2468 854 2522 lvo
867 2468 935 2521 ilar·

142 2540 265 2597 nutensis
291 2545 368 2608 parte
387 2553 423 2600 m,
441 2553 500 2609 cap.
522 2540 538 2594 8
559 2579 566 2592 .
586 2538 703 2593 Praebuit
725 2540 777 2594 ista
800 2536 934 2607 rigobardi

143 2609 302 2667 substitutio
329 2608 471 2662 materiam
495 2608 674 2673 sermonibus,
697 2608 732 2662 ob
758 2605 880 2670 riotmos,
907 2614 936 2660 ut

985 1906 1121 1976 capitalis,
1142 1908 1225 1961 etiam
1242 1922 1336 1963 eorum
1362 1909 1505 1964 stultitiam
1527 1912 1702 1967 veliementer
1716 1929 1780 1967 exa-

984 1977 1081 2047 gitarit
1096 1976 1142 2046 qui
1164 1977 1323 2045 grandinem
1342 1986 1368 2033 et
1394 1980 1512 2034 tonitrua
1528 1991 1696 2051 caeterasque
1717 1983 1779 2038 caeli

985 2053 1162 2116 tempestates
1184 2047 1298 2103 excitari
1318 2063 1398 2118 posse
1417 2051 1549 2120 putabant
1571 2067 1621 2122 ope
1639 2068 1779 2174 magorum

984 2125 1014 2170 ct
1035 2117 1248 2181 itreantaterum,
1275 2133 1343 2188 quos
1358 2120 1394 2174 eb
1411 2120 1464 2174 boe
1479 2121 1566 2189 ipsum
1583 2132 1649 2176 actas
1671 2123 1715 2176 ila
1735 2138 1781 2176 ιο-

985 2186 1066 2241 cabat
1088 2188 1278 2258 tempestarios.
1307 2188 1391 2243 Plane
1421 2205 1548 2261 magnum
1578 2193 1667 2245 tirum
1696 2192 1781 2246 fuisse

984 2270 1143 2326 persuasum
1169 2258 1265 2312 babeo.
1283 2257 1337 2313 Sed
1349 2275 1403 2313 uno
1416 2261 1533 2328 pessimo
1550 2259 1678 2326 cicinni-e,
1702 2263 1780 2332 quid-

985 2326 1050 2396 quid
1069 2326 1191 2381 nonnulli
1215 2336 1309 2381 contra
1335 2331 1464 2393 sentiant,
1480 2330 1592 2383 illustria
1606 2346 1653 2384 sna
1677 2331 1780 2385 factitio

986 2412 1017 2450 ra
1042 2397 1218 2467 ingentesque
1239 2397 1352 2452 virtutes
1363 2400 1580 2453 commacularit.
1596 2400 1662 2454 Nam
1690 2412 1779 2455 trans·

985 2481 1096 2537 gressus
1126 2466 1155 2520 in
1175 2475 1267 2535 partes
1278 2466 1399 2521 Letharii
1414 2469 1539 2538 Arrgusti,
1553 2471 1599 2538 qui
1614 2471 1781 2525 liudericum

985 2545 1091 2606 patrem
1111 2551 1182 2590 antro
1197 2537 1249 2591 853
1266 2552 1299 2591 eo
1313 2553 1398 2607 usquc
1419 2538 1570 2608 deprimere
1590 2555 1672 2593 ausus
1684 2550 1736 2605 cst,
1752 2550 1782 2594 ut

986 2607 1069 2660 etiam
1093 2607 1121 2660 in
1144 2621 1255 2660 earcere
1274 2608 1457 2672 concluderet,
1487 2609 1708 2678 poetria-ntiaeque
1733 2628 1781 2680 pu·

142 2679 296 2743 ridebatur,
315 2686 436 2733 vetustos
458 2693 591 2744 carrones;
612 2693 679 2801 quos
695 2678 813 2732 illibatos
832 2677 935 2731 serrari
987 2674 1064 2730 blica
1074 2675 1162 2729 addici
1177 2686 1351 2744 procuraret;
1372 2686 1565 2747 transgressus,
1578 2681 1700 2750 inquam,
1712 2680 1782 2750 ilgo-

143 2750 243 2805 debere
256 2749 463 2812 contundebant,
477 2764 564 2817 neque
577 2749 621 2802 riu
633 2751 673 2802 ari
686 2762 766 2816 posse
776 2765 784 2801 e
795 2758 937 2814 uacunque
986 2745 1089 2801 bardus
1108 2746 1137 2799 in
1159 2756 1251 2814 partes
1262 2746 1393 2808 Lotlrarii,
1416 2756 1491 2803 tauta
1511 2750 1592 2802 animi
1609 2751 1782 2806 contentione

143 2834 178 2876 ex
201 2834 292 2873 causa.
320 2817 468 2885 Dupliciter
483 2828 571 2872 autrum
586 2827 727 2886 peccatum
752 2765 893 2873 vilebatur
909 2816 936 2869 in
986 2831 1020 2871 ae
1043 2816 1193 2886 pertinacia
1215 2832 1262 2871 eas
1278 2818 1426 2881 tuitusest,
1454 2826 1483 2872 ut
1503 2819 1545 2873 rel
1570 2820 1672 2874 obbae
1694 2822 1781 2888 ipsum

143 2903 271 2946 cancues.
299 2886 432 2953 Primum,
452 2888 516 2959 quia
540 2889 681 2942 constabat
704 2888 771 2942 dues
784 2902 866 2940 unam
889 2901 936 2940 ca·
988 2894 1182 2940 annumeratus
1194 2887 1229 2940 sit
1246 2887 1317 2941 inter
1331 2889 1481 2958 praecipuos
1497 2888 1668 2944 Letharianac
1686 2889 1782 2944 factiu-

143 2958 268 3014 tbedram
288 2973 385 3027 capere
407 2974 459 3012 non
478 2971 565 3026 posse.
587 2957 699 3021 Deinde,
720 2956 793 3026 qnod
815 2955 937 3025 prohibi·
988 2956 1030 3011 nis
1051 2964 1185 3010 attereres.
1211 2957 1250 3011 Ea
1274 2959 1306 3012 dc
1330 2973 1411 3012 causa
1434 2959 1468 3012 ab
1488 2959 1615 3014 Ecclesiae
1635 2961 1782 3028 pamniam

143 3037 202 3084 tum
214 3029 250 3085 sit
275 3045 309 3083 ne
325 3029 387 3098 quis
403 3030 548 3097 episcopus
562 3042 747 3082 successorem
763 3026 815 3081 sibi
841 3026 933 3096 eligat.
949 3042 972 3103 c
987 3034 1109 3081 semotas
1122 3035 1163 3080 est
1173 3028 1335 3082 arrctoritnte
1350 3029 1444 3097 synodi
1458 3044 1518 3096 ‹qurc
1531 3045 1602 3084 anno
1616 3030 1668 3084 835
1686 3030 1781 3084 induta

143 3098 265 3156 Cessisse
280 3107 368 3152 mitten
388 3099 602 3153 contradictores
628 3106 744 3152 constat..
764 3096 850 3163 Quam
872 3111 936 3149 rero
987 3097 1077 3152 estad
1095 3096 1249 3152 Theodectis
1269 3098 1370 3151 rillam.
1390 3098 1507 3151 Rursum
1521 3116 1553 3154 ea
1570 3115 1652 3154 eausa
1680 3101 1781 3170 agitato

144 3169 299 3225 obeausam
313 3169 457 3233 cesserint,
473 3161 664 3222 non‘constat.
690 3168 746 3235 Ego
759 3166 838 3221 facile
850 3165 937 3220 credi·
987 3176 1029 3221 est
1047 3181 1117 3220 anno
1148 3168 1271 3235 sequenti
1295 3169 1365 3237 apud
1389 3168 1581 3231 stramineum,
1598 3171 1670 3224 fraud
1688 3171 1782 3240 prorant

144 3238 241 3303 decim,
263 3236 434 3309 Agebardutn
459 3239 576 3308 propriis
595 3237 741 3292 tirtutiltus
764 3246 791 3293 et
807 3236 938 3305 principis
987 3235 1026 3290 lm
1047 3236 1134 3316 donoc
1156 3240 1202 3303 scd
1215 3238 1288 3292 nude
1303 3246 1412 3317 armar,
1427 3248 1538 3307 propter
1551 3240 1700 3293 absentiam
1713 3240 1782 3307 ilgo-

144 3309 240 3379 optimi
267 3309 364 3363 studiis
387 3308 518 3378 adjutum,
532 3309 706 3379 praevaluisse
725 3252 1210 3377 adrcrsttszimfst'ba'prgdpfiarrdttrn
1223 3306 1425 3376 ciritirerseata
1440 3310 1584 3364 eoncordia
1605 3310 1700 3363 fnisset
1711 3311 1782 3364 inter

145 3379 210 3444 dos;
225 3385 282 3432 turn
295 3379 378 3432 etiam
393 3380 455 3447 quia
466 3377 616 3435 leidradus
634 3379 661 3434 ia
674 3393 736 3433 eum
747 3369 1171 3460 inedubmiss‘ilpdw'rcmd·
1181 3366 1421 3442 itt-imibarium,
1444 3379 1603 3449 Agobardus
1628 3380 1661 3433 ad
1690 3381 1781 3434 sedem

146 3450 190 3504 rir
202 3450 230 3503 in
240 3447 301 3503 aula
314 3448 517 3514 celeberrimus,
532 3458 561 3504 et
572 3449 618 3519 qui
645 3445 800 3503 novissimo·
818 3443 937 3502 faemore
987 3461 1064 3502 suam
1089 3446 1178 3503 redire
1204 3449 1353 3517 permissus
1380 3457 1431 3502 est.
1453 3448 1566 3502 llemum
1590 3449 1655 3503 abiit
1677 3465 1692 3503 e
1715 3450 1782 3503 ritis

147 3526 273 3590 rnagnam
285 3519 336 3572 sibi
350 3519 538 3574 auctoritatem
554 3519 713 3575 conciliasse
729 3519 878 3575 ridebatur.
904 3517 946 3595 lit
977 3519 1059 3586 ‚apud
1077 3516 1374 3592 Sarrmncaqmqana
1384 3519 1524 3575 :secundae
1544 3519 1667 3588 populus,
1680 3520 1706 3572 in
1734 3535 1781 3572 er-

144 3589 289 3645 exstabant
315 3589 429 3658 pluritua
455 3591 577 3658 exempla
604 3606 638 3645 ex
669 3589 734 3643 antii
746 3589 830 3654 ditn'te
842 3582 972 3656 sque(
1017 3580 1225 3665 ‘gdlionedcgiaa
1237 3592 1317 3664 addo,
1330 3600 1367 3643 ut
1377 3582 1426 3664 ega
1439 3588 1550 3657 [quidem
1572 3589 1701 3658 arbitror,
1717 3588 1779 3642 site.

147 3658 368 3715 substitutionem
394 3659 469 3714 illam
483 3661 575 3731 peragi
589 3661 720 3715 moerent
748 3660 831 3728 ricbl'u
843 3662 972 3723 apricat:-
1012 3672 1101 3712 auree
1124 3670 1195 3713 anuo
1208 3657 1361 3712 lzutluvictis
1373 3657 1531 3727 imperatur,
1550 3665 1579 3712 ut
1595 3659 1782 3727 scriptumest

144 3728 306 3801 Agebardus
322 3730 348 3785 itt
362 3730 482 3803 pessima
505 3738 532 3785 et
546 3716 778 3785 exulceratisslrir'a
804 3739 936 3799 tempora,
989 3727 1017 3781 in
1040 3725 1375 3791 AnnalibusBcrtinianis,
1397 3726 1424 3782 in
1445 3727 1590 3796 Aquitania
1612 3726 1673 3793 fuit,
1692 3739 1782 3783 motus

146 3799 372 3870 quemadmodum
398 3801 455 3870 ipse
472 3815 525 3855 nen
543 3799 627 3856 semel
652 3816 704 3855 eon
726 3801 838 3854 aeritur.
865 3799 939 3853 licti-
987 3797 1166 3866 Aquitanicus
1190 3812 1352 3867 componere
1372 3806 1429 3852 sata
1450 3813 1507 3853 ens.
1531 3797 1690 3864 Quinetiam
1711 3813 1782 3851 antro

146 3870 206 3924 nuit
231 3878 321 3924 tatrmn
338 3871 410 3925 inter
426 3872 484 3926 lnce
499 3879 650 3942 temporum
665 3816 736 3925 raalai
754 3869 937 3927 antistantiam
987 3867 1162 3938 sigobardum
1180 3869 1280 3924 obiisse
1292 3884 1340 3923 rtu
1354 3869 1416 3923 ldus
1430 3815 1493 3923 latit
1519 3869 1603 3922 tradit
1613 3877 1708 3922 auctor
1720 3869 1782 3922 bre-

146 3941 272 4009 episcopo
296 3940 414 4011 dignam,
440 3942 482 3995 rir
510 3952 608 3998 caetera
633 3936 753 4007 timidus,
776 3940 870 4011 etqui
893 3940 937 3994 rit
988 3938 1210 3994 rioristroniei
1233 3937 1261 3992 S.
1281 3936 1392 4009 Benigni
1407 3939 1588 3994 divionensis.
1614 3938 1654 3992 Ex
1671 3939 1782 4006 scriptis

147 4026 239 4064 otram
266 4011 437 4080 rrtaguatibus
452 4012 563 4066 auderet
582 4012 666 4080 loqui.
686 4010 754 4065 Nam
768 4027 847 4066 suum
863 4011 939 4065 illum
988 4010 1048 4080 ejus
1066 4027 1127 4132 quae
1140 4018 1246 4064 exstant
1268 4017 1380 4080 apparet
1396 4017 1489 4064 notum
1512 4010 1594 4063 fuisse
1616 4025 1648 4064 ac
1667 4009 1782 4063 farrrrilia-

167 4080 277 4133 adorem
296 4088 327 4133 ac
342 4079 515 4134 timiditatem
543 4081 601 4203 ipse
625 4081 782 4149 frequenter
809 4081 936 4134 inculcat.
989 4079 1406 4135 remcarissimisaetatisillius
1429 4080 1506 4145 ririS,
1525 4079 1629 4135 Ebbani
1654 4079 1781 4132 rrirnirnm

224 4149 362 4218 ipuevero
380 4148 545 4204 incanduita
566 4162 672 4203 tersum
686 4148 803 4212 ludam,
822 4162 938 4218 qnomm
989 4149 1134 4203 libetncnsi
1156 4151 1367 4270 archiepiscopo,
1393 4149 1529 4203 Bernardo
1550 4148 1708 4211 Viennensi,
1735 4147 1782 4202 Ni·
1831 4170 1833 4174 ·

148 4219 245 4288 impios
260 4218 328 4273 ritus
341 4216 523 4300 profanasque
539 4220 715 4274 ceremonias
734 4227 763 4274 et
784 4219 938 4273 detestaba-
988 4218 1078 4273 bridio
1094 4227 1121 4273 et
1141 4219 1340 4274 ilartlroomrco
1362 4217 1593 4281 Narlnmcnsibus,
1615 4217 1779 4279 adalbardo.

149 4297 194 4343 tur
209 4296 237 4343 ct
251 4287 354 4344 abulen
368 4289 504 4359 cupiebat.
521 4288 699 4361 lliuegrares
716 4291 848 4344 adversus
864 4288 937 4358 rlgu-
989 4286 1083 4352 Wala,
1112 4287 1297 4352 Helisaclaaro,
1320 4295 1345 4340 et
1372 4289 1507 4352 llilduino,
1536 4288 1688 4351 abbatibus,
1716 4287 1783 4343 llat-

147 4354 261 4415 lrardunt
288 4368 461 4429 tempestates
489 4368 517 4414 et
544 4359 679 4431 procellae.
712 4357 828 4414 Strinxit
854 4359 937 4414 etiam
951 4356 1066 4454 Dfredo
1090 4359 1182 4412 couniti
1199 4358 1403 4422 aurelianensi,
1430 4360 1475 4440 qui
1498 4359 1647 4429 principem
1664 4367 1719 4411 tnm
1743 4358 1782 4411 lo-

147 4429 259 4501 stylum,
274 4431 419 4498 etquidem
432 4431 540 4494 aeriter,
556 4439 584 4484 et
596 4446 648 4484 non
666 4446 720 4484 une
731 4430 799 4493 loco,
813 4429 839 4483 in
851 4428 938 4500 legent
989 4440 1050 4483 eum
1075 4428 1215 4484 obtinebat
1241 4443 1255 4481 a
1277 4429 1311 4481 nd
1340 4428 1507 4485 Luderteum
1535 4428 1622 4493 Pium,
1649 4427 1782 4483 ll'all'rida

147 4499 353 4567 Gundebadam,
366 4515 447 4570 quam
462 4501 557 4571 pietati
574 4515 607 4555 ac
618 4500 785 4572 simplicitati
800 4500 936 4554 Cirristin·
988 4498 1115 4554 Strabord
1143 4499 1234 4554 abbati
1255 4444 1395 4569 legiensi.
1420 4498 1462 4554 An
1486 4514 1551 4554 rere
1568 4514 1618 4568 per
1636 4499 1782 4552 trienninm

148 4586 191 4625 nae
221 4570 298 4625 raldo
318 4573 484 4626 corrtrariam
510 4587 571 4627 esse
605 4572 788 4627 existimabat.
819 4571 938 4625 liubustc
988 4569 1070 4624 fauerit
1084 4569 1168 4624 abbas
1182 4569 1340 4624 umnasterii
1359 4571 1446 4624 sancti
1460 4569 1578 4624 bledardi
1603 4569 1782 4622 suessionen-

146 4641 231 4695 etiam
249 4656 281 4695 ae
295 4642 401 4696 erudite
414 4658 512 4697 nervos
529 4657 593 4697 suos
607 4642 723 4697 intendit
739 4642 869 4696 adversus
891 4656 933 4695 er·
988 4638 1035 4704 sis,
1051 4647 1081 4694 ut
1094 4638 1196 4710 placuit
1206 4640 1380 4710 quibusdam,
1392 4638 1426 4694 ab
1439 4654 1510 4694 anno
1523 4639 1650 4693 nimirum
1661 4638 1713 4694 850
1728 4655 1783 4707 qno

148 4726 238 4766 rerem
255 4710 353 4767 liclicis
376 4712 497 4781 episcopi
512 4712 550 4768 Ur
568 4712 685 4773 eliensis,
701 4711 747 4782 qui
773 4710 852 4780 paulo
875 4718 938 4765 astte
987 4707 1131 4765 llilduinus
1156 4711 1239 4765 abbas
1252 4710 1281 4764 in
1303 4711 1428 4765 exsilium
1444 4710 1543 4765 missus
1554 4716 1597 4764 est
1614 4708 1783 4763 aLrnlovieo

149 4789 273 4836 mortum
284 4789 344 4835 erat
361 4782 431 4851 apud
447 4786 541 4837 urbem
551 4728 774 4852 lugdunensem.
796 4782 939 4837 Canenmn
987 4778 1048 4845 Pin,
1063 4781 1123 4835 aliis
1135 4780 1336 4839 discutiendum
1350 4780 1483 4850 relinquo.
1498 4780 1587 4848 atique
1601 4780 1659 4832 bare
1672 4778 1706 4833 de
1727 4780 1782 4833 rita

148 4851 176 4906 iu
202 4851 298 4920 primis
312 4860 459 4922 perpetuus
478 4868 510 4907 ac
524 4860 652 4907 constans
666 4852 802 4916 defensor,
824 4860 855 4906 ut
872 4867 939 4922 gna·
987 4849 1123 4921 sigehardi
1136 4851 1240 4907 dixisse
1261 4851 1386 4907 sufficiat.
1407 4851 1485 4906 Nunc
1500 4850 1533 4904 ad
1556 4848 1708 4903 institutum
1734 4865 1782 4903 no·

149 4936 211 4986 rus;
233 4921 302 4977 adeo
316 4923 439 4975 utetiam
453 4923 589 4977 Romatros
603 4922 644 4977 sui
671 4921 801 4991 temporis
819 4921 939 4991 enarrer
988 4929 1074 4976 strum
1089 4930 1267 4976 revertamur.
1411 4968 1417 4981 ,
1526 4918 1528 4926 ⁴

149 4992 325 5063 perstringat,
354 4992 427 5062 quod
450 4992 605 5048 Gallicanos
629 5007 749 5049 carrorres
765 4992 800 5047 ob
822 5007 896 5057 eam,
915 4992 938 5047 si
1024 5004 1037 5032 ε
1060 4991 1212 5045 Rediuiuum
1233 4992 1363 5046 tanaim.
1388 4991 1491 5061 Quippe
1513 4988 1649 5043 feliciana
1670 4988 1783 5044 haeresis

150 5061 261 5131 Superis
287 5063 386 5132 placet,
412 5076 523 5118 causam
549 5070 764 5127 eontcmnerent,
797 5063 870 5133 quod
891 5077 939 5117 eos
988 5068 1134 5145 propagata
1149 5069 1191 5116 est
1212 5077 1245 5117 ex
1272 5060 1370 5117 haeresi
1394 5059 1553 5116 Nestoriana
1573 5067 1629 5139 χιιι
1658 5059 1784 5114 ostendet

150 5132 280 5188 neoterici
298 5133 413 5189 Romani
439 5147 491 5188 non
516 5132 775 5199 commendaverint,
802 5133 846 5187 rel
867 5132 939 5202 quod
990 5132 1059 5186 mfra
1080 5131 1249 5200 Agabardus,
1273 5141 1301 5187 et
1316 5132 1411 5187 scribit
1433 5132 1515 5184 etiam
1535 5129 1669 5183 ¹ldrranus
1685 5129 1695 5183 l
1713 5145 1782 5200 papa

150 5199 230 5270 legati
242 5201 356 5259 Romani
369 5218 421 5258 non
433 5203 605 5258 interfuerint
618 5203 645 5257 in
662 5218 756 5258 eorum
769 5203 940 5258 corastitutie·
989 5203 1023 5256 ad
1037 5203 1170 5271 tlispanos
1183 5202 1362 5272 episcopusin
1376 5202 1474 5258 Codice
1487 5199 1615 5254 Carolino
1631 5200 1674 5254 tit.
1694 5199 1739 5253 97.

150 5285 195 5324 ne.
223 5271 331 5339 llirum,
356 5274 378 5329 si
400 5275 441 5329 rir
463 5274 501 5328 ita
519 5274 686 5343 compositus
711 5288 764 5327 nen
780 5273 940 5328 incurrisset
1025 5272 1039 5312 b
1066 5270 1178 5327 Obsecro
1201 5272 1438 5327 rnaraaetndinenr.
1463 5270 1599 5325 imitatum
1613 5270 1683 5326 barud
1702 5269 1782 5323 dubie

149 5339 280 5394 invidiam
307 5344 443 5399 lmminum
459 5344 623 5400 astatissma.
653 5343 746 5412 ltaque
759 5357 826 5411 opus
847 5343 940 5398 babuit
989 5358 1023 5397 er
1046 5339 1263 5397 libellol'rccum
1290 5342 1478 5396 llarrccllinict
1498 5339 1619 5396 Faustini
1641 5339 1781 5410 presbvte-

149 5409 300 5480 apclngiam
325 5428 374 5482 pro
393 5429 423 5467 se
446 5415 566 5470 scribere
588 5414 717 5468 adversus
737 5414 888 5468 calumnias
911 5422 939 5468 et

149 5479 361 5536 obtrectationes
376 5484 479 5539 alrbatis
505 5484 654 5555 fredegisi,
678 5483 729 5537 riri
744 5483 844 5552 alioqui
870 5484 939 5539 cele·

150 5549 270 5615 berrimi,
302 5553 420 5621 itemque
443 5555 572 5610 adversus
599 5554 730 5623 quosdam
756 5553 939 5608 Prorirrcialcs

150 5628 178 5672 ct
201 5616 370 5690 septimanos
393 5623 561 5693 Agonardtco
589 5624 690 5679 nomini
718 5624 795 5678 raldc
822 5624 937 5693 iniquos.

150 5688 223 5746 lnter
242 5692 310 5758 bate,
332 5693 498 5751 incalescens
518 5695 632 5764 quaestio
653 5696 686 5752 de
707 5696 864 5751 adoratione
883 5694 939 5748 eul-

990 5426 1092 5476 rerunr,
1109 5413 1154 5481 qui
1169 5413 1208 5466 sic
1221 5413 1332 5483 incipit:
1352 5411 1531 5483 Deprccn'ntnr
1554 5409 1781 5464 monstretudioem

990 5492 1112 5546 ecetram,
1125 5481 1235 5551 piissimi
1249 5483 1429 5553 imperatores,
1457 5479 1648 5542 Valentiniana,
1664 5477 1783 5531 ficode-

990 5553 1023 5615 si,
1034 5562 1058 5606 et
1071 5552 1180 5616 Arcrtdi,
1196 5562 1224 5606 nt
1238 5554 1294 5606 ittet
1317 5554 1345 5606 in
1365 5549 1582 5621 contemplatione
1605 5548 1703 5603 Christi
1720 5546 1783 5599 lilii

991 5621 1050 5685 bet,
1063 5623 1108 5693 qni
1126 5632 1238 5679 cestrum
1247 5623 1323 5693 jarem
1337 5623 1487 5694 inspeciem,
1500 5618 1701 5690 infatigabiliter
1716 5616 1784 5687 lepe-

991 5709 1019 5746 rr
1032 5692 1184 5764 diqnemiai.
