3832 6120
148 264 205 324 {oe
513 308 518 315 .
703 260 767 314 ΗΒ.
788 253 972 311 Aniensis
992 253 1223 313 tnaouotsuu.
1733 259 1785 315 titt

185 372 245 430 itt.
270 371 373 426 Deinde
399 371 588 442 interrogastis
610 386 676 435 nos,
699 380 789 425 utrum
814 346 945 423 aliud‘sit
959 366 979 425 A
997 365 1024 418 id
1040 368 1112 434 rrrtod
1125 367 1206 422 horno
1218 367 1305 422 iactus
1318 376 1371 433 est,
1384 370 1513 438 pertinet,
1535 368 1624 435 idest,
1639 370 1712 439 quod
1733 367 1786 424 ior·

150 465 233 531 Deus,
253 463 328 519 aliud
354 464 466 528 terius,
483 463 522 518 ita
547 471 578 516 ut
592 462 663 518 Deus
686 464 745 532 ipse
762 463 864 517 ueritas
887 474 941 514 non
995 471 1068 512 maur
1084 459 1156 513 serti
1167 461 1314 530 accipiens,
1330 461 1424 516 habitu
1439 470 1483 517 cst
1500 461 1626 516 intentus
1646 470 1677 516 ut
1692 462 1784 527 homo,

149 557 196 612 sit.
207 555 284 610 Hanc
299 564 420 609 vestram
439 554 680 624 interrogationem
700 552 726 606 in
743 560 846 606 tautum
861 550 944 604 nritn-
994 550 1040 619 qrri
1056 551 1149 621 ntique
1161 552 1269 607 hahitus
1289 555 1372 624 coepit
1395 569 1428 609 cx
1450 564 1570 626 tempore
1585 574 1592 608 :
1608 555 1641 609 de
1666 556 1724 624 ipso
1746 563 1786 612 ta·

148 663 221 712 mnr,
234 654 264 701 ut
276 655 403 718 putemus
422 660 471 701 tos
485 644 559 698 iliam
581 642 700 712 iocando
721 650 749 696 et
765 642 876 696 ridendo
899 640 943 694 di·
995 652 1056 692 nten
1075 639 1224 710 eodemque
1247 639 1357 697 Christo
1378 643 1480 698 dictum
1501 654 1552 711 est,
1570 661 1633 699 cunr
1650 647 1678 699 iu
1699 645 1785 702 torma

149 748 249 797 classe.
272 737 339 805 Quis
363 737 467 791 audivit
481 736 562 790 talem
584 733 846 804 interrogationem?
869 731 944 786 h'un-
995 726 1042 781 Dei
1067 738 1151 784 esset.
1172 730 1231 784 »Et
1252 740 1435 801 postpauca:
1453 751 1462 784 ι
1490 734 1615 790 Nondum
1639 750 1705 805 ergo
1727 744 1788 793 erat

147 832 214 904 quiid
228 831 253 886 si
264 829 336 884 aliud
351 828 453 898 aliquid
468 829 568 882 ueritas
585 826 673 891 suerit,
686 825 743 893 jam
757 826 828 879 Deus
844 826 944 880 veritas
994 815 1121 876 Christus
1141 822 1215 890 quod
1226 837 1287 878 esse
1311 824 1405 895 coepit,
1421 839 1484 878 cum
1502 826 1677 896 semetipsum
1692 828 1787 882 exina-

148 939 204 978 non
221 921 295 976 erit?
307 920 395 975 Dicite
413 934 470 983 tos,
482 919 505 974 si
518 918 671 987 ubieunque
685 916 712 971 in
726 917 813 971 sacris
825 915 944 985 Scriptu—
995 910 1074 976 uiuit,
1094 926 1149 967 oon
1163 910 1279 967 formam
1289 913 1337 969 Dei
1349 914 1489 981 amittens,
1505 918 1552 970 sod
1577 915 1691 971 soluturo
1713 919 1787 974 terti

148 1014 188 1069 ris
211 1013 314 1067 ueritas
338 1011 505 1075 nominatur,
531 1024 639 1080 semper
664 1008 736 1063 Deus
757 1008 945 1078 intelligendus
993 1002 1140 1072 accipiens.
1158 1024 1169 1057 ι
1186 1004 1257 1061 Εεεε
1271 1007 1437 1063 verhaheati
1451 1009 1611 1079 Augustini,
1634 1011 1667 1067 de
1690 1011 1788 1081 quihus

147 1105 210 1160 esti
235 1103 315 1159 Certe
340 1117 390 1157 nos
411 1101 527 1156 dicimus
556 1099 715 1170 frequenter
738 1099 765 1153 iu
796 1097 944 1167 Scripturis
995 1109 1043 1149 vos
1059 1096 1143 1153 uultis
1158 1098 1297 1155 aiirrmare
1320 1102 1406 1157 ὓειιιιι
1429 1104 1548 1159 Verbum
1565 1105 1666 1162 Christi
1687 1121 1788 1162 nornen

149 1194 286 1252 nominari
313 1194 480 1257 veritatem,
510 1205 572 1260 quae
600 1187 738 1246 contraria
767 1196 809 1244 est
833 1188 945 1244 menda„
995 1184 1071 1252 prius
1094 1202 1148 1241 non
1165 1189 1388 1261 habuissequam
1404 1208 1468 1249 caro
1490 1193 1590 1250 iactum
1612 1204 1664 1261 est,
1688 1210 1790 1251 eume

149 1287 193 1342 050
205 1303 212 1352 3
224 1285 294 1340 sicut
307 1284 391 1339 eriam
405 1283 473 1338 soler
491 1282 629 1337 nominari
646 1283 768 1338 charitas
792 1281 943 1343 hominum,
995 1278 1133 1333 contrario
1143 1280 1346 1351 Augustinusin
1356 1284 1485 1354 praedicta
1497 1286 1633 1341 sententia
1648 1287 1735 1341 dicat:
1747 1285 1788 1341 De

149 1377 272 1441 dilectio,
285 1369 345 1447 quae
357 1374 494 1429 contraria
508 1382 553 1428 est
568 1374 642 1438 odio,
659 1384 688 1429 ει
702 1372 860 1437 concordia,
884 1385 945 1440 qum
994 1366 1051 1436 ipso
1061 1376 1147 1424 tonten
1159 1372 1300 1443 eodemque
1313 1371 1418 1430 Christo
1430 1376 1530 1430 dictum
1543 1387 1580 1430 est
1594 1394 1603 1431 :
1616 1375 1682 1432 Cum
1695 1378 1722 1432 in
1734 1377 1790 1447 scr-

147 1468 272 1540 opposita
293 1476 336 1522 est
347 1467 500 1523 discordiae.
517 1466 588 1538 Ergo
611 1467 659 1522 uhi
673 1465 849 1521 Paulusait:
870 1460 945 1518 Veri-
995 1477 1038 1515 nto
1049 1461 1099 1518 Dei
1120 1475 1196 1519 erret.
1218 1466 1288 1522 Ecce
1311 1469 1395 1524 hahes
1417 1468 1554 1525 Christum
1579 1472 1607 1525 in
1632 1471 1721 1526 torma
1740 1471 1789 1527 Dei

150 1575 232 1620 tatem
244 1565 302 1619 dico
314 1565 343 1618 in
361 1561 466 1617 Christo
481 1561 556 1627 iesu,
574 1576 627 1615 non
647 1560 769 1624 mentior,
783 1558 824 1613 sic
846 1556 945 1612 intelli·
994 1568 1064 1616 esse,
1079 1553 1177 1611 deinde
1190 1555 1306 1612 sormam
1329 1559 1400 1613 servi
1412 1560 1549 1629 accepisse
1566 1575 1668 1629 :otram
1692 1562 1787 1632 utiquo

150 1658 227 1730 gitis,
242 1657 319 1726 quasi
333 1655 447 1720 diceret,
464 1653 548 1708 Deum
565 1653 635 1719 dico,
649 1660 697 1707 aut
707 1651 846 1706 Christum
870 1649 942 1713 dico,
996 1652 1142 1714 antequam
1150 1647 1295 1717 acciperet,
1306 1650 1425 1704 nondum
1436 1661 1494 1705 erat
1507 1651 1579 1706 itlius
1592 1653 1726 1718 hominis,
1739 1653 1788 1708 sed

79 1785 82 1791 .
152 1749 180 1802 in
191 1747 299 1803 Christo
310 1745 385 1802 iesu.
399 1743 455 1800 Aut
465 1745 510 1799 ubi
522 1744 560 1798 ait
571 1758 578 1798 :
591 1743 755 1813 Deponentes
767 1739 943 1803 menducium,
959 1720 982 1779 Β
997 1733 1081 1791 Filius
1087 1737 1146 1804 Dei,
1156 1747 1246 1796 umen
1257 1740 1394 1799 Christus.
1410 1743 1511 1799 iterum
1519 1745 1686 1817 Augustinus
1700 1745 1787 1802 dicit:

151 1838 288 1910 ioquimini
311 1840 445 1893 ueritatem
466 1836 643 1907 unusquisque
658 1849 716 1888 curn
740 1831 860 1903 proximo
886 1846 946 1897 ruo,
1001 1844 1009 1872 ι
1024 1824 1148 1883 Nondum
1161 1843 1227 1901 ergo
1237 1842 1298 1887 erat
1312 1832 1437 1890 Christus
1450 1835 1523 1903 quoti
1537 1835 1621 1905 coepit
1634 1849 1705 1901 esse,
1725 1850 1790 1892 cum

152 1932 240 2000 ipsum
261 1930 347 1985 Deum
361 1928 510 1999 intelligitis
532 1927 687 1981 veritatem.
712 1924 746 1977 Et
769 1923 878 1986 iterum,
901 1920 947 1976 uhi
997 1920 1173 1989 semetipsum
1194 1923 1356 1980 exinanivit.
1374 1944 1384 1976 s
1405 1924 1475 1980 Ecce
1490 1933 1518 1980 ct
1542 1925 1587 1980 hic
1606 1924 1733 1981 Christus
1746 1925 1789 1980 di·

151 2022 356 2091 scriptumest:
377 2019 488 2090 Resqui
498 2019 601 2089 iudicet
621 2017 649 2072 in
677 2015 785 2069 ueritate
808 2028 946 2084 pauperes,
997 2007 1077 2074 citur,
1099 2011 1145 2080 qui
1165 2013 1285 2068 nondum
1310 2022 1371 2070 etat
1385 2015 1437 2070 hoc
1459 2015 1531 2086 quod
1544 2032 1604 2073 esse
1620 2018 1712 2088 ooepit,
1727 2032 1791 2072 cum

152 2114 263 2167 thronus
277 2111 333 2179 eins
348 2113 375 2165 in
386 2119 514 2164 eternum
523 2107 684 2178 firmabitur.
701 2104 735 2158 Et
752 2104 874 2158 iterum:
895 2101 948 2156 he·
997 2101 1173 2168 semetipsum
1183 2102 1342 2169 exinaniuit,
1359 2105 1439 2161 idest
1451 2106 1543 2162 horno.
1556 2106 1623 2162 Nam
1638 2109 1702 2179 quid
1716 2107 1791 2164 aliud

153 2206 225 2260 iriam
238 2205 354 2260 ueritatis
367 2204 474 2273 prmum
492 2203 551 2255 erit.
565 2201 599 2255 Et
613 2213 742 2255 rursum:
759 2196 812 2263 Qui
832 2195 948 2267 loquitur
997 2201 1057 2242 esse
1070 2190 1162 2260 coepit,
1179 2192 1232 2247 nisi
1253 2193 1344 2262 horno,
1366 2210 1427 2249 cum
1449 2196 1566 2252 sormam
1580 2198 1653 2252 serti
1669 2199 1791 2271 accepit?

152 2297 288 2351 ueritatem
301 2296 330 2348 in
351 2293 503 2347 cordetuo.
522 2289 552 2345 in
572 2289 692 2345 ieremia
715 2283 947 2357 qunqucrdmnis
998 2277 1077 2334 Corte
1100 2280 1267 2352 Augustinus
1283 2301 1338 2340 non
1361 2286 1419 2341 ait:
1438 2287 1498 2342 Non
1519 2299 1574 2343 erut
1597 2287 1718 2344 Christus
1745 2291 1792 2361 pei

86 2446 94 2458 ⁴
152 2386 255 2440 amicus
272 2381 455 2453 fraudulenter
465 2380 575 2445 incedet,
588 2390 613 2433 et
632 2380 766 2434 ueritatem
791 2394 845 2432 non
859 2375 948 2447 loque·
997 2373 1150 2442 iiitcoeio'ii
1163 2375 1221 2440 ⁵01¹,
1237 2375 1264 2429 Ν
1266 2393 1299 2431 011
1312 2388 1368 2457 111111
1379 2378 1449 2449 qood
1464 2382 1609 2450 ettecoetn't·

150 2485 209 2530 tur.
222 2476 257 2530 lit
268 2475 346 2531 esee
364 2491 371 2528 ε
388 2473 451 2528 Non
468 2482 506 2526 est
522 2472 591 2526 enirn
604 2470 711 2536 uerior,
724 2478 748 2524 et
761 2486 813 2522 non
826 2468 949 2538 estjuui-
1034 2461 1125 2518 XVlii.
1153 2465 1221 2520 Nanr
1239 2467 1262 2522 si
1277 2467 1402 2525 Christus
1421 2481 1484 2526 ante
1510 2472 1622 2528 hiarium
1639 2490 1692 2530 non
1719 2485 1791 2542 erat,

151 2565 203 2631 ga,
224 2574 249 2620 pp
263 2582 315 2619 mm
325 2572 363 2619 ,gp
377 2562 556 2617 mimorum
567 2560 618 2615 pes
628 2561 746 2614 interra,
757 2559 792 2614 Er
804 2559 831 2613 in
842 2559 948 2614 gacha.
998 2552 1064 2620 quid
1078 2560 1121 2607 est
1141 2555 1212 2624 qnod
1225 2555 1369 2626 Apostolus
1381 2560 1420 2613 ait
1436 2577 1441 2612 :
1460 2558 1581 2616 Christus
1600 2563 1680 2617 iesus
1694 2563 1752 2617 heri
1764 2575 1791 2619 et

153 2656 196 2712 ria
217 2669 224 2709 :
242 2653 384 2710 Veritatem
406 2663 430 2708 et
445 2653 579 2724 judicium
596 2652 669 2722 pacis
679 2651 801 2727 judicate
815 2651 843 2704 in
865 2650 948 2720 portis
999 2641 1087 2708 hodie,
1103 2644 1157 2714 ipse
1169 2654 1193 2699 et
1204 2647 1231 2700 in
1247 2648 1345 2702 stornio
1360 2648 1465 2721 (lietu,
1478 2667 1539 2718 srtt,
1555 2655 1603 2725 Sp?
1624 2653 1653 2708 Si
1667 2654 1793 2713 Christus

152 2748 256 2803 uestris.
270 2745 395 2815 Nuuquid
410 2746 449 2801 sie
463 2744 577 2814 intelligi
598 2744 707 2813 poterit,
731 2743 810 2813 quasi
834 2743 948 2808 diceret,
999 2747 1054 2789 nnn
1069 2743 1139 2800 crat,
1155 2744 1181 2790 et
1202 2738 1290 2792 sancti
1316 2739 1423 2795 Veteris
1445 2739 1612 2798 Testamenti
1638 2759 1691 2801 non
1713 2754 1794 2805 erant

154 2838 241 2894 Deum
261 2837 382 2908 judicate
405 2837 432 2890 in
461 2834 549 2905 portis
576 2833 693 2889 uestris?
720 2833 792 2889 Eece
811 2833 896 2888 hahes
921 2832 949 2887 in
1000 2823 1169 2894 Christiani3
1185 2844 1271 2899 quare
1290 2830 1388 2885 iterum
1398 2832 1546 2902 Apostolus
1559 2834 1624 2889 dicit
1639 2853 1645 2889 :
1662 2834 1794 2892 Dernoret

155 2927 304 2998 Seriptnris
325 2926 483 2997 frequenter
499 2925 552 2979 dici
566 2925 722 2989 veritatem,
744 2939 797 2978 non
813 2937 862 2992 pro
891 2923 950 2993 ipso
1001 2929 1080 2975 estote
1090 2923 1160 2993 quod
1171 2924 1314 2994 aliquando
1324 2935 1462 2996 uergentes
1474 2929 1501 2981 in
1513 2945 1603 2994 corne,
1618 2929 1663 2998 pri
1672 2929 1795 2984 dicimini

153 3019 225 3085 Deo,
239 3019 285 3075 sed
297 3033 347 3088 pro
360 3017 406 3072 illa
424 3018 524 3072 uirtute
543 3030 603 3086 qum
617 3016 741 3086 opposita
756 3023 798 3070 est
810 3015 950 3086 injustitia
964 3063 987 3126 C
1001 3016 1173 3085 preputium,
1189 3017 1222 3070 ch
1233 3034 1264 3070 eo
1282 3034 1342 3088 prro
1366 3018 1465 3072 dicitur
1478 3020 1642 3074 circumcisio
1656 3021 1684 3075 in
1696 3037 1793 3085 corne,

152 3103 184 3168 ει
195 3112 318 3167 falsitati.
335 3110 463 3165 Attamen
475 3123 529 3164 non
544 3109 616 3163 siout
635 3123 683 3162 tos
704 3107 797 3172 uultis,
822 3116 852 3161 ut
878 3106 951 3162 Deus
988 3123 1083 3183 ¹nturtu
1109 3107 1198 3176 scete·
1213 3109 1275 3180 quie
1290 3109 1370 3163 erotis
1394 3108 1440 3164 iiio
1456 3120 1569 3182 ternpore
1596 3112 1652 3165 sine
1676 3109 1794 3177 Christo,

156 3205 217 3274 ipse
232 3204 332 3260 ueritas
346 3219 402 3259 nou
417 3202 469 3267 sit,
493 3201 541 3256 sed
557 3200 650 3268 potius
663 3208 693 3254 ut
713 3207 741 3254 et
758 3199 830 3255 Deus
849 3199 951 3255 ueritas
1002 3196 1338 3254 alienatinrormersotiorre
1351 3199 1447 3266 lsrael,
1462 3210 1486 3255 et
1501 3201 1614 3272 hospites
1625 3210 1795 3256 testamento-

155 3300 204 3354 gg,
1002 3303 1073 3350 rum,
1089 3289 1270 3357 promissionis
1292 3305 1363 3360 spem
1381 3306 1433 3345 nou
1447 3291 1580 3357 hahentes,
1593 3301 1616 3346 et
1631 3292 1688 3346 sine
1698 3290 1753 3346 Deo
1765 3291 1794 3346 in

195 3387 263 3443 iiVi.
287 3387 390 3443 Deinde
406 3402 470 3441 vero
489 3401 553 3440 cum
570 3385 669 3440 restris
694 3383 858 3456 syllogismis
881 3384 953 3440 aitit-
1002 3381 1100 3435 otottoo
1120 3381 1229 3453 (Euius.
1254 3400 1284 3448 tt,
1310 3384 1354 3451 ii,
1378 3385 1433 3459 ii).
1455 3387 1525 3442 Eece
1548 3386 1693 3458 Apostolus
1716 3389 1795 3443 docet

157 3494 233 3535 mare
251 3478 380 3544 nitimini,
393 3477 563 3534 Christianos
577 3492 630 3531 non
642 3475 726 3533 luisse
737 3492 833 3532 omnes
843 3486 952 3533 sanctos
1002 3481 1097 3543 gentes
1107 3473 1166 3529 sinc
1178 3473 1289 3531 Christo
1303 3475 1387 3532 luisse
1399 3477 1445 3533 illo
1461 3485 1593 3549 temporo,
1609 3479 1719 3549 1111111110
1731 3491 1795 3547 pro·

157 3569 328 3641 patriarchas
342 3576 371 3625 et
389 3568 548 3639 prophetas,
571 3581 651 3638 reges
676 3575 704 3621 et
729 3567 901 3632 sacerdotes,
924 3567 951 3621 in
1003 3564 1140 3620 missionis
1158 3582 1233 3635 spem
1250 3568 1367 3624 hahebat
1384 3568 1478 3625 lsrael.
1495 3570 1528 3626 Et
1539 3571 1603 3640 quid
1616 3580 1658 3625 est
1681 3570 1794 3626 dicere:

158 3658 250 3714 Veteri
266 3657 452 3721 Testamento,
468 3656 590 3711 dicentes
615 3656 694 3711 nohis
711 3674 718 3710 :
737 3674 746 3708 ι
765 3655 794 3711 Si
811 3671 858 3712 eos
872 3655 952 3712 Chri·
1002 3651 1094 3707 Erotis
1106 3656 1161 3709 sine
1177 3655 1293 3723 Christo,
1312 3657 1422 3713 alienati
1447 3661 1675 3714 aeonu'ersntioue
1696 3658 1794 3725 lsrael,

157 3751 262 3807 §Darios
288 3749 419 3815 dicendo,
450 3762 497 3804 eos
512 3763 572 3804 esse
598 3747 737 3828 affirmare
761 3748 854 3815 vultis,
882 3749 953 3804 mul·
1003 3742 1057 3798 nisi
1082 3744 1191 3815 oblique
1204 3748 1406 3815 demonstrare,
1424 3766 1477 3805 non
1500 3750 1584 3806 fuisse
1603 3752 1662 3805 sine
1684 3749 1797 3807 Chrisio

159 3849 217 3896 tum
231 3850 273 3896 est
287 3839 433 3896 absurdum
457 3848 487 3895 ut
507 3839 655 3895 Christiani
678 3847 771 3895 essent
794 3840 952 3909 priusquam
1002 3832 1086 3889 lsrael
1098 3845 1220 3907 tempore
1237 3841 1444 3907 promissionis?
1459 3841 1488 3897 st
1508 3841 1632 3897 Christus
1647 3859 1700 3898 non
1718 3852 1794 3909 erat,

158 3931 295 3989 Christus.
313 3951 322 3984 ι
343 3931 412 3987 Εεεε
429 3930 527 4002 quihus
545 3930 635 3986 uerbis
649 3931 756 4000 negatis
777 3938 887 3985 sanctos
904 3931 954 3987 Ve-
1002 3925 1264 3995 nequechrisuanh
1277 3945 1327 3994 eut
1348 3931 1419 3986 idem
1434 3931 1579 4002 Apostolus
1597 3935 1630 3989 do
1641 3933 1733 4007 Moyse
1756 3935 1798 3992 di·

158 4025 227 4081 teris
241 4023 408 4079 Testamenti
433 4022 604 4079 Christianos
620 4020 714 4076 inisse.
729 4020 783 4076 Sed
808 4021 893 4078 multo
906 4037 953 4093 pe-
1004 4014 1042 4068 cit
1058 4033 1064 4068 2
1082 4013 1195 4088 Negavit
1216 4035 1244 4073 te
1266 4037 1321 4075 erse
1339 4020 1425 4090 fitium
1448 4022 1512 4094 filie
1532 4023 1691 4091 Pharaonis,
1710 4029 1796 4100 motio

153 4116 203 4187 ius
215 4116 322 4186 negatis
336 4114 381 4171 illo
395 4124 516 4184 tempore
526 4128 582 4168 non
593 4127 653 4168 esse
664 4110 813 4168 Christum.
827 4111 950 4181 Credite,
1002 4105 1100 4177 ditem
1114 4110 1194 4181 offlt'ti
1211 4127 1271 4165 cum
1282 4111 1379 4184 prputo
1395 4114 1455 4181 Dei,
1465 4133 1543 4187 quern
1556 4118 1709 4190 temporalis
1732 4134 1796 4191 pec·

158 4205 322 4263 venerahilis
337 4206 473 4275 magister,
487 4205 551 4274 quia
567 4205 589 4259 si
602 4203 741 4259 dixissetis
759 4220 767 4260 ι
787 4222 797 4256 ι
813 4202 872 4261 Non
882 4205 953 4262 dice·
1004 4200 1057 4252 cuti
1072 4200 1167 4256 bobert
1182 4203 1391 4273 jocunditatem·
1407 4208 1520 4279 majores
1534 4210 1638 4266 diuitias
1662 4214 1797 4273 estimans

159 4300 260 4353 hantur
273 4296 432 4361 Christiani,
448 4311 552 4366 »parva
566 4294 761 4351 forsitanesset
772 4295 950 4366 htasphemia.
1002 4291 1126 4346 totototo
1145 4293 1343 4366 AEtytto'otom
1358 4299 1544 4371 improperium
1559 4302 1667 4359 Christi.
1682 4306 1797 4377 Aspicie-

159 4387 228 4445 Cum
251 4395 342 4442 autem
367 4386 466 4452 dicitis,
494 4384 558 4440 Non
580 4394 655 4440 erunt
675 4385 829 4452 Christiani,
853 4383 1130 4482 injusicDbutenim
1151 4386 1180 4440 iu
1205 4389 1443 4444 remunerationem
1459 4391 1552 4461 (liehr.
1566 4411 1605 4460 xt,
1628 4396 1674 4459 il,
1689 4397 1746 4468 25).
1765 4397 1796 4455 Si

161 4490 264 4537 antam
286 4479 487 4536 multitudinem
510 4486 668 4534 sanctorum
686 4479 891 4550 blasphematis.
911 4479 953 4535 Si·
1004 4477 1055 4532 suh
1068 4476 1126 4546 lege
1140 4477 1222 4547 positi
1235 4478 1372 4535 Christum
1398 4483 1505 4538 othoni
1525 4500 1578 4540 non
1594 4487 1745 4553 coluerunt,
1767 4497 1797 4546 et

160 4569 311 4626 milietiam
323 4569 405 4624 modo
415 4569 438 4624 si
451 4569 485 4624 do
496 4566 683 4624 Dominoiesu
694 4568 803 4626 Christo
816 4570 952 4639 diceretis,
1004 4565 1067 4621 moli
1082 4582 1136 4622 ooo
1163 4575 1354 4635 tentaverunt,
1373 4585 1423 4625 ool
1445 4573 1545 4628 ilerum
1567 4575 1634 4631 dicit
1651 4577 1686 4632 de
1704 4578 1796 4636 colen·

163 4680 173 4713 s
191 4661 312 4717 Necdum
325 4660 494 4717 ahomnihus
508 4658 634 4715 ddelihns
645 4659 789 4716 manifeste
807 4663 955 4718 vocabatur
1006 4660 1078 4714 tihus
1099 4676 1161 4716 eum
1175 4680 1181 4715 z
1195 4660 1323 4718 Biheheut
1334 4664 1365 4718 de
1379 4665 1494 4734 spiritali
1514 4671 1681 4740 consequenti
1693 4688 1736 4727 eos
1751 4689 1797 4745 pe·

160 4753 298 4819 Christus,
315 4772 324 4805 ι
338 4748 612 4807 tolerahiieesset.At
624 4765 687 4806 curn
702 4752 805 4818 dicitis,
821 4749 882 4806 Non
897 4762 954 4808 erut
1005 4761 1056 4805 tro.
1076 4748 1155 4806 Petro
1166 4763 1252 4807 eutem
1265 4764 1321 4808 erut
1336 4752 1467 4810 Christus.
1479 4757 1517 4813 De
1526 4762 1694 4816 tentantibus
1707 4777 1771 4818 tero
1787 4777 1795 4820 t

160 4841 291 4911 Christus,
308 4852 365 4899 tam
381 4842 492 4914 grandis
505 4843 681 4913 blasphemiae
698 4853 749 4911 est,
766 4852 796 4898 ut
808 4860 861 4900 non
885 4844 955 4899 mul·
1007 4841 1098 4915 Neque
1108 4853 1236 4899 tentemus
1247 4844 1393 4913 Christum,
1410 4849 1477 4904 sicut
1499 4850 1606 4922 puidam
1621 4870 1711 4908 sortem
1736 4831 1795 4910 ten·

159 4943 219 4990 tum
234 4937 317 4991 distet
331 4937 366 4991 ah
382 4934 427 4989 ilia
437 4934 513 4989 Pauli
527 4933 700 4990 Samosatoni
713 4936 917 5006 praedicatione.
1006 4942 1134 5001 tuterunt,
1148 4945 1173 4988 et
1185 4952 1201 4988 c
1214 4937 1376 5007 serpentibus
1386 4939 1529 5011 perierunt.
1544 4941 1613 4996 Nam
1626 4952 1656 4997 ut
1666 4944 1797 5002 noveritis

197 5024 278 5081 itit.
292 5023 396 5100 Deinde
419 5021 592 5094 subjungitis,
613 5024 692 5093 quasi
710 5026 888 5081 exhortantes
905 5041 955 5083 nos
1005 5023 1057 5078 suh
1080 5023 1139 5094 lege
1163 5039 1217 5079 non
1240 5025 1328 5082 solum
1348 5027 1528 5097 Christianos,
1554 5035 1602 5088 sed
1625 5035 1706 5090 etiam
1725 5034 1795 5094 iiiios

161 5119 362 5176 sardicensem«
380 5116 435 5174 Sed
448 5117 952 5188 quomodonondumeratChristnsis
1006 5115 1108 5172 Christi
1133 5117 1225 5183 luisse,
1245 5120 1336 5176 audite
1362 5123 1461 5179 iterum
1483 5124 1658 5193 Apostolum:
1683 5127 1797 5190 Decciet

159 5210 264 5280 Legitis
274 5210 373 5266 librum
386 5209 537 5280 supradicti
553 5209 627 5264 heati
641 5209 730 5264 Patris
742 5208 898 5280 Augustini,
912 5226 956 5267 ca·
1006 5208 1085 5272 enim,
1100 5208 1198 5278 inquit,
1212 5226 1271 5263 eum
1290 5220 1481 5284 propterquem
1497 5214 1596 5279 omnio,
1618 5225 1644 5270 et
1654 5233 1700 5288 per
1719 5234 1797 5290 quem

158 5304 248 5376 pitulo
260 5302 287 5370 6,
308 5309 336 5358 et
358 5302 460 5373 ponitis
483 5301 573 5374 ipsum
588 5300 747 5373 capitulum,
763 5300 848 5356 multo
872 5301 955 5356 olium
1006 5301 1161 5372 cnrrrio,qui
1174 5301 1271 5358 multos
1280 5302 1350 5372 filios
1362 5305 1389 5358 in
1402 5304 1515 5375 gloriam
1528 5303 1687 5375 adduceret,
1699 5320 1795 5366 eucte-

161 5407 273 5449 sensum
284 5393 473 5448 continentem
491 5406 573 5460 quam
589 5407 639 5446 vus
650 5391 767 5447 sentitis.
781 5391 865 5447 inille
882 5391 955 5448 enim
1007 5408 1061 5447 rem
1077 5391 1170 5448 solutis
1192 5410 1284 5449 eorum
1295 5395 1485 5466 perpessiones
1509 5406 1698 5455 consummari.
1717 5401 1797 5460 Arina

162 5485 282 5556 capitulo
295 5485 496 5555 scriptumest:
511 5483 599 5540 «Cum
613 5500 678 5556 ergo
692 5484 794 5541 Christi
808 5501 908 5541 nomen
922 5501 956 5542 ex
1007 5494 1095 5540 mater
1109 5484 1244 5541 Samuelis
1257 5501 1338 5542 orans
1351 5486 1378 5540 in
1392 5485 1493 5556 templo
1507 5486 1571 5542 dicit
1586 5503 1594 5542 z
1609 5489 1739 5549 Dominus
1746 5491 1798 5564 js·

160 5576 245 5633 eoiili
260 5577 297 5632 sit
311 5577 383 5648 quod
407 5577 538 5648 scriptum
559 5585 611 5643 est,
638 5576 720 5632 Ducit
735 5587 759 5632 te
779 5576 860 5644 Deus,
884 5577 956 5634 Deus
1007 5579 1104 5633 dicatis
1117 5579 1182 5649 fines
1194 5587 1280 5644 terre,
1292 5578 1401 5633 etduhit
1416 5580 1554 5653 imperium
1570 5585 1624 5655 sepi
1642 5602 1700 5653 suc,
1716 5595 1740 5641 et
1752 5601 1798 5644 trt-

164 5678 224 5727 trus
238 5667 295 5724 cieo
310 5666 492 5724 exsultationis
503 5684 559 5739 pree
572 5669 744 5740 participibus
755 5671 816 5724 tuis.
831 5669 908 5727 Unde
921 5671 955 5727 ad
1008 5669 1125 5724 hiimoiit
1137 5685 1220 5724 cornu
1234 5665 1332 5722 Christi
1346 5669 1398 5724 sui.
1414 5669 1448 5725 Et
1462 5671 1513 5728 hoc
1527 5680 1556 5728 et
1569 5674 1594 5728 in
1609 5674 1655 5732 ilio
1674 5684 1797 5751 ternpore

344 5779 483 5845 Prrnot.
506 5777 587 5847 ClV.
1599 5788 1620 5856 ii
