<?xml version="1.0" encoding="UTF-8"?>
<!DOCTYPE html PUBLIC "-//W3C//DTD XHTML 1.0 Transitional//EN"
    "http://www.w3.org/TR/xhtml1/DTD/xhtml1-transitional.dtd">
<html xmlns="http://www.w3.org/1999/xhtml" xml:lang="en" lang="en">
 <head>
  <title>
</title>
<meta http-equiv="Content-Type" content="text/html;charset=utf-8" />
  <meta name='ocr-system' content='tesseract 3.04.00' />
  <meta name='ocr-capabilities' content='ocr_page ocr_carea ocr_par ocr_line ocrx_word'/>
</head>
<body>
  <div class='ocr_page' id='page_1' title='image "./patrologiaecurs103migngoog_0360.png"; bbox 0 0 3832 6120; ppageno 0'>
   <div class='ocr_carea' id='block_1_1' title="bbox 136 254 1763 347">
    <p class='ocr_par' dir='ltr' id='par_1_1' title="bbox 136 254 1763 347">
     <span class='ocr_line' id='line_1_1' title="bbox 136 254 1763 347; baseline 0.002 -22"><span class='ocrx_word' id='word_1_1' title='bbox 136 260 190 326; x_wconf 72' lang='lat' dir='ltr'><strong>sris</strong></span> <span class='ocrx_word' id='word_1_2' title='bbox 461 268 693 338; x_wconf 66' lang='lat' dir='ltr'><strong>ourssnoncs</strong></span> <span class='ocrx_word' id='word_1_3' title='bbox 711 261 786 325; x_wconf 81' lang='lat' dir='ltr'><strong>xxx</strong></span> <span class='ocrx_word' id='word_1_4' title='bbox 805 262 916 324; x_wconf 83' lang='lat' dir='ltr'><strong>snrun</strong></span> <span class='ocrx_word' id='word_1_5' title='bbox 935 256 1060 320; x_wconf 79' lang='lat' dir='ltr'><strong>uranos</strong></span> <span class='ocrx_word' id='word_1_6' title='bbox 1079 264 1211 326; x_wconf 81' lang='lat' dir='ltr'><strong>assurt.</strong></span> <span class='ocrx_word' id='word_1_7' title='bbox 1231 285 1267 308; x_wconf 62' lang='lat'><strong>2-</strong></span> <span class='ocrx_word' id='word_1_8' title='bbox 1284 267 1388 347; x_wconf 77' lang='lat' dir='ltr'><strong>umen</strong></span> <span class='ocrx_word' id='word_1_9' title='bbox 1408 266 1442 325; x_wconf 91' lang='lat' dir='ltr'><strong>n.</strong></span> <span class='ocrx_word' id='word_1_10' title='bbox 1562 254 1566 262; x_wconf 85' lang='lat'>&#39;</span> <span class='ocrx_word' id='word_1_11' title='bbox 1711 270 1763 330; x_wconf 82' lang='lat' dir='ltr'><strong>roo</strong></span> 
     </span>
    </p>
   </div>
   <div class='ocr_carea' id='block_1_2' title="bbox 132 368 1786 2903">
    <p class='ocr_par' dir='ltr' id='par_1_2' title="bbox 132 368 1786 2903">
     <span class='ocr_line' id='line_1_2' title="bbox 134 368 1786 467; baseline 0.001 -25"><span class='ocrx_word' id='word_1_12' title='bbox 134 395 164 442; x_wconf 88' lang='lat' dir='ltr'><strong>et</strong></span> <span class='ocrx_word' id='word_1_13' title='bbox 174 400 210 440; x_wconf 90' lang='lat' dir='ltr'><strong>ne</strong></span> <span class='ocrx_word' id='word_1_14' title='bbox 221 385 254 440; x_wconf 92' lang='lat' dir='ltr'><strong>ad</strong></span> <span class='ocrx_word' id='word_1_15' title='bbox 267 383 483 453; x_wconf 78' lang='lat' dir='ltr'><strong>desperationem</strong></span> <span class='ocrx_word' id='word_1_16' title='bbox 494 398 662 447; x_wconf 77' lang='lat' dir='ltr'>corruamus,</span> <span class='ocrx_word' id='word_1_17' title='bbox 677 383 784 438; x_wconf 67' lang='lat' dir='ltr'><strong>inicius</strong></span> <span class='ocrx_word' id='word_1_18' title='bbox 795 381 849 437; x_wconf 84' lang='lat' dir='ltr'><strong>Sed</strong></span> <span class='ocrx_word' id='word_1_19' title='bbox 861 382 924 451; x_wconf 89' lang='lat' dir='ltr'><strong>quia</strong></span> <span class='ocrx_word' id='word_1_20' title='bbox 938 376 964 435; x_wconf 78' lang='grc' dir='ltr'><strong>Α</strong></span> <span class='ocrx_word' id='word_1_21' title='bbox 977 375 1103 445; x_wconf 75' lang='lat' dir='ltr'>diximus,</span> <span class='ocrx_word' id='word_1_22' title='bbox 1120 381 1221 438; x_wconf 89' lang='lat' dir='ltr'><strong>electos</strong></span> <span class='ocrx_word' id='word_1_23' title='bbox 1236 398 1301 439; x_wconf 87' lang='lat' dir='ltr'><strong>snos</strong></span> <span class='ocrx_word' id='word_1_24' title='bbox 1315 381 1445 439; x_wconf 81' lang='lat' dir='ltr'><strong>Dominus</strong></span> <span class='ocrx_word' id='word_1_25' title='bbox 1465 398 1537 455; x_wconf 75' lang='lat' dir='ltr'><strong>saepe</strong></span> <span class='ocrx_word' id='word_1_26' title='bbox 1560 386 1687 442; x_wconf 71' lang='lat' dir='ltr'><strong>tentatori</strong></span> <span class='ocrx_word' id='word_1_27' title='bbox 1705 368 1786 467; x_wconf 64' lang='lat' dir='ltr'><strong>sntq&#39;</strong></span> 
     </span>
     <span class='ocr_line' id='line_1_3' title="bbox 133 468 1768 548; baseline 0.003 -18"><span class='ocrx_word' id='word_1_28' title='bbox 133 476 260 546; x_wconf 70' lang='lat' dir='ltr'><strong>exigente</strong></span> <span class='ocrx_word' id='word_1_29' title='bbox 272 471 466 545; x_wconf 33' lang='lat' dir='ltr'><strong>cansa„l)avid</strong></span> <span class='ocrx_word' id='word_1_30' title='bbox 478 472 512 527; x_wconf 91' lang='lat' dir='ltr'><strong>ad</strong></span> <span class='ocrx_word' id='word_1_31' title='bbox 523 473 642 527; x_wconf 91' lang='lat' dir='ltr'><strong>medium</strong></span> <span class='ocrx_word' id='word_1_32' title='bbox 655 472 785 535; x_wconf 90' lang='lat' dir='ltr'><strong>deducto,</strong></span> <span class='ocrx_word' id='word_1_33' title='bbox 807 470 875 525; x_wconf 88' lang='lat' dir='ltr'><strong>tanti</strong></span> <span class='ocrx_word' id='word_1_34' title='bbox 888 468 929 523; x_wconf 86' lang='lat' dir='ltr'><strong>ia·</strong></span> <span class='ocrx_word' id='word_1_35' title='bbox 975 470 1056 540; x_wconf 85' lang='lat' dir='ltr'><strong>jicit;</strong></span> <span class='ocrx_word' id='word_1_36' title='bbox 1074 473 1146 528; x_wconf 86' lang='lat' dir='ltr'><strong>sient</strong></span> <span class='ocrx_word' id='word_1_37' title='bbox 1162 482 1223 544; x_wconf 90' lang='lat' dir='ltr'><strong>post</strong></span> <span class='ocrx_word' id='word_1_38' title='bbox 1243 474 1363 545; x_wconf 85' lang='lat' dir='ltr'><strong>paradisi</strong></span> <span class='ocrx_word' id='word_1_39' title='bbox 1380 475 1516 541; x_wconf 88' lang='lat' dir='ltr'><strong>claustra,</strong></span> <span class='ocrx_word' id='word_1_40' title='bbox 1536 488 1598 548; x_wconf 90' lang='lat' dir='ltr'><strong>post</strong></span> <span class='ocrx_word' id='word_1_41' title='bbox 1615 480 1688 535; x_wconf 89' lang='lat' dir='ltr'><strong>tertii</strong></span> <span class='ocrx_word' id='word_1_42' title='bbox 1705 481 1768 537; x_wconf 86' lang='lat' dir='ltr'><strong>coeli</strong></span> 
     </span>
     <span class='ocr_line' id='line_1_4' title="bbox 133 561 1769 640; baseline 0.002 -18"><span class='ocrx_word' id='word_1_43' title='bbox 133 565 239 622; x_wconf 75' lang='lat' dir='ltr'><strong>cluens</strong></span> <span class='ocrx_word' id='word_1_44' title='bbox 253 562 412 618; x_wconf 77' lang='lat' dir='ltr'><strong>memoriam</strong></span> <span class='ocrx_word' id='word_1_45' title='bbox 425 561 555 627; x_wconf 89' lang='lat' dir='ltr'><strong>lecimus,</strong></span> <span class='ocrx_word' id='word_1_46' title='bbox 569 562 678 618; x_wconf 86' lang='lat' dir='ltr'><strong>lectoris</strong></span> <span class='ocrx_word' id='word_1_47' title='bbox 693 561 808 617; x_wconf 79' lang='lat' dir='ltr'><strong>fortasse</strong></span> <span class='ocrx_word' id='word_1_48' title='bbox 821 561 928 616; x_wconf 88' lang='lat' dir='ltr'><strong>animus</strong></span> <span class='ocrx_word' id='word_1_49' title='bbox 979 572 1098 628; x_wconf 86' lang='lat' dir='ltr'><strong>secreta,</strong></span> <span class='ocrx_word' id='word_1_50' title='bbox 1115 577 1151 618; x_wconf 90' lang='lat' dir='ltr'><strong>ne</strong></span> <span class='ocrx_word' id='word_1_51' title='bbox 1164 564 1358 620; x_wconf 81' lang='lat' dir='ltr'><strong>revelationum</strong></span> <span class='ocrx_word' id='word_1_52' title='bbox 1378 566 1562 636; x_wconf 83' lang='lat' dir='ltr'><strong>maqnitudioe</strong></span> <span class='ocrx_word' id='word_1_53' title='bbox 1582 567 1683 625; x_wconf 84' lang='lat' dir='ltr'><strong>Paulus</strong></span> <span class='ocrx_word' id='word_1_54' title='bbox 1704 585 1769 640; x_wconf 89' lang='lat' dir='ltr'><strong>apo-</strong></span> 
     </span>
     <span class='ocr_line' id='line_1_5' title="bbox 133 652 1770 730; baseline 0.002 -18"><span class='ocrx_word' id='word_1_55' title='bbox 133 663 272 716; x_wconf 82' lang='lat' dir='ltr'><strong>mouetur,</strong></span> <span class='ocrx_word' id='word_1_56' title='bbox 286 666 337 708; x_wconf 86' lang='lat' dir='ltr'><strong>eur</strong></span> <span class='ocrx_word' id='word_1_57' title='bbox 351 652 522 723; x_wconf 87' lang='lat' dir='ltr'><strong>omnipotens</strong></span> <span class='ocrx_word' id='word_1_58' title='bbox 534 652 606 708; x_wconf 85' lang='lat' dir='ltr'><strong>Dens</strong></span> <span class='ocrx_word' id='word_1_59' title='bbox 619 667 683 718; x_wconf 83' lang='lat' dir='ltr'><strong>eos,</strong></span> <span class='ocrx_word' id='word_1_60' title='bbox 705 667 774 721; x_wconf 87' lang='lat' dir='ltr'><strong>quos</strong></span> <span class='ocrx_word' id='word_1_61' title='bbox 793 652 820 705; x_wconf 91' lang='lat' dir='ltr'><strong>in</strong></span> <span class='ocrx_word' id='word_1_62' title='bbox 832 665 928 720; x_wconf 89' lang='lat' dir='ltr'><strong>perpe-</strong></span> <span class='ocrx_word' id='word_1_63' title='bbox 979 654 1064 710; x_wconf 87' lang='lat' dir='ltr'><strong>stolus</strong></span> <span class='ocrx_word' id='word_1_64' title='bbox 1078 655 1169 710; x_wconf 79' lang='lat' dir='ltr'><strong>extolli</strong></span> <span class='ocrx_word' id='word_1_65' title='bbox 1192 656 1333 724; x_wconf 87' lang='lat' dir='ltr'><strong>potuisset,</strong></span> <span class='ocrx_word' id='word_1_66' title='bbox 1353 654 1403 726; x_wconf 92' lang='lat' dir='ltr'><strong>(ll</strong></span> <span class='ocrx_word' id='word_1_67' title='bbox 1420 653 1483 710; x_wconf 83' lang='lat' dir='ltr'><strong>Cor.</strong></span> <span class='ocrx_word' id='word_1_68' title='bbox 1501 672 1556 722; x_wconf 79' lang='lat' dir='ltr'><strong>su,</strong></span> <span class='ocrx_word' id='word_1_69' title='bbox 1571 657 1603 730; x_wconf 83' lang='lat' dir='ltr'><strong>l)</strong></span> <span class='ocrx_word' id='word_1_70' title='bbox 1618 659 1643 714; x_wconf 92' lang='lat' dir='ltr'><strong>ei</strong></span> <span class='ocrx_word' id='word_1_71' title='bbox 1661 658 1770 717; x_wconf 72' lang='lat' dir='ltr'><strong>Satanae</strong></span> 
     </span>
     <span class='ocr_line' id='line_1_6' title="bbox 134 743 1772 820; baseline 0.002 -18"><span class='ocrx_word' id='word_1_72' title='bbox 134 756 212 802; x_wconf 90' lang='lat' dir='ltr'><strong>tuum</strong></span> <span class='ocrx_word' id='word_1_73' title='bbox 225 745 324 816; x_wconf 76' lang='lat' dir='ltr'><strong>elegit,</strong></span> <span class='ocrx_word' id='word_1_74' title='bbox 339 759 408 813; x_wconf 88' lang='lat' dir='ltr'><strong>quos</strong></span> <span class='ocrx_word' id='word_1_75' title='bbox 420 745 454 799; x_wconf 91' lang='lat' dir='ltr'><strong>ad</strong></span> <span class='ocrx_word' id='word_1_76' title='bbox 475 745 608 800; x_wconf 89' lang='lat' dir='ltr'><strong>donorum</strong></span> <span class='ocrx_word' id='word_1_77' title='bbox 622 759 729 815; x_wconf 90' lang='lat' dir='ltr'><strong>quoqne</strong></span> <span class='ocrx_word' id='word_1_78' title='bbox 744 743 927 815; x_wconf 81' lang='lat' dir='ltr'><strong>spiritualium</strong></span> <span class='ocrx_word' id='word_1_79' title='bbox 978 745 1090 815; x_wconf 77' lang='lat' dir='ltr'><strong>angelus</strong></span> <span class='ocrx_word' id='word_1_80' title='bbox 1104 747 1182 802; x_wconf 87' lang='lat' dir='ltr'><strong>datus</strong></span> <span class='ocrx_word' id='word_1_81' title='bbox 1195 755 1255 801; x_wconf 88' lang='lat' dir='ltr'><strong>est:</strong></span> <span class='ocrx_word' id='word_1_82' title='bbox 1278 746 1327 801; x_wconf 91' lang='lat' dir='ltr'><strong>sed</strong></span> <span class='ocrx_word' id='word_1_83' title='bbox 1348 754 1379 801; x_wconf 93' lang='lat' dir='ltr'><strong>nt</strong></span> <span class='ocrx_word' id='word_1_84' title='bbox 1392 746 1498 816; x_wconf 79' lang='lat' dir='ltr'><strong>praelati</strong></span> <span class='ocrx_word' id='word_1_85' title='bbox 1514 763 1616 812; x_wconf 87' lang='lat' dir='ltr'><strong>sumus,</strong></span> <span class='ocrx_word' id='word_1_86' title='bbox 1640 749 1699 820; x_wconf 88' lang='lat' dir='ltr'><strong>ipsa</strong></span> <span class='ocrx_word' id='word_1_87' title='bbox 1719 750 1772 805; x_wconf 87' lang='lat' dir='ltr'><strong>hac</strong></span> 
     </span>
     <span class='ocr_line' id='line_1_7' title="bbox 134 833 1770 907; baseline -0.001 -12"><span class='ocrx_word' id='word_1_88' title='bbox 134 838 241 896; x_wconf 89' lang='lat' dir='ltr'><strong>culmen</strong></span> <span class='ocrx_word' id='word_1_89' title='bbox 265 836 395 900; x_wconf 75' lang='lat' dir='ltr'><strong>assumit,</strong></span> <span class='ocrx_word' id='word_1_90' title='bbox 418 836 516 892; x_wconf 73' lang='lat' dir='ltr'><strong>illaesos</strong></span> <span class='ocrx_word' id='word_1_91' title='bbox 535 851 551 891; x_wconf 91' lang='lat' dir='ltr'><strong>a</strong></span> <span class='ocrx_word' id='word_1_92' title='bbox 574 835 760 907; x_wconf 80' lang='lat' dir='ltr'><strong>corporalibus</strong></span> <span class='ocrx_word' id='word_1_93' title='bbox 778 836 852 891; x_wconf 81' lang='lat' dir='ltr'><strong>uitiis</strong></span> <span class='ocrx_word' id='word_1_94' title='bbox 873 851 927 891; x_wconf 91' lang='lat' dir='ltr'><strong>non</strong></span> <span class='ocrx_word' id='word_1_95' title='bbox 979 833 1128 889; x_wconf 83' lang='lat' dir='ltr'><strong>tentatione</strong></span> <span class='ocrx_word' id='word_1_96' title='bbox 1145 833 1307 903; x_wconf 84' lang='lat' dir='ltr'><strong>disponitur,</strong></span> <span class='ocrx_word' id='word_1_97' title='bbox 1321 840 1353 888; x_wconf 92' lang='lat' dir='ltr'><strong>ut</strong></span> <span class='ocrx_word' id='word_1_98' title='bbox 1366 834 1412 904; x_wconf 91' lang='lat' dir='ltr'><strong>qui</strong></span> <span class='ocrx_word' id='word_1_99' title='bbox 1432 834 1497 889; x_wconf 88' lang='lat' dir='ltr'><strong>elati</strong></span> <span class='ocrx_word' id='word_1_100' title='bbox 1519 837 1611 906; x_wconf 86' lang='lat' dir='ltr'><strong>perire</strong></span> <span class='ocrx_word' id='word_1_101' title='bbox 1628 847 1770 907; x_wconf 89' lang='lat' dir='ltr'><strong>poterant,</strong></span> 
     </span>
     <span class='ocr_line' id='line_1_8' title="bbox 134 922 1773 999; baseline 0.001 -16"><span class='ocrx_word' id='word_1_102' title='bbox 134 926 275 983; x_wconf 82' lang='lat' dir='ltr'><strong>cosuditt</strong></span> <span class='ocrx_word' id='word_1_103' title='bbox 292 926 369 982; x_wconf 90' lang='lat' dir='ltr'><strong>Unde</strong></span> <span class='ocrx_word' id='word_1_104' title='bbox 382 925 444 994; x_wconf 90' lang='lat' dir='ltr'><strong>qnia</strong></span> <span class='ocrx_word' id='word_1_105' title='bbox 459 924 585 981; x_wconf 88' lang='lat' dir='ltr'><strong>satisllcri</strong></span> <span class='ocrx_word' id='word_1_106' title='bbox 607 926 687 980; x_wconf 88' lang='lat' dir='ltr'><strong>citius</strong></span> <span class='ocrx_word' id='word_1_107' title='bbox 698 925 851 989; x_wconf 84' lang='lat' dir='ltr'><strong>credimus,</strong></span> <span class='ocrx_word' id='word_1_108' title='bbox 865 925 928 980; x_wconf 86' lang='lat' dir='ltr'><strong>bre·</strong></span> <span class='ocrx_word' id='word_1_109' title='bbox 979 922 1111 979; x_wconf 83' lang='lat' dir='ltr'><strong>humiliati</strong></span> <span class='ocrx_word' id='word_1_110' title='bbox 1123 938 1138 977; x_wconf 93' lang='lat' dir='ltr'><strong>a</strong></span> <span class='ocrx_word' id='word_1_111' title='bbox 1151 923 1303 992; x_wconf 83' lang='lat' dir='ltr'><strong>perditione</strong></span> <span class='ocrx_word' id='word_1_112' title='bbox 1314 933 1466 979; x_wconf 83' lang='lat' dir='ltr'><strong>seruentur.</strong></span> <span class='ocrx_word' id='word_1_113' title='bbox 1476 923 1588 981; x_wconf 86' lang='lat' dir='ltr'><strong>Secreto</strong></span> <span class='ocrx_word' id='word_1_114' title='bbox 1596 941 1661 998; x_wconf 85' lang='lat' dir='ltr'><strong>erqo</strong></span> <span class='ocrx_word' id='word_1_115' title='bbox 1668 928 1773 999; x_wconf 91' lang='lat' dir='ltr'><strong>dispen-</strong></span> 
     </span>
     <span class='ocr_line' id='line_1_9' title="bbox 133 1010 1772 1088; baseline 0 -14"><span class='ocrx_word' id='word_1_116' title='bbox 133 1021 205 1075; x_wconf 83' lang='lat' dir='ltr'><strong>m‘tcr</strong></span> <span class='ocrx_word' id='word_1_117' title='bbox 219 1016 566 1087; x_wconf 87' lang='lat' dir='ltr'><strong>respondemus,nonnulli</strong></span> <span class='ocrx_word' id='word_1_118' title='bbox 578 1019 651 1072; x_wconf 91' lang='lat' dir='ltr'><strong>enim</strong></span> <span class='ocrx_word' id='word_1_119' title='bbox 664 1032 714 1088; x_wconf 94' lang='lat' dir='ltr'><strong>per</strong></span> <span class='ocrx_word' id='word_1_120' title='bbox 727 1025 838 1086; x_wconf 90' lang='lat' dir='ltr'><strong>accepta</strong></span> <span class='ocrx_word' id='word_1_121' title='bbox 857 1017 928 1073; x_wconf 91' lang='lat' dir='ltr'><strong>dona</strong></span> <span class='ocrx_word' id='word_1_122' title='bbox 979 1010 1094 1067; x_wconf 87' lang='lat' dir='ltr'><strong>sationis</strong></span> <span class='ocrx_word' id='word_1_123' title='bbox 1115 1012 1220 1075; x_wconf 90' lang='lat' dir='ltr'><strong>ordine,</strong></span> <span class='ocrx_word' id='word_1_124' title='bbox 1245 1012 1317 1067; x_wconf 91' lang='lat' dir='ltr'><strong>unde</strong></span> <span class='ocrx_word' id='word_1_125' title='bbox 1337 1013 1433 1068; x_wconf 76' lang='lat' dir='ltr'><strong>sarire</strong></span> <span class='ocrx_word' id='word_1_126' title='bbox 1455 1015 1624 1084; x_wconf 90' lang='lat' dir='ltr'><strong>permittitur</strong></span> <span class='ocrx_word' id='word_1_127' title='bbox 1643 1017 1772 1087; x_wconf 87' lang='lat' dir='ltr'><strong>iniqnitas</strong></span> 
     </span>
     <span class='ocr_line' id='line_1_10' title="bbox 133 1102 1773 1178; baseline -0.001 -12"><span class='ocrx_word' id='word_1_128' title='bbox 133 1111 283 1170; x_wconf 79' lang='lat' dir='ltr'><strong>virtutum,</strong></span> <span class='ocrx_word' id='word_1_129' title='bbox 299 1122 349 1177; x_wconf 89' lang='lat' dir='ltr'><strong>per</strong></span> <span class='ocrx_word' id='word_1_130' title='bbox 370 1107 519 1178; x_wconf 89' lang='lat' dir='ltr'><strong>impensam</strong></span> <span class='ocrx_word' id='word_1_131' title='bbox 534 1107 650 1177; x_wconf 75' lang='lat' dir='ltr'><strong>gratiam</strong></span> <span class='ocrx_word' id='word_1_132' title='bbox 670 1107 801 1162; x_wconf 91' lang='lat' dir='ltr'><strong>honorum</strong></span> <span class='ocrx_word' id='word_1_133' title='bbox 816 1123 928 1177; x_wconf 87' lang='lat' dir='ltr'><strong>opernm</strong></span> <span class='ocrx_word' id='word_1_134' title='bbox 979 1102 1212 1174; x_wconf 89' lang='lat' dir='ltr'><strong>diaboli,indcpie</strong></span> <span class='ocrx_word' id='word_1_135' title='bbox 1225 1104 1526 1176; x_wconf 84' lang='lat' dir='ltr'><strong>perliciturbcniqnitas</strong></span> <span class='ocrx_word' id='word_1_136' title='bbox 1538 1107 1773 1177; x_wconf 81' lang='lat' dir='ltr'><strong>liei,quiaadner·</strong></span> 
     </span>
     <span class='ocr_line' id='line_1_11' title="bbox 132 1193 1773 1268; baseline 0 -14"><span class='ocrx_word' id='word_1_137' title='bbox 132 1199 161 1254; x_wconf 90' lang='lat' dir='ltr'><strong>in</strong></span> <span class='ocrx_word' id='word_1_138' title='bbox 175 1197 311 1266; x_wconf 68' lang='lat' dir='ltr'><strong>superbiae</strong></span> <span class='ocrx_word' id='word_1_139' title='bbox 326 1195 422 1250; x_wconf 79' lang='lat' dir='ltr'><strong>sitium</strong></span> <span class='ocrx_word' id='word_1_140' title='bbox 443 1197 560 1261; x_wconf 86' lang='lat' dir='ltr'><strong>cadunt;</strong></span> <span class='ocrx_word' id='word_1_141' title='bbox 582 1195 630 1251; x_wconf 89' lang='lat' dir='ltr'><strong>sed</strong></span> <span class='ocrx_word' id='word_1_142' title='bbox 652 1205 742 1250; x_wconf 87' lang='lat' dir='ltr'><strong>tamen</strong></span> <span class='ocrx_word' id='word_1_143' title='bbox 763 1196 778 1238; x_wconf 75' lang='lat' dir='ltr'><strong>b</strong></span> <span class='ocrx_word' id='word_1_144' title='bbox 795 1198 930 1266; x_wconf 89' lang='lat' dir='ltr'><strong>quomodo</strong></span> <span class='ocrx_word' id='word_1_145' title='bbox 979 1193 1070 1248; x_wconf 83' lang='lat' dir='ltr'><strong>sarius</strong></span> <span class='ocrx_word' id='word_1_146' title='bbox 1082 1203 1174 1249; x_wconf 91' lang='lat' dir='ltr'><strong>noster</strong></span> <span class='ocrx_word' id='word_1_147' title='bbox 1191 1193 1255 1249; x_wconf 90' lang='lat' dir='ltr'><strong>inde</strong></span> <span class='ocrx_word' id='word_1_148' title='bbox 1265 1194 1434 1266; x_wconf 88' lang='lat' dir='ltr'><strong>obtemperat</strong></span> <span class='ocrx_word' id='word_1_149' title='bbox 1446 1197 1557 1253; x_wconf 90' lang='lat' dir='ltr'><strong>nutibus</strong></span> <span class='ocrx_word' id='word_1_150' title='bbox 1574 1212 1698 1268; x_wconf 81' lang='lat' dir='ltr'><strong>supernae</strong></span> <span class='ocrx_word' id='word_1_151' title='bbox 1712 1213 1773 1267; x_wconf 75' lang='lat' dir='ltr'><strong>gra-</strong></span> 
     </span>
     <span class='ocr_line' id='line_1_12' title="bbox 133 1285 1771 1357; baseline 0.001 -12"><span class='ocrx_word' id='word_1_152' title='bbox 133 1289 302 1353; x_wconf 85' lang='lat' dir='ltr'><strong>ceeiderunt,</strong></span> <span class='ocrx_word' id='word_1_153' title='bbox 316 1301 371 1341; x_wconf 89' lang='lat' dir='ltr'><strong>non</strong></span> <span class='ocrx_word' id='word_1_154' title='bbox 382 1297 542 1357; x_wconf 83' lang='lat' dir='ltr'><strong>aquoscunt.</strong></span> <span class='ocrx_word' id='word_1_155' title='bbox 553 1286 671 1342; x_wconf 80' lang='lat' dir='ltr'><strong>Proinde</strong></span> <span class='ocrx_word' id='word_1_156' title='bbox 682 1297 777 1343; x_wconf 90' lang='lat' dir='ltr'><strong>contra</strong></span> <span class='ocrx_word' id='word_1_157' title='bbox 788 1289 929 1345; x_wconf 90' lang='lat' dir='ltr'><strong>cosbostis</strong></span> <span class='ocrx_word' id='word_1_158' title='bbox 979 1285 1033 1349; x_wconf 76' lang='lat' dir='ltr'><strong>tiu,</strong></span> <span class='ocrx_word' id='word_1_159' title='bbox 1047 1286 1118 1340; x_wconf 88' lang='lat' dir='ltr'><strong>uude</strong></span> <span class='ocrx_word' id='word_1_160' title='bbox 1133 1295 1259 1341; x_wconf 84' lang='lat' dir='ltr'><strong>exerceat</strong></span> <span class='ocrx_word' id='word_1_161' title='bbox 1276 1286 1343 1341; x_wconf 89' lang='lat' dir='ltr'><strong>iram</strong></span> <span class='ocrx_word' id='word_1_162' title='bbox 1358 1288 1531 1357; x_wconf 73' lang='lat' dir='ltr'><strong>nequissima</strong></span> <span class='ocrx_word' id='word_1_163' title='bbox 1545 1289 1691 1346; x_wconf 82' lang='lat' dir='ltr'><strong>uoluntatis</strong></span> <span class='ocrx_word' id='word_1_164' title='bbox 1704 1305 1771 1347; x_wconf 82' lang='lat' dir='ltr'><strong>suae.</strong></span> 
     </span>
     <span class='ocr_line' id='line_1_13' title="bbox 134 1375 1774 1452; baseline 0.004 -14"><span class='ocrx_word' id='word_1_165' title='bbox 134 1382 274 1452; x_wconf 86' lang='lat' dir='ltr'><strong>antiquus,</strong></span> <span class='ocrx_word' id='word_1_166' title='bbox 287 1381 333 1450; x_wconf 91' lang='lat' dir='ltr'><strong>qui</strong></span> <span class='ocrx_word' id='word_1_167' title='bbox 344 1381 401 1451; x_wconf 84' lang='lat' dir='ltr'><strong>jam</strong></span> <span class='ocrx_word' id='word_1_168' title='bbox 416 1380 531 1436; x_wconf 89' lang='lat' dir='ltr'><strong>interius</strong></span> <span class='ocrx_word' id='word_1_169' title='bbox 540 1380 706 1446; x_wconf 88' lang='lat' dir='ltr'><strong>dominatur,</strong></span> <span class='ocrx_word' id='word_1_170' title='bbox 717 1381 837 1436; x_wconf 86' lang='lat' dir='ltr'><strong>exterius</strong></span> <span class='ocrx_word' id='word_1_171' title='bbox 847 1380 942 1436; x_wconf 88' lang='lat' dir='ltr'><strong>etiam</strong></span> <span class='ocrx_word' id='word_1_172' title='bbox 1016 1375 1092 1450; x_wconf 74' lang='lat' dir='ltr'><strong>(Cup.</strong></span> <span class='ocrx_word' id='word_1_173' title='bbox 1107 1377 1150 1441; x_wconf 75' lang='lat'><strong>¹2,</strong></span> <span class='ocrx_word' id='word_1_174' title='bbox 1165 1393 1231 1432; x_wconf 73' lang='lat' dir='ltr'><strong>tett-</strong></span> <span class='ocrx_word' id='word_1_175' title='bbox 1253 1378 1292 1448; x_wconf 59' lang='lat' dir='ltr'><strong>l)</strong></span> <span class='ocrx_word' id='word_1_176' title='bbox 1314 1378 1362 1433; x_wconf 76' lang='lat' dir='ltr'><strong>His</strong></span> <span class='ocrx_word' id='word_1_177' title='bbox 1376 1379 1413 1433; x_wconf 68' lang='lat' dir='ltr'><strong>lli</strong></span> <span class='ocrx_word' id='word_1_178' title='bbox 1427 1380 1528 1450; x_wconf 65' lang='lat' dir='ltr'><strong>testis,</strong></span> <span class='ocrx_word' id='word_1_179' title='bbox 1553 1382 1628 1435; x_wconf 74' lang='lat' dir='ltr'><strong>misit</strong></span> <span class='ocrx_word' id='word_1_180' title='bbox 1641 1383 1774 1439; x_wconf 81' lang='lat' dir='ltr'><strong>liominus</strong></span> 
     </span>
     <span class='ocr_line' id='line_1_14' title="bbox 135 1465 1774 1542; baseline 0 -14"><span class='ocrx_word' id='word_1_181' title='bbox 135 1473 234 1529; x_wconf 81' lang='lat' dir='ltr'><strong>saevire</strong></span> <span class='ocrx_word' id='word_1_182' title='bbox 249 1471 431 1542; x_wconf 86' lang='lat' dir='ltr'><strong>pemrittitnr,</strong></span> <span class='ocrx_word' id='word_1_183' title='bbox 452 1470 542 1541; x_wconf 91' lang='lat' dir='ltr'><strong>utqui</strong></span> <span class='ocrx_word' id='word_1_184' title='bbox 561 1471 587 1525; x_wconf 92' lang='lat' dir='ltr'><strong>in</strong></span> <span class='ocrx_word' id='word_1_185' title='bbox 601 1470 765 1542; x_wconf 71' lang='lat' dir='ltr'><strong>cogitatione</strong></span> <span class='ocrx_word' id='word_1_186' title='bbox 777 1471 839 1526; x_wconf 91' lang='lat' dir='ltr'><strong>clati</strong></span> <span class='ocrx_word' id='word_1_187' title='bbox 856 1480 928 1536; x_wconf 90' lang='lat' dir='ltr'><strong>sunt,</strong></span> <span class='ocrx_word' id='word_1_188' title='bbox 980 1465 1086 1521; x_wconf 84' lang='lat' dir='ltr'><strong>Nathan</strong></span> <span class='ocrx_word' id='word_1_189' title='bbox 1099 1466 1132 1520; x_wconf 92' lang='lat' dir='ltr'><strong>ad</strong></span> <span class='ocrx_word' id='word_1_190' title='bbox 1146 1466 1240 1521; x_wconf 80' lang='lat' dir='ltr'><strong>Dauid.</strong></span> <span class='ocrx_word' id='word_1_191' title='bbox 1255 1466 1370 1522; x_wconf 85' lang='lat' dir='ltr'><strong>Veniens</strong></span> <span class='ocrx_word' id='word_1_192' title='bbox 1380 1465 1485 1522; x_wconf 80' lang='lat' dir='ltr'><strong>Nathan</strong></span> <span class='ocrx_word' id='word_1_193' title='bbox 1496 1472 1637 1539; x_wconf 90' lang='lat' dir='ltr'><strong>proposuit</strong></span> <span class='ocrx_word' id='word_1_194' title='bbox 1649 1470 1774 1529; x_wconf 88' lang='lat' dir='ltr'><strong>similitu·</strong></span> 
     </span>
     <span class='ocr_line' id='line_1_15' title="bbox 134 1558 1773 1632; baseline 0.001 -16"><span class='ocrx_word' id='word_1_195' title='bbox 134 1577 185 1632; x_wconf 92' lang='lat' dir='ltr'><strong>per</strong></span> <span class='ocrx_word' id='word_1_196' title='bbox 205 1560 297 1616; x_wconf 89' lang='lat' dir='ltr'><strong>carnis</strong></span> <span class='ocrx_word' id='word_1_197' title='bbox 310 1559 445 1614; x_wconf 82' lang='lat' dir='ltr'><strong>luxuriam</strong></span> <span class='ocrx_word' id='word_1_198' title='bbox 465 1566 680 1630; x_wconf 85' lang='lat' dir='ltr'><strong>prosternantur.</strong></span> <span class='ocrx_word' id='word_1_199' title='bbox 707 1560 815 1617; x_wconf 83' lang='lat' dir='ltr'><strong>Scimus</strong></span> <span class='ocrx_word' id='word_1_200' title='bbox 837 1570 929 1616; x_wconf 89' lang='lat' dir='ltr'><strong>antem</strong></span> <span class='ocrx_word' id='word_1_201' title='bbox 980 1558 1070 1613; x_wconf 89' lang='lat' dir='ltr'><strong>dinem</strong></span> <span class='ocrx_word' id='word_1_202' title='bbox 1087 1558 1121 1613; x_wconf 88' lang='lat' dir='ltr'><strong>dc</strong></span> <span class='ocrx_word' id='word_1_203' title='bbox 1142 1558 1226 1613; x_wconf 80' lang='lat' dir='ltr'><strong>diuite</strong></span> <span class='ocrx_word' id='word_1_204' title='bbox 1248 1566 1276 1612; x_wconf 91' lang='lat' dir='ltr'><strong>et</strong></span> <span class='ocrx_word' id='word_1_205' title='bbox 1297 1573 1416 1628; x_wconf 90' lang='lat' dir='ltr'><strong>paupere</strong></span> <span class='ocrx_word' id='word_1_206' title='bbox 1439 1578 1445 1612; x_wconf 94' lang='lat'>:</span> <span class='ocrx_word' id='word_1_207' title='bbox 1466 1558 1539 1614; x_wconf 79' lang='lat' dir='ltr'><strong>Unus</strong></span> <span class='ocrx_word' id='word_1_208' title='bbox 1554 1561 1652 1615; x_wconf 85' lang='lat' dir='ltr'><strong>iubens</strong></span> <span class='ocrx_word' id='word_1_209' title='bbox 1665 1577 1733 1626; x_wconf 73' lang='lat' dir='ltr'><strong>oua,</strong></span> <span class='ocrx_word' id='word_1_210' title='bbox 1747 1572 1773 1617; x_wconf 84' lang='lat' dir='ltr'><strong>et</strong></span> 
     </span>
     <span class='ocr_line' id='line_1_16' title="bbox 135 1646 1773 1723; baseline 0 -19"><span class='ocrx_word' id='word_1_211' title='bbox 135 1652 200 1721; x_wconf 89' lang='lat' dir='ltr'><strong>qnia</strong></span> <span class='ocrx_word' id='word_1_212' title='bbox 214 1649 358 1720; x_wconf 88' lang='lat' dir='ltr'><strong>aliquando</strong></span> <span class='ocrx_word' id='word_1_213' title='bbox 379 1649 468 1705; x_wconf 90' lang='lat' dir='ltr'><strong>minus</strong></span> <span class='ocrx_word' id='word_1_214' title='bbox 483 1658 524 1705; x_wconf 86' lang='lat' dir='ltr'><strong>est</strong></span> <span class='ocrx_word' id='word_1_215' title='bbox 543 1652 570 1704; x_wconf 92' lang='lat' dir='ltr'><strong>iu</strong></span> <span class='ocrx_word' id='word_1_216' title='bbox 591 1652 713 1720; x_wconf 87' lang='lat' dir='ltr'><strong>corporis</strong></span> <span class='ocrx_word' id='word_1_217' title='bbox 726 1653 928 1723; x_wconf 73' lang='lat' dir='ltr'><strong>corruptionem</strong></span> <span class='ocrx_word' id='word_1_218' title='bbox 982 1647 1072 1714; x_wconf 81' lang='lat' dir='ltr'><strong>bacea,</strong></span> <span class='ocrx_word' id='word_1_219' title='bbox 1095 1648 1163 1702; x_wconf 84' lang='lat' dir='ltr'><strong>ulter</strong></span> <span class='ocrx_word' id='word_1_220' title='bbox 1178 1646 1359 1705; x_wconf 83' lang='lat' dir='ltr'><strong>tantummodo</strong></span> <span class='ocrx_word' id='word_1_221' title='bbox 1383 1664 1454 1702; x_wconf 87' lang='lat' dir='ltr'><strong>ocem</strong></span> <span class='ocrx_word' id='word_1_222' title='bbox 1480 1663 1581 1702; x_wconf 86' lang='lat' dir='ltr'><strong>unum:</strong></span> <span class='ocrx_word' id='word_1_223' title='bbox 1604 1649 1672 1703; x_wconf 82' lang='lat' dir='ltr'><strong>huuc</strong></span> <span class='ocrx_word' id='word_1_224' title='bbox 1692 1666 1773 1704; x_wconf 85' lang='lat' dir='ltr'><strong>unum</strong></span> 
     </span>
     <span class='ocr_line' id='line_1_17' title="bbox 135 1719 1772 1812; baseline -0.001 -16"><span class='ocrx_word' id='word_1_225' title='bbox 135 1741 244 1806; x_wconf 85' lang='lat' dir='ltr'><strong>eadere,</strong></span> <span class='ocrx_word' id='word_1_226' title='bbox 262 1755 342 1810; x_wconf 80' lang='lat' dir='ltr'><strong>quam</strong></span> <span class='ocrx_word' id='word_1_227' title='bbox 356 1741 520 1812; x_wconf 78' lang='lat' dir='ltr'><strong>cogitatione</strong></span> <span class='ocrx_word' id='word_1_228' title='bbox 536 1742 635 1807; x_wconf 85' lang='lat' dir='ltr'><strong>tacita,</strong></span> <span class='ocrx_word' id='word_1_229' title='bbox 658 1749 686 1797; x_wconf 85' lang='lat' dir='ltr'><strong>et</strong></span> <span class='ocrx_word' id='word_1_230' title='bbox 703 1744 852 1801; x_wconf 84' lang='lat' dir='ltr'><strong>deliberata</strong></span> <span class='ocrx_word' id='word_1_231' title='bbox 873 1746 929 1801; x_wconf 89' lang='lat' dir='ltr'><strong>ela·</strong></span> <span class='ocrx_word' id='word_1_232' title='bbox 945 1719 967 1776; x_wconf 76' lang='grc' dir='ltr'><em>Β</em></span> <span class='ocrx_word' id='word_1_233' title='bbox 981 1756 1054 1793; x_wconf 85' lang='lat' dir='ltr'><strong>ouem</strong></span> <span class='ocrx_word' id='word_1_234' title='bbox 1064 1740 1187 1809; x_wconf 79' lang='lat' dir='ltr'><strong>portpera&#39;s</strong></span> <span class='ocrx_word' id='word_1_235' title='bbox 1200 1738 1259 1792; x_wconf 87' lang='lat' dir='ltr'><strong>tulit</strong></span> <span class='ocrx_word' id='word_1_236' title='bbox 1268 1739 1350 1794; x_wconf 78' lang='lat' dir='ltr'><strong>dices.</strong></span> <span class='ocrx_word' id='word_1_237' title='bbox 1361 1738 1460 1793; x_wconf 81' lang='lat' dir='ltr'><strong>Audito</strong></span> <span class='ocrx_word' id='word_1_238' title='bbox 1475 1739 1560 1794; x_wconf 77' lang='lat' dir='ltr'><strong>Dorici</strong></span> <span class='ocrx_word' id='word_1_239' title='bbox 1570 1740 1722 1809; x_wconf 82' lang='lat' dir='ltr'><strong>indiqnntns</strong></span> <span class='ocrx_word' id='word_1_240' title='bbox 1735 1741 1772 1794; x_wconf 87' lang='lat' dir='ltr'><strong>ait</strong></span> 
     </span>
     <span class='ocr_line' id='line_1_18' title="bbox 136 1829 1772 1904; baseline -0.002 -16"><span class='ocrx_word' id='word_1_241' title='bbox 136 1833 210 1888; x_wconf 84' lang='lat' dir='ltr'><strong>tione</strong></span> <span class='ocrx_word' id='word_1_242' title='bbox 222 1847 353 1902; x_wconf 86' lang='lat' dir='ltr'><strong>peccare:</strong></span> <span class='ocrx_word' id='word_1_243' title='bbox 368 1832 416 1887; x_wconf 87' lang='lat' dir='ltr'><strong>sed</strong></span> <span class='ocrx_word' id='word_1_244' title='bbox 429 1848 490 1887; x_wconf 88' lang='lat' dir='ltr'><strong>cum</strong></span> <span class='ocrx_word' id='word_1_245' title='bbox 503 1834 593 1889; x_wconf 88' lang='lat' dir='ltr'><strong>minus</strong></span> <span class='ocrx_word' id='word_1_246' title='bbox 605 1834 690 1904; x_wconf 87' lang='lat' dir='ltr'><strong>turpis</strong></span> <span class='ocrx_word' id='word_1_247' title='bbox 701 1835 826 1903; x_wconf 84' lang='lat' dir='ltr'><strong>superbia</strong></span> <span class='ocrx_word' id='word_1_248' title='bbox 841 1836 929 1892; x_wconf 86' lang='lat' dir='ltr'><strong>credi·</strong></span> <span class='ocrx_word' id='word_1_249' title='bbox 979 1831 1105 1884; x_wconf 79' lang='lat' dir='ltr'><strong>aduersus</strong></span> <span class='ocrx_word' id='word_1_250' title='bbox 1118 1831 1250 1885; x_wconf 82' lang='lat' dir='ltr'><strong>bominem</strong></span> <span class='ocrx_word' id='word_1_251' title='bbox 1263 1830 1337 1884; x_wconf 86' lang='lat' dir='ltr'><strong>iilum</strong></span> <span class='ocrx_word' id='word_1_252' title='bbox 1350 1845 1360 1884; x_wconf 90' lang='lat'>:</span> <span class='ocrx_word' id='word_1_253' title='bbox 1374 1829 1441 1885; x_wconf 83' lang='lat' dir='ltr'><strong>Viuit</strong></span> <span class='ocrx_word' id='word_1_254' title='bbox 1455 1830 1586 1885; x_wconf 78' lang='lat' dir='ltr'><strong>Dominus</strong></span> <span class='ocrx_word' id='word_1_255' title='bbox 1600 1831 1724 1902; x_wconf 86' lang='lat' dir='ltr'><strong>quonium</strong></span> <span class='ocrx_word' id='word_1_256' title='bbox 1737 1832 1772 1894; x_wconf 80' lang='lat' dir='ltr'><strong>ti·</strong></span> 
     </span>
     <span class='ocr_line' id='line_1_19' title="bbox 136 1921 1773 2003; baseline 0 -25"><span class='ocrx_word' id='word_1_257' title='bbox 136 1931 190 1988; x_wconf 85' lang='lat' dir='ltr'><strong>tur,</strong></span> <span class='ocrx_word' id='word_1_258' title='bbox 205 1924 295 1978; x_wconf 88' lang='lat' dir='ltr'><strong>minus</strong></span> <span class='ocrx_word' id='word_1_259' title='bbox 306 1923 419 1978; x_wconf 84' lang='lat' dir='ltr'><strong>vitatur.</strong></span> <span class='ocrx_word' id='word_1_260' title='bbox 433 1922 580 1978; x_wconf 78' lang='lat' dir='ltr'><strong>luxuriam</strong></span> <span class='ocrx_word' id='word_1_261' title='bbox 592 1936 699 1980; x_wconf 82' lang='lat' dir='ltr'><strong>verueo</strong></span> <span class='ocrx_word' id='word_1_262' title='bbox 712 1925 928 2003; x_wconf 84' lang='lat' dir='ltr'><strong>maqisernbes·</strong></span> <span class='ocrx_word' id='word_1_263' title='bbox 979 1922 1030 1977; x_wconf 82' lang='lat' dir='ltr'><strong>lius</strong></span> <span class='ocrx_word' id='word_1_264' title='bbox 1043 1922 1134 1976; x_wconf 79' lang='lat' dir='ltr'><strong>mortis</strong></span> <span class='ocrx_word' id='word_1_265' title='bbox 1147 1932 1185 1976; x_wconf 83' lang='lat' dir='ltr'><strong>eat</strong></span> <span class='ocrx_word' id='word_1_266' title='bbox 1197 1922 1237 1976; x_wconf 81' lang='lat' dir='ltr'><strong>uir</strong></span> <span class='ocrx_word' id='word_1_267' title='bbox 1252 1923 1297 1993; x_wconf 88' lang='lat' dir='ltr'><strong>qui</strong></span> <span class='ocrx_word' id='word_1_268' title='bbox 1311 1922 1373 1993; x_wconf 76' lang='lat' dir='ltr'><strong>fecit</strong></span> <span class='ocrx_word' id='word_1_269' title='bbox 1391 1922 1450 1977; x_wconf 84' lang='lat' dir='ltr'><strong>boc.</strong></span> <span class='ocrx_word' id='word_1_270' title='bbox 1472 1921 1545 1977; x_wconf 77' lang='lat' dir='ltr'><strong>llicit</strong></span> <span class='ocrx_word' id='word_1_271' title='bbox 1561 1932 1648 1977; x_wconf 85' lang='lat' dir='ltr'><strong>nutem</strong></span> <span class='ocrx_word' id='word_1_272' title='bbox 1663 1921 1773 1978; x_wconf 79' lang='lat' dir='ltr'><strong>Nathan</strong></span> 
     </span>
     <span class='ocr_line' id='line_1_20' title="bbox 136 2013 1771 2083; baseline 0.001 -15"><span class='ocrx_word' id='word_1_273' title='bbox 136 2020 201 2068; x_wconf 82' lang='lat' dir='ltr'><strong>cnut</strong></span> <span class='ocrx_word' id='word_1_274' title='bbox 214 2013 353 2079; x_wconf 87' lang='lat' dir='ltr'><strong>homines,</strong></span> <span class='ocrx_word' id='word_1_275' title='bbox 377 2028 431 2083; x_wconf 91' lang='lat' dir='ltr'><strong>quo</strong></span> <span class='ocrx_word' id='word_1_276' title='bbox 444 2013 522 2068; x_wconf 90' lang='lat' dir='ltr'><strong>simul</strong></span> <span class='ocrx_word' id='word_1_277' title='bbox 540 2029 635 2068; x_wconf 86' lang='lat' dir='ltr'><strong>omnes</strong></span> <span class='ocrx_word' id='word_1_278' title='bbox 656 2023 760 2083; x_wconf 89' lang='lat' dir='ltr'><strong>turpem</strong></span> <span class='ocrx_word' id='word_1_279' title='bbox 783 2023 926 2071; x_wconf 81' lang='lat' dir='ltr'><strong>noverunt.</strong></span> <span class='ocrx_word' id='word_1_280' title='bbox 978 2014 1014 2070; x_wconf 79' lang='lat' dir='ltr'><strong>od</strong></span> <span class='ocrx_word' id='word_1_281' title='bbox 1030 2013 1114 2069; x_wconf 81' lang='lat' dir='ltr'><strong>Dauid</strong></span> <span class='ocrx_word' id='word_1_282' title='bbox 1123 2032 1132 2068; x_wconf 94' lang='lat'><em>:</em></span> <span class='ocrx_word' id='word_1_283' title='bbox 1148 2024 1176 2068; x_wconf 86' lang='lat' dir='ltr'><strong>tn</strong></span> <span class='ocrx_word' id='word_1_284' title='bbox 1191 2031 1217 2069; x_wconf 83' lang='lat' dir='ltr'><strong>es</strong></span> <span class='ocrx_word' id='word_1_285' title='bbox 1230 2014 1275 2069; x_wconf 83' lang='lat' dir='ltr'><strong>itis</strong></span> <span class='ocrx_word' id='word_1_286' title='bbox 1286 2016 1335 2069; x_wconf 83' lang='lat' dir='ltr'><strong>air.</strong></span> <span class='ocrx_word' id='word_1_287' title='bbox 1349 2014 1385 2070; x_wconf 82' lang='lat' dir='ltr'><strong>Et</strong></span> <span class='ocrx_word' id='word_1_288' title='bbox 1399 2015 1467 2069; x_wconf 78' lang='lat' dir='ltr'><strong>dicit</strong></span> <span class='ocrx_word' id='word_1_289' title='bbox 1483 2014 1569 2069; x_wconf 81' lang='lat' dir='ltr'><strong>Dauid</strong></span> <span class='ocrx_word' id='word_1_290' title='bbox 1586 2015 1621 2068; x_wconf 83' lang='lat' dir='ltr'><strong>nd</strong></span> <span class='ocrx_word' id='word_1_291' title='bbox 1640 2013 1771 2070; x_wconf 78' lang='lat' dir='ltr'><strong>Notion:</strong></span> 
     </span>
     <span class='ocr_line' id='line_1_21' title="bbox 137 2102 1771 2178; baseline -0.001 -18"><span class='ocrx_word' id='word_1_292' title='bbox 137 2104 213 2160; x_wconf 89' lang='lat' dir='ltr'><strong>Unde</strong></span> <span class='ocrx_word' id='word_1_293' title='bbox 227 2102 257 2157; x_wconf 84' lang='lat' dir='ltr'><strong>lit</strong></span> <span class='ocrx_word' id='word_1_294' title='bbox 267 2104 442 2174; x_wconf 87' lang='lat' dir='ltr'><strong>plerumque,</strong></span> <span class='ocrx_word' id='word_1_295' title='bbox 462 2114 491 2158; x_wconf 94' lang='lat' dir='ltr'><strong>ut</strong></span> <span class='ocrx_word' id='word_1_296' title='bbox 505 2104 624 2160; x_wconf 92' lang='lat' dir='ltr'><strong>uonnnlli</strong></span> <span class='ocrx_word' id='word_1_297' title='bbox 642 2115 704 2175; x_wconf 90' lang='lat' dir='ltr'><strong>post</strong></span> <span class='ocrx_word' id='word_1_298' title='bbox 724 2105 879 2176; x_wconf 86' lang='lat' dir='ltr'><strong>snperbiam</strong></span> <span class='ocrx_word' id='word_1_299' title='bbox 901 2109 927 2163; x_wconf 94' lang='lat' dir='ltr'><strong>in</strong></span> <span class='ocrx_word' id='word_1_300' title='bbox 978 2107 1082 2178; x_wconf 63' lang='lat' dir='ltr'><strong>mosaci</strong></span> <span class='ocrx_word' id='word_1_301' title='bbox 1096 2106 1228 2160; x_wconf 81' lang='lat' dir='ltr'><strong>Domino:</strong></span> <span class='ocrx_word' id='word_1_302' title='bbox 1245 2106 1362 2176; x_wconf 72' lang='lat' dir='ltr'><strong>dixitque</strong></span> <span class='ocrx_word' id='word_1_303' title='bbox 1378 2103 1488 2161; x_wconf 81' lang='lat' dir='ltr'><strong>Notion</strong></span> <span class='ocrx_word' id='word_1_304' title='bbox 1502 2104 1537 2159; x_wconf 86' lang='lat' dir='ltr'><strong>od</strong></span> <span class='ocrx_word' id='word_1_305' title='bbox 1550 2104 1657 2160; x_wconf 81' lang='lat' dir='ltr'><strong>Dauid:</strong></span> <span class='ocrx_word' id='word_1_306' title='bbox 1678 2103 1771 2159; x_wconf 88' lang='lat' dir='ltr'><strong>Domi-</strong></span> 
     </span>
     <span class='ocr_line' id='line_1_22' title="bbox 136 2195 1771 2271; baseline 0 -22"><span class='ocrx_word' id='word_1_307' title='bbox 136 2195 271 2251; x_wconf 81' lang='lat' dir='ltr'><strong>luxnriam</strong></span> <span class='ocrx_word' id='word_1_308' title='bbox 283 2204 453 2258; x_wconf 82' lang='lat' dir='ltr'><strong>corruentes,</strong></span> <span class='ocrx_word' id='word_1_309' title='bbox 477 2210 509 2250; x_wconf 81' lang='lat' dir='ltr'><strong>ex</strong></span> <span class='ocrx_word' id='word_1_310' title='bbox 533 2203 626 2265; x_wconf 85' lang='lat' dir='ltr'><strong>aperto</strong></span> <span class='ocrx_word' id='word_1_311' title='bbox 648 2212 712 2251; x_wconf 87' lang='lat' dir='ltr'><strong>casn</strong></span> <span class='ocrx_word' id='word_1_312' title='bbox 731 2199 830 2253; x_wconf 89' lang='lat' dir='ltr'><strong>malum</strong></span> <span class='ocrx_word' id='word_1_313' title='bbox 844 2200 929 2271; x_wconf 64' lang='lat' dir='ltr'><strong>cnlpae</strong></span> <span class='ocrx_word' id='word_1_314' title='bbox 979 2214 1029 2252; x_wconf 84' lang='lat' dir='ltr'><strong>nus</strong></span> <span class='ocrx_word' id='word_1_315' title='bbox 1049 2213 1150 2268; x_wconf 84' lang='lat' dir='ltr'><strong>quoque</strong></span> <span class='ocrx_word' id='word_1_316' title='bbox 1163 2196 1297 2251; x_wconf 82' lang='lat' dir='ltr'><strong>transtulit</strong></span> <span class='ocrx_word' id='word_1_317' title='bbox 1312 2205 1448 2267; x_wconf 82' lang='lat' dir='ltr'><strong>peccatum</strong></span> <span class='ocrx_word' id='word_1_318' title='bbox 1463 2206 1548 2262; x_wconf 85' lang='lat' dir='ltr'><strong>tuum,</strong></span> <span class='ocrx_word' id='word_1_319' title='bbox 1572 2212 1624 2249; x_wconf 85' lang='lat' dir='ltr'><strong>nou</strong></span> <span class='ocrx_word' id='word_1_320' title='bbox 1642 2196 1771 2250; x_wconf 69' lang='lat' dir='ltr'><strong>nuenario.</strong></span> 
     </span>
     <span class='ocr_line' id='line_1_23' title="bbox 136 2284 1774 2360; baseline 0.003 -22"><span class='ocrx_word' id='word_1_321' title='bbox 136 2284 246 2340; x_wconf 87' lang='lat' dir='ltr'><strong>latentis</strong></span> <span class='ocrx_word' id='word_1_322' title='bbox 260 2287 437 2341; x_wconf 84' lang='lat' dir='ltr'><strong>erubescant:</strong></span> <span class='ocrx_word' id='word_1_323' title='bbox 452 2295 480 2340; x_wconf 89' lang='lat' dir='ltr'><strong>et</strong></span> <span class='ocrx_word' id='word_1_324' title='bbox 494 2295 558 2341; x_wconf 92' lang='lat' dir='ltr'><strong>tnnc</strong></span> <span class='ocrx_word' id='word_1_325' title='bbox 571 2287 652 2341; x_wconf 89' lang='lat' dir='ltr'><strong>etiam</strong></span> <span class='ocrx_word' id='word_1_326' title='bbox 664 2287 766 2354; x_wconf 85' lang='lat' dir='ltr'><strong>majora</strong></span> <span class='ocrx_word' id='word_1_327' title='bbox 777 2291 926 2360; x_wconf 76' lang='lat' dir='ltr'><strong>corrigunt,</strong></span> <span class='ocrx_word' id='word_1_328' title='bbox 982 2286 1047 2342; x_wconf 74' lang='lat' dir='ltr'><strong>usi</strong></span> <span class='ocrx_word' id='word_1_329' title='bbox 1058 2298 1199 2357; x_wconf 88' lang='lat' dir='ltr'><strong>peccatum</strong></span> <span class='ocrx_word' id='word_1_330' title='bbox 1208 2287 1292 2342; x_wconf 86' lang='lat' dir='ltr'><strong>Dauid</strong></span> <span class='ocrx_word' id='word_1_331' title='bbox 1304 2295 1357 2340; x_wconf 92' lang='lat' dir='ltr'><strong>tam</strong></span> <span class='ocrx_word' id='word_1_332' title='bbox 1371 2285 1530 2342; x_wconf 86' lang='lat' dir='ltr'><strong>detestabile</strong></span> <span class='ocrx_word' id='word_1_333' title='bbox 1544 2286 1675 2342; x_wconf 81' lang='lat' dir='ltr'><strong>Dominus</strong></span> <span class='ocrx_word' id='word_1_334' title='bbox 1686 2295 1774 2343; x_wconf 88' lang='lat' dir='ltr'><strong>truns-</strong></span> 
     </span>
     <span class='ocr_line' id='line_1_24' title="bbox 136 2375 1774 2447; baseline 0.001 -16"><span class='ocrx_word' id='word_1_335' title='bbox 136 2393 198 2432; x_wconf 91' lang='lat' dir='ltr'><strong>cnm</strong></span> <span class='ocrx_word' id='word_1_336' title='bbox 210 2377 339 2447; x_wconf 88' lang='lat' dir='ltr'><strong>prostrati</strong></span> <span class='ocrx_word' id='word_1_337' title='bbox 353 2378 380 2430; x_wconf 91' lang='lat' dir='ltr'><strong>in</strong></span> <span class='ocrx_word' id='word_1_338' title='bbox 390 2376 510 2431; x_wconf 86' lang='lat' dir='ltr'><strong>minimis</strong></span> <span class='ocrx_word' id='word_1_339' title='bbox 520 2376 856 2446; x_wconf 74' lang='lat' dir='ltr'><strong>graniusoonlunduutur:</strong></span> <span class='ocrx_word' id='word_1_340' title='bbox 869 2395 930 2436; x_wconf 84' lang='lat' dir='ltr'><strong>reos</strong></span> <span class='ocrx_word' id='word_1_341' title='bbox 979 2375 1051 2439; x_wconf 93' lang='lat' dir='ltr'><strong>tulit,</strong></span> <span class='ocrx_word' id='word_1_342' title='bbox 1066 2377 1188 2445; x_wconf 88' lang='lat' dir='ltr'><strong>quidest</strong></span> <span class='ocrx_word' id='word_1_343' title='bbox 1204 2377 1275 2446; x_wconf 91' lang='lat' dir='ltr'><strong>quod</strong></span> <span class='ocrx_word' id='word_1_344' title='bbox 1293 2376 1384 2431; x_wconf 76' lang='lat' dir='ltr'><strong>omitia</strong></span> <span class='ocrx_word' id='word_1_345' title='bbox 1406 2390 1466 2444; x_wconf 74' lang='lat' dir='ltr'><strong>quac</strong></span> <span class='ocrx_word' id='word_1_346' title='bbox 1488 2375 1522 2430; x_wconf 88' lang='lat' dir='ltr'><strong>de</strong></span> <span class='ocrx_word' id='word_1_347' title='bbox 1545 2375 1641 2431; x_wconf 85' lang='lat' dir='ltr'><strong>eodem</strong></span> <span class='ocrx_word' id='word_1_348' title='bbox 1662 2384 1774 2444; x_wconf 83' lang='lat' dir='ltr'><strong>peceato</strong></span> 
     </span>
     <span class='ocr_line' id='line_1_25' title="bbox 135 2463 1773 2538; baseline 0 -17"><span class='ocrx_word' id='word_1_349' title='bbox 135 2469 209 2522; x_wconf 85' lang='lat' dir='ltr'><strong>onim</strong></span> <span class='ocrx_word' id='word_1_350' title='bbox 226 2483 256 2522; x_wconf 87' lang='lat' dir='ltr'><strong>se</strong></span> <span class='ocrx_word' id='word_1_351' title='bbox 268 2469 340 2521; x_wconf 88' lang='lat' dir='ltr'><strong>inter</strong></span> <span class='ocrx_word' id='word_1_352' title='bbox 353 2467 458 2523; x_wconf 88' lang='lat' dir='ltr'><strong>minora</strong></span> <span class='ocrx_word' id='word_1_353' title='bbox 471 2467 652 2536; x_wconf 89' lang='lat' dir='ltr'><strong>conspiciunt,</strong></span> <span class='ocrx_word' id='word_1_354' title='bbox 666 2468 713 2538; x_wconf 89' lang='lat' dir='ltr'><strong>qni</strong></span> <span class='ocrx_word' id='word_1_355' title='bbox 726 2482 756 2523; x_wconf 86' lang='lat' dir='ltr'><strong>se</strong></span> <span class='ocrx_word' id='word_1_356' title='bbox 769 2468 870 2525; x_wconf 88' lang='lat' dir='ltr'><strong>liberos</strong></span> <span class='ocrx_word' id='word_1_357' title='bbox 889 2471 930 2526; x_wconf 91' lang='lat' dir='ltr'><strong>in·</strong></span> <span class='ocrx_word' id='word_1_358' title='bbox 979 2479 1029 2535; x_wconf 86' lang='lat' dir='ltr'><strong>per</strong></span> <span class='ocrx_word' id='word_1_359' title='bbox 1040 2463 1202 2535; x_wconf 89' lang='lat' dir='ltr'><strong>Prophetam</strong></span> <span class='ocrx_word' id='word_1_360' title='bbox 1217 2467 1324 2522; x_wconf 85' lang='lat' dir='ltr'><strong>honrini</strong></span> <span class='ocrx_word' id='word_1_361' title='bbox 1338 2466 1410 2520; x_wconf 86' lang='lat' dir='ltr'><strong>dieta</strong></span> <span class='ocrx_word' id='word_1_362' title='bbox 1424 2475 1497 2530; x_wconf 90' lang='lat' dir='ltr'><strong>sunt,</strong></span> <span class='ocrx_word' id='word_1_363' title='bbox 1516 2466 1690 2534; x_wconf 89' lang='lat' dir='ltr'><strong>postmodum</strong></span> <span class='ocrx_word' id='word_1_364' title='bbox 1705 2466 1773 2521; x_wconf 90' lang='lat' dir='ltr'><strong>tole·</strong></span> 
     </span>
     <span class='ocr_line' id='line_1_26' title="bbox 138 2548 1772 2633; baseline 0.002 -27"><span class='ocrx_word' id='word_1_365' title='bbox 138 2569 181 2613; x_wconf 73' lang='lat' dir='ltr'><strong>rer</strong></span> <span class='ocrx_word' id='word_1_366' title='bbox 195 2560 318 2628; x_wconf 72' lang='lat' dir='ltr'><strong>grauiora</strong></span> <span class='ocrx_word' id='word_1_367' title='bbox 332 2559 513 2613; x_wconf 67' lang='lat' dir='ltr'><strong>crediderant.</strong></span> <span class='ocrx_word' id='word_1_368' title='bbox 528 2559 577 2613; x_wconf 73' lang='lat' dir='ltr'><strong>Pia</strong></span> <span class='ocrx_word' id='word_1_369' title='bbox 590 2575 655 2630; x_wconf 69' lang='lat' dir='ltr'><strong>ergo</strong></span> <span class='ocrx_word' id='word_1_370' title='bbox 668 2560 774 2615; x_wconf 74' lang='lat' dir='ltr'><strong>nomini</strong></span> <span class='ocrx_word' id='word_1_371' title='bbox 790 2561 932 2633; x_wconf 56' lang='lat' dir='ltr'><strong>dispensa.</strong></span> <span class='ocrx_word' id='word_1_372' title='bbox 980 2556 1072 2609; x_wconf 76' lang='lat' dir='ltr'><strong>ravit?</strong></span> <span class='ocrx_word' id='word_1_373' title='bbox 1085 2548 1132 2610; x_wconf 77' lang='lat' dir='ltr'><strong>sed</strong></span> <span class='ocrx_word' id='word_1_374' title='bbox 1145 2555 1238 2625; x_wconf 87' lang='lat' dir='ltr'><strong>procul</strong></span> <span class='ocrx_word' id='word_1_375' title='bbox 1250 2556 1332 2610; x_wconf 91' lang='lat' dir='ltr'><strong>dubio</strong></span> <span class='ocrx_word' id='word_1_376' title='bbox 1351 2556 1358 2595; x_wconf 82' lang='lat'><strong>&#39;¹</strong></span> <span class='ocrx_word' id='word_1_377' title='bbox 1375 2556 1507 2611; x_wconf 86' lang='lat' dir='ltr'><strong>Durniuus</strong></span> <span class='ocrx_word' id='word_1_378' title='bbox 1517 2555 1645 2611; x_wconf 90' lang='lat' dir='ltr'><strong>delictum</strong></span> <span class='ocrx_word' id='word_1_379' title='bbox 1657 2555 1716 2610; x_wconf 87' lang='lat' dir='ltr'><strong>siue</strong></span> <span class='ocrx_word' id='word_1_380' title='bbox 1730 2555 1772 2609; x_wconf 91' lang='lat' dir='ltr'><strong>ul·</strong></span> 
     </span>
     <span class='ocr_line' id='line_1_27' title="bbox 138 2647 1774 2721; baseline -0.001 -17"><span class='ocrx_word' id='word_1_381' title='bbox 138 2650 213 2705; x_wconf 89' lang='lat' dir='ltr'><strong>tione</strong></span> <span class='ocrx_word' id='word_1_382' title='bbox 235 2650 340 2705; x_wconf 84' lang='lat' dir='ltr'><strong>laxatus</strong></span> <span class='ocrx_word' id='word_1_383' title='bbox 363 2665 555 2720; x_wconf 86' lang='lat' dir='ltr'><strong>nonnunquam</strong></span> <span class='ocrx_word' id='word_1_384' title='bbox 576 2651 739 2721; x_wconf 73' lang='lat' dir='ltr'><strong>ematiqnus</strong></span> <span class='ocrx_word' id='word_1_385' title='bbox 762 2651 873 2721; x_wconf 87' lang='lat' dir='ltr'><strong>spiritus</strong></span> <span class='ocrx_word' id='word_1_386' title='bbox 896 2652 931 2707; x_wconf 88' lang='lat' dir='ltr'><strong>de</strong></span> <span class='ocrx_word' id='word_1_387' title='bbox 980 2650 1053 2705; x_wconf 88' lang='lat' dir='ltr'><strong>tione</strong></span> <span class='ocrx_word' id='word_1_388' title='bbox 1067 2649 1253 2706; x_wconf 89' lang='lat' dir='ltr'><strong>nondeserit:</strong></span> <span class='ocrx_word' id='word_1_389' title='bbox 1273 2649 1413 2705; x_wconf 77' lang='lat' dir='ltr'><strong>eratenim</strong></span> <span class='ocrx_word' id='word_1_390' title='bbox 1434 2649 1492 2719; x_wconf 89' lang='lat' dir='ltr'><strong>ipse</strong></span> <span class='ocrx_word' id='word_1_391' title='bbox 1516 2649 1570 2705; x_wconf 92' lang='lat' dir='ltr'><strong>hoc</strong></span> <span class='ocrx_word' id='word_1_392' title='bbox 1590 2647 1671 2704; x_wconf 88' lang='lat' dir='ltr'><strong>homo</strong></span> <span class='ocrx_word' id='word_1_393' title='bbox 1695 2649 1723 2703; x_wconf 90' lang='lat' dir='ltr'><strong>iu</strong></span> <span class='ocrx_word' id='word_1_394' title='bbox 1744 2664 1774 2704; x_wconf 88' lang='lat' dir='ltr'><strong>se</strong></span> 
     </span>
     <span class='ocr_line' id='line_1_28' title="bbox 136 2737 1773 2812; baseline 0.004 -22"><span class='ocrx_word' id='word_1_395' title='bbox 136 2737 216 2807; x_wconf 87' lang='lat' dir='ltr'><strong>culpa</strong></span> <span class='ocrx_word' id='word_1_396' title='bbox 229 2739 261 2792; x_wconf 89' lang='lat' dir='ltr'><strong>ad</strong></span> <span class='ocrx_word' id='word_1_397' title='bbox 275 2739 381 2808; x_wconf 88' lang='lat' dir='ltr'><strong>culpam</strong></span> <span class='ocrx_word' id='word_1_398' title='bbox 402 2740 496 2804; x_wconf 88' lang='lat' dir='ltr'><strong>trahit,</strong></span> <span class='ocrx_word' id='word_1_399' title='bbox 517 2747 545 2794; x_wconf 92' lang='lat' dir='ltr'><strong>et</strong></span> <span class='ocrx_word' id='word_1_400' title='bbox 559 2740 623 2794; x_wconf 91' lang='lat' dir='ltr'><strong>dum</strong></span> <span class='ocrx_word' id='word_1_401' title='bbox 644 2740 706 2811; x_wconf 91' lang='lat' dir='ltr'><strong>plus</strong></span> <span class='ocrx_word' id='word_1_402' title='bbox 718 2741 847 2811; x_wconf 90' lang='lat' dir='ltr'><strong>percutit,</strong></span> <span class='ocrx_word' id='word_1_403' title='bbox 868 2741 931 2798; x_wconf 89' lang='lat' dir='ltr'><strong>inde</strong></span> <span class='ocrx_word' id='word_1_404' title='bbox 979 2743 1115 2810; x_wconf 80' lang='lat' dir='ltr'><strong>poenitens</strong></span> <span class='ocrx_word' id='word_1_405' title='bbox 1125 2742 1213 2812; x_wconf 90' lang='lat' dir='ltr'><strong>punit,</strong></span> <span class='ocrx_word' id='word_1_406' title='bbox 1224 2749 1271 2796; x_wconf 92' lang='lat' dir='ltr'><strong>aut</strong></span> <span class='ocrx_word' id='word_1_407' title='bbox 1284 2741 1337 2798; x_wconf 90' lang='lat' dir='ltr'><strong>hoc</strong></span> <span class='ocrx_word' id='word_1_408' title='bbox 1349 2741 1421 2797; x_wconf 83' lang='lat' dir='ltr'><strong>bens</strong></span> <span class='ocrx_word' id='word_1_409' title='bbox 1434 2756 1496 2797; x_wconf 90' lang='lat' dir='ltr'><strong>cum</strong></span> <span class='ocrx_word' id='word_1_410' title='bbox 1508 2741 1618 2796; x_wconf 89' lang='lat' dir='ltr'><strong>homine</strong></span> <span class='ocrx_word' id='word_1_411' title='bbox 1629 2741 1773 2798; x_wconf 82' lang='lat' dir='ltr'><strong>vindicans</strong></span> 
     </span>
     <span class='ocr_line' id='line_1_29' title="bbox 136 2830 1772 2903; baseline 0.003 -20"><span class='ocrx_word' id='word_1_412' title='bbox 136 2844 210 2892; x_wconf 83' lang='lat' dir='ltr'><strong>crrrrr,</strong></span> <span class='ocrx_word' id='word_1_413' title='bbox 225 2844 303 2898; x_wconf 92' lang='lat' dir='ltr'><strong>quem</strong></span> <span class='ocrx_word' id='word_1_414' title='bbox 315 2839 436 2899; x_wconf 86' lang='lat' dir='ltr'><strong>ceperat,</strong></span> <span class='ocrx_word' id='word_1_415' title='bbox 448 2830 549 2885; x_wconf 87' lang='lat' dir='ltr'><strong>amittit</strong></span> <span class='ocrx_word' id='word_1_416' title='bbox 564 2848 571 2885; x_wconf 92' lang='lat'>:</span> <span class='ocrx_word' id='word_1_417' title='bbox 585 2840 666 2902; x_wconf 84' lang='lat' dir='ltr'><strong>atque</strong></span> <span class='ocrx_word' id='word_1_418' title='bbox 676 2830 748 2887; x_wconf 89' lang='lat' dir='ltr'><strong>unde</strong></span> <span class='ocrx_word' id='word_1_419' title='bbox 760 2832 861 2887; x_wconf 86' lang='lat' dir='ltr'><strong>vicisse</strong></span> <span class='ocrx_word' id='word_1_420' title='bbox 871 2846 930 2886; x_wconf 90' lang='lat' dir='ltr'><strong>cer·</strong></span> <span class='ocrx_word' id='word_1_421' title='bbox 978 2832 1107 2902; x_wconf 89' lang='lat' dir='ltr'><strong>percutit.</strong></span> <span class='ocrx_word' id='word_1_422' title='bbox 1123 2831 1297 2902; x_wconf 83' lang='lat' dir='ltr'><strong>Nequaquam</strong></span> <span class='ocrx_word' id='word_1_423' title='bbox 1313 2832 1396 2903; x_wconf 77' lang='lat' dir='ltr'><strong>igitur</strong></span> <span class='ocrx_word' id='word_1_424' title='bbox 1417 2839 1530 2902; x_wconf 89' lang='lat' dir='ltr'><strong>peccato</strong></span> <span class='ocrx_word' id='word_1_425' title='bbox 1550 2832 1689 2901; x_wconf 88' lang='lat' dir='ltr'><strong>parcitur:</strong></span> <span class='ocrx_word' id='word_1_426' title='bbox 1707 2834 1772 2903; x_wconf 91' lang='lat' dir='ltr'><strong>qnia</strong></span> 
     </span>
    </p>
   </div>
   <div class='ocr_carea' id='block_1_3' title="bbox 136 2920 1878 2997">
    <p class='ocr_par' dir='ltr' id='par_1_3' title="bbox 136 2920 1878 2997">
     <span class='ocr_line' id='line_1_30' title="bbox 136 2920 1878 2997; baseline 0.005 -24"><span class='ocrx_word' id='word_1_427' title='bbox 136 2920 220 2984; x_wconf 90' lang='lat' dir='ltr'><strong>nitur,</strong></span> <span class='ocrx_word' id='word_1_428' title='bbox 237 2920 298 2974; x_wconf 92' lang='lat' dir='ltr'><strong>inde</strong></span> <span class='ocrx_word' id='word_1_429' title='bbox 310 2928 463 2991; x_wconf 88' lang='lat' dir='ltr'><strong>superatur.</strong></span> <span class='ocrx_word' id='word_1_430' title='bbox 479 2921 659 2978; x_wconf 77' lang='lat' dir='ltr'><strong>Considerate</strong></span> <span class='ocrx_word' id='word_1_431' title='bbox 671 2922 738 2978; x_wconf 89' lang='lat' dir='ltr'><strong>libet</strong></span> <span class='ocrx_word' id='word_1_432' title='bbox 756 2923 827 2978; x_wconf 91' lang='lat' dir='ltr'><strong>intra</strong></span> <span class='ocrx_word' id='word_1_433' title='bbox 842 2925 931 2979; x_wconf 92' lang='lat' dir='ltr'><strong>muni·</strong></span> <span class='ocrx_word' id='word_1_434' title='bbox 979 2923 1133 2980; x_wconf 89' lang='lat' dir='ltr'><strong>nullatcnus</strong></span> <span class='ocrx_word' id='word_1_435' title='bbox 1147 2925 1206 2980; x_wconf 84' lang='lat' dir='ltr'><strong>siue</strong></span> <span class='ocrx_word' id='word_1_436' title='bbox 1228 2925 1348 2980; x_wconf 80' lang='lat' dir='ltr'><strong>vindicta</strong></span> <span class='ocrx_word' id='word_1_437' title='bbox 1363 2924 1479 2979; x_wconf 84' lang='lat' dir='ltr'><strong>laxatur.</strong></span> <span class='ocrx_word' id='word_1_438' title='bbox 1506 2923 1551 2979; x_wconf 89' lang='lat' dir='ltr'><strong>Sic</strong></span> <span class='ocrx_word' id='word_1_439' title='bbox 1571 2923 1656 2980; x_wconf 82' lang='lat' dir='ltr'><strong>Dauid</strong></span> <span class='ocrx_word' id='word_1_440' title='bbox 1678 2926 1774 2980; x_wconf 84' lang='lat' dir='ltr'><strong>audire</strong></span> <span class='ocrx_word' id='word_1_441' title='bbox 1873 2990 1878 2997; x_wconf 33' lang='grc' dir='ltr'>Ι</span> 
     </span>
    </p>
   </div>
   <div class='ocr_carea' id='block_1_4' title="bbox 137 3009 1855 4819">
    <p class='ocr_par' dir='ltr' id='par_1_4' title="bbox 137 3009 1776 3899">
     <span class='ocr_line' id='line_1_31' title="bbox 137 3009 1774 3086; baseline 0.003 -23"><span class='ocrx_word' id='word_1_442' title='bbox 137 3018 195 3064; x_wconf 91' lang='lat' dir='ltr'><strong>tum</strong></span> <span class='ocrx_word' id='word_1_443' title='bbox 208 3009 302 3080; x_wconf 79' lang='lat' dir='ltr'><strong>gratiae</strong></span> <span class='ocrx_word' id='word_1_444' title='bbox 314 3011 413 3077; x_wconf 89' lang='lat' dir='ltr'><strong>sinum,</strong></span> <span class='ocrx_word' id='word_1_445' title='bbox 428 3020 530 3081; x_wconf 88' lang='lat' dir='ltr'><strong>quanto</strong></span> <span class='ocrx_word' id='word_1_446' title='bbox 540 3012 612 3068; x_wconf 87' lang='lat' dir='ltr'><strong>Dens</strong></span> <span class='ocrx_word' id='word_1_447' title='bbox 631 3014 823 3069; x_wconf 72' lang='lat' dir='ltr'><strong>misericordie</strong></span> <span class='ocrx_word' id='word_1_448' title='bbox 836 3014 929 3071; x_wconf 80' lang='lat' dir='ltr'><strong>lurore</strong></span> <span class='ocrx_word' id='word_1_449' title='bbox 979 3023 1042 3086; x_wconf 87' lang='lat' dir='ltr'><strong>post</strong></span> <span class='ocrx_word' id='word_1_450' title='bbox 1062 3013 1260 3070; x_wconf 89' lang='lat' dir='ltr'><strong>oonlessionem</strong></span> <span class='ocrx_word' id='word_1_451' title='bbox 1279 3016 1396 3069; x_wconf 77' lang='lat' dir='ltr'><strong>meruit:</strong></span> <span class='ocrx_word' id='word_1_452' title='bbox 1415 3013 1545 3068; x_wconf 81' lang='lat' dir='ltr'><strong>Dominus</strong></span> <span class='ocrx_word' id='word_1_453' title='bbox 1563 3012 1695 3067; x_wconf 78' lang='lat' dir='ltr'><strong>transtulit</strong></span> <span class='ocrx_word' id='word_1_454' title='bbox 1714 3030 1774 3083; x_wconf 86' lang='lat' dir='ltr'><strong>pec-</strong></span> 
     </span>
     <span class='ocr_line' id='line_1_32' title="bbox 137 3070 1773 3176; baseline 0.003 -21"><span class='ocrx_word' id='word_1_455' title='bbox 137 3115 188 3156; x_wconf 88' lang='lat' dir='ltr'><strong>nos</strong></span> <span class='ocrx_word' id='word_1_456' title='bbox 200 3102 328 3157; x_wconf 88' lang='lat' dir='ltr'><strong>continet.</strong></span> <span class='ocrx_word' id='word_1_457' title='bbox 343 3102 415 3158; x_wconf 85' lang='lat' dir='ltr'><strong>Ecce</strong></span> <span class='ocrx_word' id='word_1_458' title='bbox 425 3105 471 3173; x_wconf 92' lang='lat' dir='ltr'><strong>qni</strong></span> <span class='ocrx_word' id='word_1_459' title='bbox 485 3105 520 3159; x_wconf 92' lang='lat' dir='ltr'><strong>dc</strong></span> <span class='ocrx_word' id='word_1_460' title='bbox 533 3105 634 3160; x_wconf 78' lang='lat' dir='ltr'><strong>uimute</strong></span> <span class='ocrx_word' id='word_1_461' title='bbox 656 3118 687 3161; x_wconf 89' lang='lat' dir='ltr'><strong>se</strong></span> <span class='ocrx_word' id='word_1_462' title='bbox 697 3105 811 3170; x_wconf 85' lang='lat' dir='ltr'><strong>extollit,</strong></span> <span class='ocrx_word' id='word_1_463' title='bbox 827 3122 876 3176; x_wconf 91' lang='lat' dir='ltr'><strong>por</strong></span> <span class='ocrx_word' id='word_1_464' title='bbox 887 3070 964 3161; x_wconf 72' lang='lat' dir='ltr'><strong>vic</strong></span> <span class='ocrx_word' id='word_1_465' title='bbox 979 3117 1078 3172; x_wconf 85' lang='lat' dir='ltr'><strong>cotum,</strong></span> <span class='ocrx_word' id='word_1_466' title='bbox 1094 3113 1223 3161; x_wconf 84' lang='lat' dir='ltr'><strong>ettamen</strong></span> <span class='ocrx_word' id='word_1_467' title='bbox 1236 3104 1330 3160; x_wconf 90' lang='lat' dir='ltr'><strong>multis</strong></span> <span class='ocrx_word' id='word_1_468' title='bbox 1343 3112 1404 3174; x_wconf 91' lang='lat' dir='ltr'><strong>post</strong></span> <span class='ocrx_word' id='word_1_469' title='bbox 1417 3104 1584 3159; x_wconf 84' lang='lat' dir='ltr'><strong>cruciatibus</strong></span> <span class='ocrx_word' id='word_1_470' title='bbox 1600 3102 1727 3169; x_wconf 87' lang='lat' dir='ltr'><strong>alllictns,</strong></span> <span class='ocrx_word' id='word_1_471' title='bbox 1739 3120 1773 3160; x_wconf 89' lang='lat' dir='ltr'><strong>ac</strong></span> 
     </span>
     <span class='ocr_line' id='line_1_33' title="bbox 138 3191 1772 3269; baseline 0.002 -23"><span class='ocrx_word' id='word_1_472' title='bbox 138 3191 205 3246; x_wconf 90' lang='lat' dir='ltr'><strong>tium</strong></span> <span class='ocrx_word' id='word_1_473' title='bbox 220 3193 254 3248; x_wconf 90' lang='lat' dir='ltr'><strong>ad</strong></span> <span class='ocrx_word' id='word_1_474' title='bbox 270 3193 450 3249; x_wconf 89' lang='lat' dir='ltr'><strong>humilitatem</strong></span> <span class='ocrx_word' id='word_1_475' title='bbox 464 3195 544 3251; x_wconf 90' lang='lat' dir='ltr'><strong>redit.</strong></span> <span class='ocrx_word' id='word_1_476' title='bbox 563 3195 692 3264; x_wconf 81' lang='lat' dir='ltr'><strong>Quinem</strong></span> <span class='ocrx_word' id='word_1_477' title='bbox 705 3198 823 3266; x_wconf 88' lang='lat' dir='ltr'><strong>acceptis</strong></span> <span class='ocrx_word' id='word_1_478' title='bbox 842 3197 930 3252; x_wconf 86' lang='lat' dir='ltr'><strong>uirtu-</strong></span> <span class='ocrx_word' id='word_1_479' title='bbox 980 3196 1087 3269; x_wconf 75' lang='lat' dir='ltr'><strong>lugiens</strong></span> <span class='ocrx_word' id='word_1_480' title='bbox 1099 3205 1204 3252; x_wconf 89' lang='lat' dir='ltr'><strong>reatum</strong></span> <span class='ocrx_word' id='word_1_481' title='bbox 1218 3196 1304 3267; x_wconf 75' lang='lat' dir='ltr'><strong>culpas</strong></span> <span class='ocrx_word' id='word_1_482' title='bbox 1325 3210 1406 3265; x_wconf 89' lang='lat' dir='ltr'><strong>quam</strong></span> <span class='ocrx_word' id='word_1_483' title='bbox 1420 3203 1632 3264; x_wconf 77' lang='lat' dir='ltr'><strong>perpetraverat,</strong></span> <span class='ocrx_word' id='word_1_484' title='bbox 1645 3196 1772 3251; x_wconf 83' lang='lat' dir='ltr'><strong>exsolvit.</strong></span> 
     </span>
     <span class='ocr_line' id='line_1_34' title="bbox 138 3280 1772 3356; baseline 0.002 -20"><span class='ocrx_word' id='word_1_485' title='bbox 138 3280 211 3336; x_wconf 90' lang='lat' dir='ltr'><strong>tibus</strong></span> <span class='ocrx_word' id='word_1_486' title='bbox 221 3283 367 3349; x_wconf 84' lang='lat' dir='ltr'><strong>extollitur,</strong></span> <span class='ocrx_word' id='word_1_487' title='bbox 383 3299 436 3339; x_wconf 91' lang='lat' dir='ltr'><strong>uon</strong></span> <span class='ocrx_word' id='word_1_488' title='bbox 450 3285 549 3356; x_wconf 83' lang='lat' dir='ltr'><strong>qladio,</strong></span> <span class='ocrx_word' id='word_1_489' title='bbox 561 3287 618 3352; x_wconf 84' lang='lat' dir='ltr'><strong>sed,</strong></span> <span class='ocrx_word' id='word_1_490' title='bbox 633 3293 664 3341; x_wconf 93' lang='lat' dir='ltr'><strong>ut</strong></span> <span class='ocrx_word' id='word_1_491' title='bbox 676 3286 713 3341; x_wconf 91' lang='lat' dir='ltr'><strong>ita</strong></span> <span class='ocrx_word' id='word_1_492' title='bbox 726 3287 855 3350; x_wconf 73' lang='lat' dir='ltr'><strong>diaerim,</strong></span> <span class='ocrx_word' id='word_1_493' title='bbox 872 3303 931 3343; x_wconf 90' lang='lat' dir='ltr'><strong>me-</strong></span> <span class='ocrx_word' id='word_1_494' title='bbox 981 3284 1028 3343; x_wconf 82' lang='lat' dir='ltr'><strong>Sic</strong></span> <span class='ocrx_word' id='word_1_495' title='bbox 1038 3300 1088 3342; x_wconf 88' lang='lat' dir='ltr'><strong>nos</strong></span> <span class='ocrx_word' id='word_1_496' title='bbox 1101 3285 1198 3342; x_wconf 89' lang='lat' dir='ltr'><strong>salutis</strong></span> <span class='ocrx_word' id='word_1_497' title='bbox 1209 3285 1280 3341; x_wconf 86' lang='lat' dir='ltr'><strong>unda</strong></span> <span class='ocrx_word' id='word_1_498' title='bbox 1294 3299 1310 3339; x_wconf 91' lang='lat' dir='ltr'><strong>a</strong></span> <span class='ocrx_word' id='word_1_499' title='bbox 1324 3283 1402 3354; x_wconf 89' lang='lat' dir='ltr'><strong>culpa</strong></span> <span class='ocrx_word' id='word_1_500' title='bbox 1420 3284 1500 3354; x_wconf 91' lang='lat' dir='ltr'><strong>primi</strong></span> <span class='ocrx_word' id='word_1_501' title='bbox 1511 3285 1633 3355; x_wconf 89' lang='lat' dir='ltr'><strong>parentis</strong></span> <span class='ocrx_word' id='word_1_502' title='bbox 1645 3285 1772 3352; x_wconf 80' lang='lat' dir='ltr'><strong>absolvit,</strong></span> 
     </span>
     <span class='ocr_line' id='line_1_35' title="bbox 139 3369 1773 3447; baseline 0.003 -20"><span class='ocrx_word' id='word_1_503' title='bbox 139 3369 293 3428; x_wconf 88' lang='lat' dir='ltr'><strong>dicamento</strong></span> <span class='ocrx_word' id='word_1_504' title='bbox 306 3373 473 3429; x_wconf 80' lang='lat' dir='ltr'><strong>vulneratur.</strong></span> <span class='ocrx_word' id='word_1_505' title='bbox 489 3375 560 3443; x_wconf 76' lang='lat' dir='ltr'><strong>Quid</strong></span> <span class='ocrx_word' id='word_1_506' title='bbox 578 3377 650 3432; x_wconf 88' lang='lat' dir='ltr'><strong>enirn</strong></span> <span class='ocrx_word' id='word_1_507' title='bbox 664 3377 767 3442; x_wconf 78' lang='lat' dir='ltr'><strong>virtus,</strong></span> <span class='ocrx_word' id='word_1_508' title='bbox 780 3376 832 3432; x_wconf 86' lang='lat' dir='ltr'><strong>nisi</strong></span> <span class='ocrx_word' id='word_1_509' title='bbox 847 3377 931 3434; x_wconf 88' lang='lat' dir='ltr'><strong>medi-</strong></span> <span class='ocrx_word' id='word_1_510' title='bbox 980 3378 1029 3434; x_wconf 82' lang='lat' dir='ltr'><strong>sed</strong></span> <span class='ocrx_word' id='word_1_511' title='bbox 1042 3373 1132 3432; x_wconf 87' lang='lat' dir='ltr'><strong>tamen</strong></span> <span class='ocrx_word' id='word_1_512' title='bbox 1148 3384 1254 3433; x_wconf 89' lang='lat' dir='ltr'><strong>reatum</strong></span> <span class='ocrx_word' id='word_1_513' title='bbox 1268 3375 1389 3447; x_wconf 85' lang='lat' dir='ltr'><strong>ejusdem</strong></span> <span class='ocrx_word' id='word_1_514' title='bbox 1403 3374 1490 3445; x_wconf 72' lang='lat' dir='ltr'><strong>culpas</strong></span> <span class='ocrx_word' id='word_1_515' title='bbox 1507 3375 1636 3431; x_wconf 89' lang='lat' dir='ltr'><strong>diluentis</strong></span> <span class='ocrx_word' id='word_1_516' title='bbox 1655 3377 1773 3433; x_wconf 89' lang='lat' dir='ltr'><strong>absoluti</strong></span> 
     </span>
     <span class='ocr_line' id='line_1_36' title="bbox 139 3464 1773 3540; baseline 0.001 -22"><span class='ocrx_word' id='word_1_517' title='bbox 139 3466 318 3519; x_wconf 71' lang='lat' dir='ltr'><strong>cementum?</strong></span> <span class='ocrx_word' id='word_1_518' title='bbox 331 3466 365 3520; x_wconf 84' lang='lat' dir='ltr'><strong>Et</strong></span> <span class='ocrx_word' id='word_1_519' title='bbox 386 3467 451 3536; x_wconf 92' lang='lat' dir='ltr'><strong>quid</strong></span> <span class='ocrx_word' id='word_1_520' title='bbox 472 3475 515 3523; x_wconf 88' lang='lat' dir='ltr'><strong>est</strong></span> <span class='ocrx_word' id='word_1_521' title='bbox 526 3469 640 3537; x_wconf 81' lang='lat' dir='ltr'><strong>sitium,</strong></span> <span class='ocrx_word' id='word_1_522' title='bbox 661 3468 712 3525; x_wconf 89' lang='lat' dir='ltr'><strong>nisi</strong></span> <span class='ocrx_word' id='word_1_523' title='bbox 730 3469 843 3526; x_wconf 85' lang='lat' dir='ltr'><strong>vulnnsi</strong></span> <span class='ocrx_word' id='word_1_524' title='bbox 861 3468 931 3537; x_wconf 82' lang='lat' dir='ltr'><strong>Quia</strong></span> <span class='ocrx_word' id='word_1_525' title='bbox 980 3482 1088 3540; x_wconf 87' lang='lat' dir='ltr'><strong>quoque</strong></span> <span class='ocrx_word' id='word_1_526' title='bbox 1098 3466 1186 3523; x_wconf 86' lang='lat' dir='ltr'><strong>adhuc</strong></span> <span class='ocrx_word' id='word_1_527' title='bbox 1194 3464 1343 3522; x_wconf 87' lang='lat' dir='ltr'><strong>carnaliter</strong></span> <span class='ocrx_word' id='word_1_528' title='bbox 1351 3464 1468 3531; x_wconf 90' lang='lat' dir='ltr'><strong>obimus,</strong></span> <span class='ocrx_word' id='word_1_529' title='bbox 1480 3466 1544 3534; x_wconf 90' lang='lat' dir='ltr'><strong>quia</strong></span> <span class='ocrx_word' id='word_1_530' title='bbox 1558 3465 1657 3521; x_wconf 90' lang='lat' dir='ltr'><strong>delicta</strong></span> <span class='ocrx_word' id='word_1_531' title='bbox 1668 3474 1773 3530; x_wconf 89' lang='lat' dir='ltr'><strong>nostra,</strong></span> 
     </span>
     <span class='ocr_line' id='line_1_37' title="bbox 139 3556 1774 3627; baseline 0 -16"><span class='ocrx_word' id='word_1_532' title='bbox 139 3568 205 3625; x_wconf 77' lang='lat' dir='ltr'><strong>ergo</strong></span> <span class='ocrx_word' id='word_1_533' title='bbox 218 3571 268 3610; x_wconf 93' lang='lat' dir='ltr'><strong>uos</strong></span> <span class='ocrx_word' id='word_1_534' title='bbox 288 3556 322 3612; x_wconf 90' lang='lat' dir='ltr'><strong>de</strong></span> <span class='ocrx_word' id='word_1_535' title='bbox 336 3557 533 3614; x_wconf 89' lang='lat' dir='ltr'><strong>medicamento</strong></span> <span class='ocrx_word' id='word_1_536' title='bbox 547 3558 644 3615; x_wconf 82' lang='lat' dir='ltr'><strong>vulnus</strong></span> <span class='ocrx_word' id='word_1_537' title='bbox 661 3558 786 3625; x_wconf 86' lang='lat' dir='ltr'><strong>iacimus,</strong></span> <span class='ocrx_word' id='word_1_538' title='bbox 808 3559 874 3616; x_wconf 81' lang='lat' dir='ltr'><strong>iacit</strong></span> <span class='ocrx_word' id='word_1_539' title='bbox 886 3560 931 3614; x_wconf 91' lang='lat' dir='ltr'><strong>ille</strong></span> <span class='ocrx_word' id='word_1_540' title='bbox 981 3560 1039 3616; x_wconf 82' lang='lat' dir='ltr'><strong>sive</strong></span> <span class='ocrx_word' id='word_1_541' title='bbox 1061 3571 1111 3627; x_wconf 84' lang='lat' dir='ltr'><strong>per</strong></span> <span class='ocrx_word' id='word_1_542' title='bbox 1132 3572 1199 3624; x_wconf 89' lang='lat' dir='ltr'><strong>nos,</strong></span> <span class='ocrx_word' id='word_1_543' title='bbox 1222 3572 1271 3613; x_wconf 91' lang='lat' dir='ltr'><strong>sen</strong></span> <span class='ocrx_word' id='word_1_544' title='bbox 1287 3556 1527 3627; x_wconf 87' lang='lat' dir='ltr'><strong>persemetipsum</strong></span> <span class='ocrx_word' id='word_1_545' title='bbox 1545 3563 1666 3621; x_wconf 85' lang='lat' dir='ltr'><strong>resecat,</strong></span> <span class='ocrx_word' id='word_1_546' title='bbox 1691 3557 1774 3612; x_wconf 87' lang='lat' dir='ltr'><strong>etiam</strong></span> 
     </span>
     <span class='ocr_line' id='line_1_38' title="bbox 140 3644 1775 3720; baseline 0.001 -20"><span class='ocrx_word' id='word_1_547' title='bbox 140 3646 175 3700; x_wconf 85' lang='lat' dir='ltr'><strong>de</strong></span> <span class='ocrx_word' id='word_1_548' title='bbox 188 3645 299 3699; x_wconf 79' lang='lat' dir='ltr'><strong>vulnere</strong></span> <span class='ocrx_word' id='word_1_549' title='bbox 317 3647 564 3712; x_wconf 88' lang='lat' dir='ltr'><strong>medicamentum;</strong></span> <span class='ocrx_word' id='word_1_550' title='bbox 585 3655 615 3701; x_wconf 93' lang='lat' dir='ltr'><strong>ut</strong></span> <span class='ocrx_word' id='word_1_551' title='bbox 633 3648 679 3718; x_wconf 93' lang='lat' dir='ltr'><strong>qui</strong></span> <span class='ocrx_word' id='word_1_552' title='bbox 692 3649 792 3703; x_wconf 86' lang='lat' dir='ltr'><strong>virtute</strong></span> <span class='ocrx_word' id='word_1_553' title='bbox 813 3649 932 3720; x_wconf 88' lang='lat' dir='ltr'><strong>pereuti-</strong></span> <span class='ocrx_word' id='word_1_554' title='bbox 982 3664 1044 3705; x_wconf 83' lang='lat' dir='ltr'><strong>cum</strong></span> <span class='ocrx_word' id='word_1_555' title='bbox 1060 3646 1177 3703; x_wconf 79' lang='lat' dir='ltr'><strong>relaxat.</strong></span> <span class='ocrx_word' id='word_1_556' title='bbox 1190 3646 1233 3702; x_wconf 79' lang='lat' dir='ltr'><strong>Ab</strong></span> <span class='ocrx_word' id='word_1_557' title='bbox 1249 3645 1342 3701; x_wconf 84' lang='lat' dir='ltr'><strong>electis</strong></span> <span class='ocrx_word' id='word_1_558' title='bbox 1361 3645 1433 3700; x_wconf 88' lang='lat' dir='ltr'><strong>euim</strong></span> <span class='ocrx_word' id='word_1_559' title='bbox 1447 3645 1506 3700; x_wconf 89' lang='lat' dir='ltr'><strong>suis</strong></span> <span class='ocrx_word' id='word_1_560' title='bbox 1526 3644 1698 3713; x_wconf 84' lang='lat' dir='ltr'><strong>iniquitatum</strong></span> <span class='ocrx_word' id='word_1_561' title='bbox 1717 3662 1775 3701; x_wconf 89' lang='lat' dir='ltr'><strong>ma·</strong></span> 
     </span>
     <span class='ocr_line' id='line_1_39' title="bbox 141 3733 1776 3808; baseline 0.001 -17"><span class='ocrx_word' id='word_1_562' title='bbox 141 3751 214 3804; x_wconf 88' lang='lat' dir='ltr'><strong>mur,</strong></span> <span class='ocrx_word' id='word_1_563' title='bbox 228 3737 295 3793; x_wconf 83' lang='lat' dir='ltr'><strong>vitio</strong></span> <span class='ocrx_word' id='word_1_564' title='bbox 309 3753 445 3793; x_wconf 90' lang='lat' dir='ltr'><strong>curemur.</strong></span> <span class='ocrx_word' id='word_1_565' title='bbox 465 3738 521 3794; x_wconf 89' lang='lat' dir='ltr'><strong>Nos</strong></span> <span class='ocrx_word' id='word_1_566' title='bbox 535 3753 652 3808; x_wconf 90' lang='lat' dir='ltr'><strong>namque</strong></span> <span class='ocrx_word' id='word_1_567' title='bbox 662 3739 791 3793; x_wconf 86' lang='lat' dir='ltr'><strong>virtutum</strong></span> <span class='ocrx_word' id='word_1_568' title='bbox 805 3739 874 3795; x_wconf 88' lang='lat' dir='ltr'><strong>dona</strong></span> <span class='ocrx_word' id='word_1_569' title='bbox 889 3754 933 3794; x_wconf 89' lang='lat' dir='ltr'><strong>re-</strong></span> <span class='ocrx_word' id='word_1_570' title='bbox 981 3737 1057 3794; x_wconf 86' lang='lat' dir='ltr'><strong>culas</strong></span> <span class='ocrx_word' id='word_1_571' title='bbox 1070 3737 1160 3792; x_wconf 86' lang='lat' dir='ltr'><strong>studet</strong></span> <span class='ocrx_word' id='word_1_572' title='bbox 1169 3734 1311 3805; x_wconf 88' lang='lat' dir='ltr'><strong>temporali</strong></span> <span class='ocrx_word' id='word_1_573' title='bbox 1326 3733 1470 3790; x_wconf 85' lang='lat' dir='ltr'><strong>afflictione</strong></span> <span class='ocrx_word' id='word_1_574' title='bbox 1482 3742 1598 3804; x_wconf 83' lang='lat' dir='ltr'><strong>terqerc,</strong></span> <span class='ocrx_word' id='word_1_575' title='bbox 1613 3748 1681 3805; x_wconf 84' lang='lat' dir='ltr'><strong>quas</strong></span> <span class='ocrx_word' id='word_1_576' title='bbox 1693 3735 1721 3791; x_wconf 92' lang='lat' dir='ltr'><strong>in</strong></span> <span class='ocrx_word' id='word_1_577' title='bbox 1734 3738 1776 3793; x_wconf 90' lang='lat' dir='ltr'><strong>eis</strong></span> 
     </span>
     <span class='ocr_line' id='line_1_40' title="bbox 141 3825 1479 3899; baseline 0.002 -15"><span class='ocrx_word' id='word_1_578' title='bbox 141 3836 300 3899; x_wconf 84' lang='lat' dir='ltr'><strong>torquemus</strong></span> <span class='ocrx_word' id='word_1_579' title='bbox 311 3831 338 3885; x_wconf 94' lang='lat' dir='ltr'><strong>in</strong></span> <span class='ocrx_word' id='word_1_580' title='bbox 351 3846 429 3887; x_wconf 89' lang='lat' dir='ltr'><strong>usum</strong></span> <span class='ocrx_word' id='word_1_581' title='bbox 439 3832 566 3889; x_wconf 85' lang='lat' dir='ltr'><strong>vitiorum</strong></span> <span class='ocrx_word' id='word_1_582' title='bbox 577 3851 583 3885; x_wconf 92' lang='lat'><strong>:</strong></span> <span class='ocrx_word' id='word_1_583' title='bbox 596 3831 642 3888; x_wconf 92' lang='lat' dir='ltr'><strong>ille</strong></span> <span class='ocrx_word' id='word_1_584' title='bbox 653 3832 780 3887; x_wconf 78' lang='lat' dir='ltr'><strong>uitiorum</strong></span> <span class='ocrx_word' id='word_1_585' title='bbox 792 3832 932 3889; x_wconf 85' lang='lat' dir='ltr'><strong>illecebras</strong></span> <span class='ocrx_word' id='word_1_586' title='bbox 982 3830 1010 3886; x_wconf 90' lang='lat' dir='ltr'><strong>in</strong></span> <span class='ocrx_word' id='word_1_587' title='bbox 1024 3835 1185 3899; x_wconf 85' lang='lat' dir='ltr'><strong>perpetuum</strong></span> <span class='ocrx_word' id='word_1_588' title='bbox 1198 3841 1253 3881; x_wconf 81' lang='lat' dir='ltr'><strong>uun</strong></span> <span class='ocrx_word' id='word_1_589' title='bbox 1266 3825 1323 3880; x_wconf 75' lang='lat' dir='ltr'><strong>vult</strong></span> <span class='ocrx_word' id='word_1_590' title='bbox 1337 3825 1479 3881; x_wconf 68' lang='lat' dir='ltr'><strong>vindicati·</strong></span> 
     </span>
    </p>

    <p class='ocr_par' dir='ltr' id='par_1_5' title="bbox 140 3918 1855 4819">
     <span class='ocr_line' id='line_1_41' title="bbox 141 3918 1775 3992; baseline 0 -17"><span class='ocrx_word' id='word_1_591' title='bbox 141 3919 293 3975; x_wconf 70' lang='lat' dir='ltr'><strong>sunamitin</strong></span> <span class='ocrx_word' id='word_1_592' title='bbox 306 3922 795 3988; x_wconf 85' lang='lat' dir='ltr'><strong>artemvirtuturu,etsalntisstatum</strong></span> <span class='ocrx_word' id='word_1_593' title='bbox 803 3922 931 3992; x_wconf 90' lang='lat' dir='ltr'><strong>percutit,</strong></span> <span class='ocrx_word' id='word_1_594' title='bbox 1019 3921 1027 3974; x_wconf 89' lang='lat' dir='ltr'><strong>i</strong></span> <span class='ocrx_word' id='word_1_595' title='bbox 1047 3921 1124 3990; x_wconf 84' lang='lat' dir='ltr'><strong>Quod</strong></span> <span class='ocrx_word' id='word_1_596' title='bbox 1135 3935 1200 3976; x_wconf 87' lang='lat' dir='ltr'><strong>vero</strong></span> <span class='ocrx_word' id='word_1_597' title='bbox 1219 3919 1302 3986; x_wconf 90' lang='lat' dir='ltr'><strong>dicit,</strong></span> <span class='ocrx_word' id='word_1_598' title='bbox 1322 3919 1376 3973; x_wconf 85' lang='lat' dir='ltr'><strong>duo</strong></span> <span class='ocrx_word' id='word_1_599' title='bbox 1397 3918 1608 3974; x_wconf 71' lang='lat' dir='ltr'><strong>deminuerunt</strong></span> <span class='ocrx_word' id='word_1_600' title='bbox 1626 3920 1775 3975; x_wconf 66' lang='lat' dir='ltr'><strong>inanitate</strong></span> 
     </span>
     <span class='ocr_line' id='line_1_42' title="bbox 141 4009 1777 4084; baseline 0.001 -19"><span class='ocrx_word' id='word_1_601' title='bbox 141 4018 174 4066; x_wconf 87' lang='lat' dir='ltr'><strong>ut</strong></span> <span class='ocrx_word' id='word_1_602' title='bbox 188 4020 297 4067; x_wconf 77' lang='lat' dir='ltr'><strong>seruet:</strong></span> <span class='ocrx_word' id='word_1_603' title='bbox 313 4020 343 4066; x_wconf 89' lang='lat' dir='ltr'><strong>ut</strong></span> <span class='ocrx_word' id='word_1_604' title='bbox 360 4011 407 4081; x_wconf 88' lang='lat' dir='ltr'><strong>qui</strong></span> <span class='ocrx_word' id='word_1_605' title='bbox 433 4010 612 4066; x_wconf 86' lang='lat' dir='ltr'><strong>humilitatem</strong></span> <span class='ocrx_word' id='word_1_606' title='bbox 637 4019 778 4067; x_wconf 88' lang='lat' dir='ltr'><strong>currentes</strong></span> <span class='ocrx_word' id='word_1_607' title='bbox 797 4011 931 4084; x_wconf 75' lang='lat' dir='ltr'><strong>iuqimus,</strong></span> <span class='ocrx_word' id='word_1_608' title='bbox 982 4032 1056 4071; x_wconf 84' lang='lat' dir='ltr'><strong>unu:</strong></span> <span class='ocrx_word' id='word_1_609' title='bbox 1076 4013 1167 4079; x_wconf 85' lang='lat' dir='ltr'><strong>Urias,</strong></span> <span class='ocrx_word' id='word_1_610' title='bbox 1182 4021 1210 4068; x_wconf 92' lang='lat' dir='ltr'><strong>et</strong></span> <span class='ocrx_word' id='word_1_611' title='bbox 1229 4011 1314 4069; x_wconf 83' lang='lat' dir='ltr'><strong>Dauid</strong></span> <span class='ocrx_word' id='word_1_612' title='bbox 1326 4009 1504 4081; x_wconf 78' lang='lat' dir='ltr'><strong>intelligitur,</strong></span> <span class='ocrx_word' id='word_1_613' title='bbox 1519 4020 1532 4050; x_wconf 84' lang='lat'><em>¹</em></span> <span class='ocrx_word' id='word_1_614' title='bbox 1551 4019 1580 4066; x_wconf 88' lang='lat' dir='ltr'><strong>et</strong></span> <span class='ocrx_word' id='word_1_615' title='bbox 1593 4012 1702 4068; x_wconf 86' lang='lat' dir='ltr'><strong>addisce</strong></span> <span class='ocrx_word' id='word_1_616' title='bbox 1714 4026 1777 4082; x_wconf 89' lang='lat' dir='ltr'><strong>per·</strong></span> 
     </span>
     <span class='ocr_line' id='line_1_43' title="bbox 140 4098 1776 4175; baseline 0.002 -18"><span class='ocrx_word' id='word_1_617' title='bbox 140 4098 244 4157; x_wconf 66' lang='lat' dir='ltr'><strong>‘minu</strong></span> <span class='ocrx_word' id='word_1_618' title='bbox 255 4102 383 4158; x_wconf 88' lang='lat' dir='ltr'><strong>cadentes</strong></span> <span class='ocrx_word' id='word_1_619' title='bbox 397 4103 556 4157; x_wconf 72' lang='lat' dir='ltr'><strong>horreamus.</strong></span> <span class='ocrx_word' id='word_1_620' title='bbox 570 4100 623 4157; x_wconf 88' lang='lat' dir='ltr'><strong>Sed</strong></span> <span class='ocrx_word' id='word_1_621' title='bbox 638 4103 708 4157; x_wconf 91' lang='lat' dir='ltr'><strong>inter</strong></span> <span class='ocrx_word' id='word_1_622' title='bbox 721 4103 779 4158; x_wconf 83' lang='lat' dir='ltr'><strong>haec</strong></span> <span class='ocrx_word' id='word_1_623' title='bbox 793 4102 932 4158; x_wconf 84' lang='lat' dir='ltr'><strong>sciendum</strong></span> <span class='ocrx_word' id='word_1_624' title='bbox 983 4120 1073 4162; x_wconf 87' lang='lat' dir='ltr'><strong>sonas.</strong></span> <span class='ocrx_word' id='word_1_625' title='bbox 1084 4104 1244 4175; x_wconf 82' lang='lat' dir='ltr'><strong>Paupercnli</strong></span> <span class='ocrx_word' id='word_1_626' title='bbox 1256 4119 1334 4160; x_wconf 84' lang='lat' dir='ltr'><strong>orem</strong></span> <span class='ocrx_word' id='word_1_627' title='bbox 1346 4102 1483 4160; x_wconf 83' lang='lat' dir='ltr'><strong>mutierem</strong></span> <span class='ocrx_word' id='word_1_628' title='bbox 1494 4103 1575 4161; x_wconf 90' lang='lat' dir='ltr'><strong>dicit:</strong></span> <span class='ocrx_word' id='word_1_629' title='bbox 1587 4104 1640 4161; x_wconf 90' lang='lat' dir='ltr'><strong>hoc</strong></span> <span class='ocrx_word' id='word_1_630' title='bbox 1654 4113 1696 4161; x_wconf 89' lang='lat' dir='ltr'><strong>est</strong></span> <span class='ocrx_word' id='word_1_631' title='bbox 1710 4121 1776 4161; x_wconf 76' lang='lat' dir='ltr'><strong>uxo</strong></span> 
     </span>
     <span class='ocr_line' id='line_1_44' title="bbox 140 4191 1777 4266; baseline -0.004 -9"><span class='ocrx_word' id='word_1_632' title='bbox 140 4198 195 4257; x_wconf 71' lang='lat'><strong>0⁸¹,</strong></span> <span class='ocrx_word' id='word_1_633' title='bbox 208 4191 279 4261; x_wconf 68' lang='lat' dir='ltr'><strong>&lt;1¹¹⁰d</strong></span> <span class='ocrx_word' id='word_1_634' title='bbox 290 4191 410 4262; x_wconf 60' lang='lat' dir='ltr'><strong>Plerique</strong></span> <span class='ocrx_word' id='word_1_635' title='bbox 423 4192 574 4258; x_wconf 91' lang='lat' dir='ltr'><strong>hominum,</strong></span> <span class='ocrx_word' id='word_1_636' title='bbox 584 4207 639 4261; x_wconf 74' lang='lat'>‘1¹1⁰</span> <span class='ocrx_word' id='word_1_637' title='bbox 650 4192 676 4246; x_wconf 65' lang='lat'><strong>5¹¹</strong></span> <span class='ocrx_word' id='word_1_638' title='bbox 689 4191 781 4247; x_wconf 67' lang='lat' dir='ltr'><strong>mullis</strong></span> <span class='ocrx_word' id='word_1_639' title='bbox 791 4200 930 4260; x_wconf 69' lang='lat' dir='ltr'><strong>0⁰ll¹¹¹¹¹¹h</strong></span> <span class='ocrx_word' id='word_1_640' title='bbox 983 4194 1125 4266; x_wconf 83' lang='lat' dir='ltr'><strong>remeius,</strong></span> <span class='ocrx_word' id='word_1_641' title='bbox 1147 4210 1208 4265; x_wconf 83' lang='lat' dir='ltr'><strong>quae</strong></span> <span class='ocrx_word' id='word_1_642' title='bbox 1226 4195 1378 4251; x_wconf 89' lang='lat' dir='ltr'><strong>adulterata</strong></span> <span class='ocrx_word' id='word_1_643' title='bbox 1394 4201 1448 4262; x_wconf 85' lang='lat' dir='ltr'><strong>eet,</strong></span> <span class='ocrx_word' id='word_1_644' title='bbox 1464 4209 1525 4264; x_wconf 87' lang='lat' dir='ltr'><strong>quae</strong></span> <span class='ocrx_word' id='word_1_645' title='bbox 1546 4194 1580 4250; x_wconf 90' lang='lat' dir='ltr'><strong>de</strong></span> <span class='ocrx_word' id='word_1_646' title='bbox 1602 4210 1697 4251; x_wconf 88' lang='lat' dir='ltr'><strong>mensa</strong></span> <span class='ocrx_word' id='word_1_647' title='bbox 1718 4193 1777 4264; x_wconf 86' lang='lat' dir='ltr'><strong>ejus</strong></span> 
     </span>
     <span class='ocr_line' id='line_1_45' title="bbox 141 4280 1776 4357; baseline 0.003 -20"><span class='ocrx_word' id='word_1_648' title='bbox 141 4281 245 4337; x_wconf 80' lang='lat' dir='ltr'><strong>arctius</strong></span> <span class='ocrx_word' id='word_1_649' title='bbox 262 4280 397 4353; x_wconf 83' lang='lat' dir='ltr'><strong>liquatur:</strong></span> <span class='ocrx_word' id='word_1_650' title='bbox 416 4297 532 4352; x_wconf 89' lang='lat' dir='ltr'><strong>cumque</strong></span> <span class='ocrx_word' id='word_1_651' title='bbox 553 4298 600 4339; x_wconf 88' lang='lat' dir='ltr'><strong>eos</strong></span> <span class='ocrx_word' id='word_1_652' title='bbox 615 4293 627 4322; x_wconf 77' lang='lat'><strong>⁶</strong></span> <span class='ocrx_word' id='word_1_653' title='bbox 643 4283 772 4353; x_wconf 89' lang='lat' dir='ltr'><strong>antiquus</strong></span> <span class='ocrx_word' id='word_1_654' title='bbox 792 4283 878 4338; x_wconf 89' lang='lat' dir='ltr'><strong>bostis</strong></span> <span class='ocrx_word' id='word_1_655' title='bbox 899 4297 933 4338; x_wconf 85' lang='lat' dir='ltr'><strong>ex</strong></span> <span class='ocrx_word' id='word_1_656' title='bbox 983 4288 1204 4353; x_wconf 72' lang='lat' dir='ltr'><strong>vescebatnr‚1ot</strong></span> <span class='ocrx_word' id='word_1_657' title='bbox 1224 4287 1257 4342; x_wconf 89' lang='lat' dir='ltr'><strong>de</strong></span> <span class='ocrx_word' id='word_1_658' title='bbox 1278 4285 1362 4342; x_wconf 90' lang='lat' dir='ltr'><strong>calice</strong></span> <span class='ocrx_word' id='word_1_659' title='bbox 1374 4284 1433 4355; x_wconf 84' lang='lat' dir='ltr'><strong>ejus</strong></span> <span class='ocrx_word' id='word_1_660' title='bbox 1445 4286 1567 4356; x_wconf 89' lang='lat' dir='ltr'><strong>potabat,</strong></span> <span class='ocrx_word' id='word_1_661' title='bbox 1580 4295 1608 4343; x_wconf 90' lang='lat' dir='ltr'><strong>et</strong></span> <span class='ocrx_word' id='word_1_662' title='bbox 1629 4288 1656 4342; x_wconf 91' lang='lat' dir='ltr'><strong>in</strong></span> <span class='ocrx_word' id='word_1_663' title='bbox 1673 4286 1776 4357; x_wconf 75' lang='lat' dir='ltr'><strong>gremio</strong></span> 
     </span>
     <span class='ocr_line' id='line_1_46' title="bbox 142 4372 1777 4471; baseline 0.002 -44"><span class='ocrx_word' id='word_1_664' title='bbox 142 4386 197 4429; x_wconf 85' lang='lat' dir='ltr'><strong>uno</strong></span> <span class='ocrx_word' id='word_1_665' title='bbox 208 4372 275 4427; x_wconf 79' lang='lat' dir='ltr'><strong>vitio</strong></span> <span class='ocrx_word' id='word_1_666' title='bbox 283 4375 410 4444; x_wconf 90' lang='lat' dir='ltr'><strong>percutit,</strong></span> <span class='ocrx_word' id='word_1_667' title='bbox 423 4383 452 4428; x_wconf 95' lang='lat' dir='ltr'><strong>ut</strong></span> <span class='ocrx_word' id='word_1_668' title='bbox 464 4376 618 4438; x_wconf 90' lang='lat' dir='ltr'><strong>concidant,</strong></span> <span class='ocrx_word' id='word_1_669' title='bbox 628 4391 660 4432; x_wconf 85' lang='lat' dir='ltr'><strong>cr</strong></span> <span class='ocrx_word' id='word_1_670' title='bbox 673 4374 726 4429; x_wconf 87' lang='lat' dir='ltr'><strong>alio</strong></span> <span class='ocrx_word' id='word_1_671' title='bbox 735 4388 844 4444; x_wconf 89' lang='lat' dir='ltr'><strong>quoque</strong></span> <span class='ocrx_word' id='word_1_672' title='bbox 856 4374 931 4446; x_wconf 88' lang='lat' dir='ltr'><strong>liqat,</strong></span> <span class='ocrx_word' id='word_1_673' title='bbox 945 4411 972 4471; x_wconf 75' lang='lat' dir='ltr'>D</span> <span class='ocrx_word' id='word_1_674' title='bbox 984 4379 1042 4451; x_wconf 75' lang='lat' dir='ltr'><strong>eins</strong></span> <span class='ocrx_word' id='word_1_675' title='bbox 1058 4378 1184 4435; x_wconf 85' lang='lat' dir='ltr'><strong>cubabat.</strong></span> <span class='ocrx_word' id='word_1_676' title='bbox 1195 4376 1342 4433; x_wconf 84' lang='lat' dir='ltr'><strong>Considera</strong></span> <span class='ocrx_word' id='word_1_677' title='bbox 1356 4391 1512 4446; x_wconf 86' lang='lat' dir='ltr'><strong>pauperem,</strong></span> <span class='ocrx_word' id='word_1_678' title='bbox 1523 4376 1657 4431; x_wconf 80' lang='lat' dir='ltr'><strong>incentiva</strong></span> <span class='ocrx_word' id='word_1_679' title='bbox 1668 4376 1777 4445; x_wconf 84' lang='lat' dir='ltr'><strong>pietatis</strong></span> 
     </span>
     <span class='ocr_line' id='line_1_47' title="bbox 141 4462 1855 4535; baseline -0.008 -1"><span class='ocrx_word' id='word_1_680' title='bbox 141 4474 178 4517; x_wconf 63' lang='grc' dir='ltr'><strong>πθ</strong></span> <span class='ocrx_word' id='word_1_681' title='bbox 192 4470 313 4534; x_wconf 68' lang='lat' dir='ltr'><strong>sinant·</strong></span> <span class='ocrx_word' id='word_1_682' title='bbox 334 4462 493 4519; x_wconf 80' lang='lat' dir='ltr'><strong>consideret</strong></span> <span class='ocrx_word' id='word_1_683' title='bbox 513 4466 602 4533; x_wconf 76' lang='lat' dir='ltr'><strong>unque</strong></span> <span class='ocrx_word' id='word_1_684' title='bbox 621 4465 701 4520; x_wconf 72' lang='lat' dir='ltr'><strong>horno</strong></span> <span class='ocrx_word' id='word_1_685' title='bbox 713 4480 775 4519; x_wconf 76' lang='lat' dir='ltr'><strong>nnn</strong></span> <span class='ocrx_word' id='word_1_686' title='bbox 788 4480 841 4534; x_wconf 80' lang='lat' dir='ltr'><strong>quo</strong></span> <span class='ocrx_word' id='word_1_687' title='bbox 860 4464 869 4504; x_wconf 75' lang='lat'><strong><em>¹</em></strong></span> <span class='ocrx_word' id='word_1_688' title='bbox 886 4467 933 4521; x_wconf 77' lang='lat' dir='ltr'><strong>ad·</strong></span> <span class='ocrx_word' id='word_1_689' title='bbox 984 4474 1104 4530; x_wconf 66' lang='lat' dir='ltr'><strong>namne:</strong></span> <span class='ocrx_word' id='word_1_690' title='bbox 1126 4471 1155 4527; x_wconf 85' lang='lat' dir='ltr'><strong>n</strong></span> <span class='ocrx_word' id='word_1_691' title='bbox 1172 4470 1300 4526; x_wconf 72' lang='lat' dir='ltr'><strong>ornianus</strong></span> <span class='ocrx_word' id='word_1_692' title='bbox 1313 4477 1405 4523; x_wconf 75' lang='lat' dir='ltr'><strong>aurem</strong></span> <span class='ocrx_word' id='word_1_693' title='bbox 1420 4466 1558 4521; x_wconf 76' lang='lat' dir='ltr'><strong>culumina</strong></span> <span class='ocrx_word' id='word_1_694' title='bbox 1574 4467 1668 4531; x_wconf 78' lang='lat' dir='ltr'><strong>muru,</strong></span> <span class='ocrx_word' id='word_1_695' title='bbox 1683 4482 1779 4535; x_wconf 61' lang='lat' dir='ltr'><strong>supr-</strong></span> <span class='ocrx_word' id='word_1_696' title='bbox 1848 4470 1855 4491; x_wconf 91' lang='lat'><em>·</em></span> 
     </span>
     <span class='ocr_line' id='line_1_48' title="bbox 142 4555 1777 4635; baseline -0.001 -24"><span class='ocrx_word' id='word_1_697' title='bbox 142 4556 265 4611; x_wconf 79' lang='lat' dir='ltr'><strong>versario</strong></span> <span class='ocrx_word' id='word_1_698' title='bbox 276 4555 375 4611; x_wconf 90' lang='lat' dir='ltr'><strong>bellum</strong></span> <span class='ocrx_word' id='word_1_699' title='bbox 388 4565 473 4628; x_wconf 81' lang='lat' dir='ltr'><strong>gerat,</strong></span> <span class='ocrx_word' id='word_1_700' title='bbox 487 4558 547 4612; x_wconf 92' lang='lat' dir='ltr'><strong>etsi</strong></span> <span class='ocrx_word' id='word_1_701' title='bbox 559 4557 615 4625; x_wconf 76' lang='lat' dir='ltr'><strong>iam</strong></span> <span class='ocrx_word' id='word_1_702' title='bbox 627 4558 695 4628; x_wconf 72' lang='lat' dir='ltr'><strong>(jum</strong></span> <span class='ocrx_word' id='word_1_703' title='bbox 709 4574 736 4612; x_wconf 85' lang='lat' dir='ltr'><strong>ae</strong></span> <span class='ocrx_word' id='word_1_704' title='bbox 751 4559 778 4612; x_wconf 86' lang='lat' dir='ltr'><strong>ia</strong></span> <span class='ocrx_word' id='word_1_705' title='bbox 791 4557 889 4628; x_wconf 85' lang='lat' dir='ltr'><strong>ulique)</strong></span> <span class='ocrx_word' id='word_1_706' title='bbox 905 4559 932 4614; x_wconf 95' lang='lat' dir='ltr'><strong>in</strong></span> <span class='ocrx_word' id='word_1_707' title='bbox 984 4566 1057 4622; x_wconf 85' lang='lat' dir='ltr'><strong>biam</strong></span> <span class='ocrx_word' id='word_1_708' title='bbox 1071 4583 1077 4619; x_wconf 90' lang='lat'><strong>:</strong></span> <span class='ocrx_word' id='word_1_709' title='bbox 1094 4566 1165 4635; x_wconf 83' lang='lat' dir='ltr'><strong>apud</strong></span> <span class='ocrx_word' id='word_1_710' title='bbox 1186 4574 1318 4634; x_wconf 84' lang='lat' dir='ltr'><strong>pauperes</strong></span> <span class='ocrx_word' id='word_1_711' title='bbox 1332 4573 1417 4622; x_wconf 74' lang='lat' dir='ltr'><strong>aanor,</strong></span> <span class='ocrx_word' id='word_1_712' title='bbox 1436 4563 1465 4612; x_wconf 90' lang='lat' dir='ltr'><strong>et</strong></span> <span class='ocrx_word' id='word_1_713' title='bbox 1477 4555 1591 4621; x_wconf 83' lang='lat' dir='ltr'><strong>ancilla,</strong></span> <span class='ocrx_word' id='word_1_714' title='bbox 1606 4563 1634 4610; x_wconf 91' lang='lat' dir='ltr'><strong>ct</strong></span> <span class='ocrx_word' id='word_1_715' title='bbox 1652 4556 1777 4610; x_wconf 83' lang='lat' dir='ltr'><strong>ministra</strong></span> 
     </span>
     <span class='ocr_line' id='line_1_49' title="bbox 140 4643 1776 4727; baseline -0.002 -26"><span class='ocrx_word' id='word_1_716' title='bbox 140 4656 172 4700; x_wconf 80' lang='lat' dir='ltr'><strong>ae</strong></span> <span class='ocrx_word' id='word_1_717' title='bbox 189 4643 290 4714; x_wconf 90' lang='lat' dir='ltr'><strong>aliquid</strong></span> <span class='ocrx_word' id='word_1_718' title='bbox 303 4646 447 4715; x_wconf 85' lang='lat' dir='ltr'><strong>deliquisse</strong></span> <span class='ocrx_word' id='word_1_719' title='bbox 461 4647 620 4716; x_wconf 82' lang='lat' dir='ltr'><strong>perpendit,</strong></span> <span class='ocrx_word' id='word_1_720' title='bbox 641 4647 730 4703; x_wconf 87' lang='lat' dir='ltr'><strong>saltim</strong></span> <span class='ocrx_word' id='word_1_721' title='bbox 754 4648 804 4718; x_wconf 72' lang='lat' dir='ltr'><strong>lter</strong></span> <span class='ocrx_word' id='word_1_722' title='bbox 826 4649 933 4719; x_wconf 83' lang='lat' dir='ltr'><strong>culpam</strong></span> <span class='ocrx_word' id='word_1_723' title='bbox 984 4662 1045 4714; x_wconf 87' lang='lat' dir='ltr'><strong>est:</strong></span> <span class='ocrx_word' id='word_1_724' title='bbox 1065 4662 1093 4711; x_wconf 91' lang='lat' dir='ltr'><strong>et</strong></span> <span class='ocrx_word' id='word_1_725' title='bbox 1105 4659 1232 4727; x_wconf 86' lang='lat' dir='ltr'><strong>procreat</strong></span> <span class='ocrx_word' id='word_1_726' title='bbox 1244 4650 1323 4716; x_wconf 88' lang='lat' dir='ltr'><strong>lilios,</strong></span> <span class='ocrx_word' id='word_1_727' title='bbox 1339 4648 1440 4717; x_wconf 89' lang='lat' dir='ltr'><strong>etipsa</strong></span> <span class='ocrx_word' id='word_1_728' title='bbox 1457 4654 1556 4712; x_wconf 91' lang='lat' dir='ltr'><strong>mater,</strong></span> <span class='ocrx_word' id='word_1_729' title='bbox 1568 4652 1596 4700; x_wconf 88' lang='lat' dir='ltr'><strong>et</strong></span> <span class='ocrx_word' id='word_1_730' title='bbox 1609 4643 1702 4699; x_wconf 77' lang='lat' dir='ltr'><strong>nutrix</strong></span> <span class='ocrx_word' id='word_1_731' title='bbox 1715 4652 1776 4698; x_wconf 88' lang='lat' dir='ltr'><strong>cst:</strong></span> 
     </span>
     <span class='ocr_line' id='line_1_50' title="bbox 141 4735 1779 4819; baseline -0.004 -23"><span class='ocrx_word' id='word_1_732' title='bbox 141 4740 176 4796; x_wconf 89' lang='lat' dir='ltr'><strong>ad</strong></span> <span class='ocrx_word' id='word_1_733' title='bbox 189 4741 296 4811; x_wconf 89' lang='lat' dir='ltr'><strong>culpam</strong></span> <span class='ocrx_word' id='word_1_734' title='bbox 310 4744 429 4811; x_wconf 88' lang='lat' dir='ltr'><strong>pertrahi</strong></span> <span class='ocrx_word' id='word_1_735' title='bbox 440 4745 629 4814; x_wconf 84' lang='lat' dir='ltr'><strong>pertimescat:</strong></span> <span class='ocrx_word' id='word_1_736' title='bbox 641 4753 671 4799; x_wconf 89' lang='lat' dir='ltr'><strong>nt</strong></span> <span class='ocrx_word' id='word_1_737' title='bbox 683 4742 804 4799; x_wconf 88' lang='lat' dir='ltr'><strong>studiose</strong></span> <span class='ocrx_word' id='word_1_738' title='bbox 813 4743 934 4798; x_wconf 80' lang='lat' dir='ltr'><strong>uitentur</strong></span> <span class='ocrx_word' id='word_1_739' title='bbox 985 4746 1056 4819; x_wconf 89' lang='lat' dir='ltr'><strong>apud</strong></span> <span class='ocrx_word' id='word_1_740' title='bbox 1069 4745 1167 4801; x_wconf 82' lang='lat' dir='ltr'><strong>divites</strong></span> <span class='ocrx_word' id='word_1_741' title='bbox 1187 4750 1277 4798; x_wconf 88' lang='lat' dir='ltr'><strong>antem</strong></span> <span class='ocrx_word' id='word_1_742' title='bbox 1291 4756 1346 4796; x_wconf 90' lang='lat' dir='ltr'><strong>nou</strong></span> <span class='ocrx_word' id='word_1_743' title='bbox 1360 4746 1403 4796; x_wconf 82' lang='lat' dir='ltr'><strong>est</strong></span> <span class='ocrx_word' id='word_1_744' title='bbox 1423 4738 1472 4795; x_wconf 85' lang='lat' dir='ltr'><strong>ita.</strong></span> <span class='ocrx_word' id='word_1_745' title='bbox 1498 4735 1550 4793; x_wconf 87' lang='lat' dir='ltr'><strong>Sed</strong></span> <span class='ocrx_word' id='word_1_746' title='bbox 1565 4751 1628 4792; x_wconf 90' lang='lat' dir='ltr'><strong>cum</strong></span> <span class='ocrx_word' id='word_1_747' title='bbox 1640 4735 1779 4807; x_wconf 76' lang='lat' dir='ltr'><strong>generauit</strong></span> 
     </span>
    </p>
   </div>
   <div class='ocr_carea' id='block_1_5' title="bbox 139 4914 1780 5087">
    <p class='ocr_par' dir='ltr' id='par_1_6' title="bbox 139 4914 1780 5087">
     <span class='ocr_line' id='line_1_51' title="bbox 139 4914 1779 4995; baseline -0.004 -18"><span class='ocrx_word' id='word_1_748' title='bbox 139 4936 234 4977; x_wconf 75' lang='lat' dir='ltr'><strong>nrum</strong></span> <span class='ocrx_word' id='word_1_749' title='bbox 253 4929 311 4989; x_wconf 88' lang='lat' dir='ltr'><strong>est,</strong></span> <span class='ocrx_word' id='word_1_750' title='bbox 333 4922 404 4992; x_wconf 90' lang='lat' dir='ltr'><strong>quod</strong></span> <span class='ocrx_word' id='word_1_751' title='bbox 426 4923 513 4978; x_wconf 88' lang='lat' dir='ltr'><strong>hostis</strong></span> <span class='ocrx_word' id='word_1_752' title='bbox 531 4931 626 4977; x_wconf 88' lang='lat' dir='ltr'><strong>noster</strong></span> <span class='ocrx_word' id='word_1_753' title='bbox 647 4922 795 4976; x_wconf 88' lang='lat' dir='ltr'><strong>electorum</strong></span> <span class='ocrx_word' id='word_1_754' title='bbox 817 4919 933 4975; x_wconf 88' lang='lat' dir='ltr'><strong>salutem</strong></span> <span class='ocrx_word' id='word_1_755' title='bbox 986 4927 1102 4985; x_wconf 62' lang='lat' dir='ltr'><strong>minii</strong></span> <span class='ocrx_word' id='word_1_756' title='bbox 1121 4925 1257 4995; x_wconf 66' lang='lat' dir='ltr'><strong>snperbia.</strong></span> <span class='ocrx_word' id='word_1_757' title='bbox 1282 4921 1426 4980; x_wconf 71' lang='lat' dir='ltr'><strong>Erubescit</strong></span> <span class='ocrx_word' id='word_1_758' title='bbox 1442 4920 1502 4978; x_wconf 82' lang='lat' dir='ltr'><strong>heri</strong></span> <span class='ocrx_word' id='word_1_759' title='bbox 1516 4918 1618 4984; x_wconf 86' lang='lat' dir='ltr'><strong>nutrix,</strong></span> <span class='ocrx_word' id='word_1_760' title='bbox 1633 4931 1693 4987; x_wconf 80' lang='lat' dir='ltr'><strong>quae</strong></span> <span class='ocrx_word' id='word_1_761' title='bbox 1708 4914 1779 4969; x_wconf 88' lang='lat' dir='ltr'><strong>lacta</strong></span> 
     </span>
     <span class='ocr_line' id='line_1_52' title="bbox 139 5007 1780 5087; baseline -0.002 -18"><span class='ocrx_word' id='word_1_762' title='bbox 139 5012 224 5069; x_wconf 80' lang='lat' dir='ltr'><strong>etiam</strong></span> <span class='ocrx_word' id='word_1_763' title='bbox 239 5012 396 5070; x_wconf 79' lang='lat' dir='ltr'><strong>vulneribus</strong></span> <span class='ocrx_word' id='word_1_764' title='bbox 414 5024 513 5071; x_wconf 77' lang='lat' dir='ltr'><strong>semet.</strong></span> <span class='ocrx_word' id='word_1_765' title='bbox 531 5012 727 5069; x_wconf 74' lang='lat' dir='ltr'><strong>⁸lirudicndos</strong></span> <span class='ocrx_word' id='word_1_766' title='bbox 749 5011 840 5076; x_wconf 82' lang='lat' dir='ltr'><strong>enirn,</strong></span> <span class='ocrx_word' id='word_1_767' title='bbox 864 5012 935 5067; x_wconf 84' lang='lat' dir='ltr'><strong>sicut</strong></span> <span class='ocrx_word' id='word_1_768' title='bbox 985 5030 1029 5080; x_wconf 60' lang='grc' dir='ltr'><strong>ω(</strong></span> <span class='ocrx_word' id='word_1_769' title='bbox 1040 5027 1137 5076; x_wconf 64' lang='lat' dir='ltr'><strong>macer.</strong></span> <span class='ocrx_word' id='word_1_770' title='bbox 1152 5015 1294 5085; x_wconf 79' lang='lat' dir='ltr'><strong>Quomodo</strong></span> <span class='ocrx_word' id='word_1_771' title='bbox 1311 5028 1376 5087; x_wconf 81' lang='lat' dir='ltr'><strong>erqo</strong></span> <span class='ocrx_word' id='word_1_772' title='bbox 1392 5015 1422 5070; x_wconf 91' lang='lat' dir='ltr'><strong>iu</strong></span> <span class='ocrx_word' id='word_1_773' title='bbox 1440 5013 1543 5086; x_wconf 85' lang='lat' dir='ltr'><strong>qremio</strong></span> <span class='ocrx_word' id='word_1_774' title='bbox 1563 5009 1623 5081; x_wconf 78' lang='lat' dir='ltr'><strong>eq&#39;us</strong></span> <span class='ocrx_word' id='word_1_775' title='bbox 1642 5007 1780 5065; x_wconf 77' lang='lat' dir='ltr'><strong>cubabat?</strong></span> 
     </span>
    </p>
   </div>
   <div class='ocr_carea' id='block_1_6' title="bbox 116 5163 1778 5727">
    <p class='ocr_par' dir='ltr' id='par_1_7' title="bbox 116 5163 1778 5727">
     <span class='ocr_line' id='line_1_53' title="bbox 116 5163 1729 5247; baseline -0.006 -26"><span class='ocrx_word' id='word_1_776' title='bbox 116 5207 122 5221; x_wconf 77' lang='lat'><em>.</em></span> <span class='ocrx_word' id='word_1_777' title='bbox 178 5166 338 5223; x_wconf 83' lang='lat' dir='ltr'><strong>·lt0nnntta</strong></span> <span class='ocrx_word' id='word_1_778' title='bbox 351 5167 405 5223; x_wconf 81' lang='lat' dir='ltr'><strong>Gre</strong></span> <span class='ocrx_word' id='word_1_779' title='bbox 423 5168 474 5223; x_wconf 87' lang='lat' dir='ltr'><strong>ocii</strong></span> <span class='ocrx_word' id='word_1_780' title='bbox 485 5169 587 5223; x_wconf 90' lang='lat' dir='ltr'><strong>monita</strong></span> <span class='ocrx_word' id='word_1_781' title='bbox 603 5166 722 5239; x_wconf 72' lang='lat' dir='ltr'><strong>preterit</strong></span> <span class='ocrx_word' id='word_1_782' title='bbox 734 5163 872 5247; x_wconf 82' lang='lat' dir='ltr'><strong>Claudius,</strong></span> <span class='ocrx_word' id='word_1_783' title='bbox 886 5164 933 5235; x_wconf 93' lang='lat' dir='ltr'><strong>qui</strong></span> <span class='ocrx_word' id='word_1_784' title='bbox 1022 5175 1151 5232; x_wconf 55' lang='lat' dir='ltr'><strong>numi„</strong></span> <span class='ocrx_word' id='word_1_785' title='bbox 1167 5172 1430 5242; x_wconf 65' lang='lat' dir='ltr'><strong>Rapqnopqrqmm,</strong></span> <span class='ocrx_word' id='word_1_786' title='bbox 1724 5233 1729 5246; x_wconf 92' lang='lat'><em>.</em></span> 
     </span>
     <span class='ocr_line' id='line_1_54' title="bbox 138 5232 1777 5324; baseline -0.014 -16"><span class='ocrx_word' id='word_1_787' title='bbox 138 5236 383 5320; x_wconf 62' lang='lat' dir='ltr'><strong>missamissa</strong></span> <span class='ocrx_word' id='word_1_788' title='bbox 418 5240 526 5321; x_wconf 64' lang='lat' dir='ltr'><strong>reseris</strong></span> <span class='ocrx_word' id='word_1_789' title='bbox 551 5254 626 5320; x_wconf 69' lang='lat' dir='ltr'><strong>num·</strong></span> <span class='ocrx_word' id='word_1_790' title='bbox 640 5236 687 5309; x_wconf 75' lang='lat' dir='ltr'><strong>aa]</strong></span> <span class='ocrx_word' id='word_1_791' title='bbox 700 5235 841 5292; x_wconf 68' lang='lat' dir='ltr'><strong>exsunn.</strong></span> <span class='ocrx_word' id='word_1_792' title='bbox 926 5276 928 5280; x_wconf 16' lang='grc' dir='ltr'><em>Α</em></span> <span class='ocrx_word' id='word_1_793' title='bbox 1026 5247 1192 5315; x_wconf 71' lang='lat' dir='ltr'><strong>tooaesuns</strong></span> <span class='ocrx_word' id='word_1_794' title='bbox 1229 5251 1328 5324; x_wconf 66' lang='lat' dir='ltr'><strong>nunu:</strong></span> <span class='ocrx_word' id='word_1_795' title='bbox 1339 5257 1372 5297; x_wconf 73' lang='lat' dir='ltr'><strong>ex</strong></span> <span class='ocrx_word' id='word_1_796' title='bbox 1383 5239 1505 5321; x_wconf 61' lang='lat' dir='ltr'><strong>crepon}</strong></span> <span class='ocrx_word' id='word_1_797' title='bbox 1517 5232 1777 5293; x_wconf 68' lang='lat' dir='ltr'><strong>tinnunculum</strong></span> 
     </span>
     <span class='ocr_line' id='line_1_55' title="bbox 179 5304 1778 5444; baseline -0.011 -70"><span class='ocrx_word' id='word_1_798' title='bbox 179 5307 193 5416; x_wconf 56' lang='lat' dir='ltr'><strong>&#39;t’</strong></span> <span class='ocrx_word' id='word_1_799' title='bbox 207 5308 292 5435; x_wconf 43' lang='lat' dir='ltr'><strong>{datto</strong></span> <span class='ocrx_word' id='word_1_800' title='bbox 304 5308 530 5433; x_wconf 53' lang='lat' dir='ltr'><strong>qwquttdmttt</strong></span> <span class='ocrx_word' id='word_1_801' title='bbox 550 5316 620 5364; x_wconf 72' lang='lat' dir='ltr'><strong>⁰⁰l¹0</strong></span> <span class='ocrx_word' id='word_1_802' title='bbox 633 5319 726 5363; x_wconf 72' lang='lat' dir='ltr'><strong>¹¹⁰⁸ll³</strong></span> <span class='ocrx_word' id='word_1_803' title='bbox 739 5314 858 5376; x_wconf 62' lang='lat' dir='ltr'><strong>llffiffl·</strong></span> <span class='ocrx_word' id='word_1_804' title='bbox 983 5316 1078 5444; x_wconf 37' lang='grc' dir='ltr'><em>ἕξω..</em></span> <span class='ocrx_word' id='word_1_805' title='bbox 1088 5315 1134 5383; x_wconf 74' lang='lat' dir='ltr'><strong>hl,</strong></span> <span class='ocrx_word' id='word_1_806' title='bbox 1147 5330 1208 5378; x_wconf 87' lang='lat' dir='ltr'><strong>cap.</strong></span> <span class='ocrx_word' id='word_1_807' title='bbox 1260 5353 1268 5377; x_wconf 97' lang='lat'><strong>,</strong></span> <span class='ocrx_word' id='word_1_808' title='bbox 1281 5312 1346 5368; x_wconf 81' lang='lat' dir='ltr'><strong>olim</strong></span> <span class='ocrx_word' id='word_1_809' title='bbox 1355 5310 1402 5382; x_wconf 70' lang='lat' dir='ltr'><strong>ll]</strong></span> <span class='ocrx_word' id='word_1_810' title='bbox 1415 5321 1586 5380; x_wconf 76' lang='lat' dir='ltr'><strong>exscripsere</strong></span> <span class='ocrx_word' id='word_1_811' title='bbox 1608 5304 1737 5361; x_wconf 87' lang='lat' dir='ltr'><strong>llabanus</strong></span> <span class='ocrx_word' id='word_1_812' title='bbox 1751 5312 1778 5359; x_wconf 89' lang='lat' dir='ltr'><strong>ct</strong></span> 
     </span>
     <span class='ocr_line' id='line_1_56' title="bbox 178 5387 1776 5528; baseline 0.001 -43"><span class='ocrx_word' id='word_1_813' title='bbox 178 5388 342 5513; x_wconf 49' lang='lat' dir='ltr'><strong>dfflqqqeie</strong></span> <span class='ocrx_word' id='word_1_814' title='bbox 402 5391 438 5433; x_wconf 49' lang='grc' dir='ltr'><strong>ω’</strong></span> <span class='ocrx_word' id='word_1_815' title='bbox 1021 5387 1282 5524; x_wconf 54' lang='lat' dir='ltr'><strong>tugi&#39;ss&#39;sequunue</strong></span> <span class='ocrx_word' id='word_1_816' title='bbox 1298 5451 1424 5505; x_wconf 82' lang='lat' dir='ltr'><strong>uidentur</strong></span> <span class='ocrx_word' id='word_1_817' title='bbox 1443 5462 1476 5502; x_wconf 86' lang='lat' dir='ltr'><strong>ex</strong></span> <span class='ocrx_word' id='word_1_818' title='bbox 1490 5443 1645 5528; x_wconf 76' lang='lat' dir='ltr'><strong>⁸huqnstino</strong></span> <span class='ocrx_word' id='word_1_819' title='bbox 1665 5441 1776 5498; x_wconf 81' lang='lat' dir='ltr'><strong>desum.</strong></span> 
     </span>
     <span class='ocr_line' id='line_1_57' title="bbox 182 5515 1511 5600; baseline -0.014 -10"><span class='ocrx_word' id='word_1_820' title='bbox 182 5528 195 5555; x_wconf 77' lang='lat'><em>⁶</em></span> <span class='ocrx_word' id='word_1_821' title='bbox 210 5515 342 5574; x_wconf 63' lang='lat' dir='ltr'><strong>Bthm‘·</strong></span> <span class='ocrx_word' id='word_1_822' title='bbox 985 5538 1041 5600; x_wconf 88' lang='lat' dir='ltr'><strong>pta,</strong></span> <span class='ocrx_word' id='word_1_823' title='bbox 1057 5527 1104 5581; x_wconf 88' lang='lat' dir='ltr'><strong>scd</strong></span> <span class='ocrx_word' id='word_1_824' title='bbox 1114 5526 1203 5580; x_wconf 89' lang='lat' dir='ltr'><strong>locum</strong></span> <span class='ocrx_word' id='word_1_825' title='bbox 1219 5518 1341 5577; x_wconf 83' lang='lat' dir='ltr'><strong>inuenire</strong></span> <span class='ocrx_word' id='word_1_826' title='bbox 1359 5534 1412 5574; x_wconf 91' lang='lat' dir='ltr'><strong>non</strong></span> <span class='ocrx_word' id='word_1_827' title='bbox 1423 5524 1511 5587; x_wconf 81' lang='lat' dir='ltr'><strong>potui.</strong></span> 
     </span>
     <span class='ocr_line' id='line_1_58' title="bbox 183 5585 1736 5669; baseline -0.004 -27"><span class='ocrx_word' id='word_1_828' title='bbox 183 5585 304 5642; x_wconf 74' lang='lat' dir='ltr'><strong>tltoste</strong></span> <span class='ocrx_word' id='word_1_829' title='bbox 532 5648 540 5660; x_wconf 57' lang='lat'>,</span> <span class='ocrx_word' id='word_1_830' title='bbox 595 5655 601 5669; x_wconf 30' lang='lat' dir='ltr'><strong>q</strong></span> <span class='ocrx_word' id='word_1_831' title='bbox 673 5608 680 5619; x_wconf 71' lang='grc'><strong>“</strong></span> <span class='ocrx_word' id='word_1_832' title='bbox 1022 5596 1138 5652; x_wconf 68' lang='lat' dir='ltr'><strong>tumus</strong></span> <span class='ocrx_word' id='word_1_833' title='bbox 1155 5589 1367 5660; x_wconf 79' lang='lat' dir='ltr'><strong>istcinuulqato</strong></span> <span class='ocrx_word' id='word_1_834' title='bbox 1380 5587 1513 5643; x_wconf 82' lang='lat' dir='ltr'><strong>Erreherio</strong></span> <span class='ocrx_word' id='word_1_835' title='bbox 1526 5590 1671 5656; x_wconf 76' lang='lat' dir='ltr'><strong>comuptus</strong></span> <span class='ocrx_word' id='word_1_836' title='bbox 1684 5587 1736 5640; x_wconf 82' lang='lat' dir='ltr'><strong>cst.</strong></span> 
     </span>
     <span class='ocr_line' id='line_1_59' title="bbox 181 5652 905 5727; baseline -0.006 -16"><span class='ocrx_word' id='word_1_837' title='bbox 181 5658 194 5698; x_wconf 82' lang='lat'>⁸</span> <span class='ocrx_word' id='word_1_838' title='bbox 209 5653 274 5713; x_wconf 73' lang='lat' dir='ltr'><strong>ttae</strong></span> <span class='ocrx_word' id='word_1_839' title='bbox 287 5658 371 5715; x_wconf 88' lang='lat' dir='ltr'><strong>habes</strong></span> <span class='ocrx_word' id='word_1_840' title='bbox 382 5672 495 5715; x_wconf 89' lang='lat' dir='ltr'><strong>numero</strong></span> <span class='ocrx_word' id='word_1_841' title='bbox 508 5656 552 5723; x_wconf 68' lang='lat' dir='ltr'><strong>bt,</strong></span> <span class='ocrx_word' id='word_1_842' title='bbox 568 5659 635 5713; x_wconf 86' lang='lat' dir='ltr'><strong>atras</strong></span> <span class='ocrx_word' id='word_1_843' title='bbox 645 5670 703 5727; x_wconf 91' lang='lat' dir='ltr'><strong>cap.</strong></span> <span class='ocrx_word' id='word_1_844' title='bbox 721 5656 763 5722; x_wconf 88' lang='lat' dir='ltr'><strong>lt,</strong></span> <span class='ocrx_word' id='word_1_845' title='bbox 776 5652 837 5726; x_wconf 82' lang='lat' dir='ltr'><strong>[seu</strong></span> <span class='ocrx_word' id='word_1_846' title='bbox 849 5653 905 5726; x_wconf 74' lang='grc'><strong>15].</strong></span> 
     </span>
    </p>
   </div>
   <div class='ocr_carea' id='block_1_7' title="bbox 0 0 1926 6116">
    <p class='ocr_par' dir='ltr' id='par_1_8' title="bbox 0 0 1926 6116">
     <span class='ocr_line' id='line_1_60' title="bbox 0 0 1926 6116; baseline 0 0"><span class='ocrx_word' id='word_1_847' title='bbox 0 0 1926 6116; x_wconf 95' lang='lat' dir='ltr'><strong> </strong></span> 
     </span>
    </p>
   </div>
  </div>
 </body>
</html>
