3832 6120
134 294 188 351 tlt
227 343 231 360 ,
452 289 686 360 Qumsrtoatcs
704 291 779 348 XXX
800 289 913 349 SUPER
934 288 1059 346 trinos
1079 287 1210 347 nucum.
1232 319 1266 330 -
1285 287 1387 348 bittit
1406 287 1438 346 il.
1709 289 1768 368 ,tit

133 408 275 482 aqualiter
287 405 368 472 lauet,
386 407 413 462 ln
427 407 536 478 quibus,
549 416 681 479 tanquam
692 408 720 462 ln
735 405 924 470 tabernaculo,
939 402 1144 469 Amuititrtdirre
1156 415 1296 474 maram.
1312 401 1467 473 assumpsit
1483 416 1526 462 me
1548 401 1582 458 dc
1596 401 1770 464 multitudiue

133 501 238 561 babitat
251 498 303 554 boc
320 505 452 568 tempore.
468 497 615 554 Teneirora
634 515 704 570 aqua
718 499 746 553 in
760 497 871 552 natibus
883 512 927 550 ae·
979 493 1151 568 populorum.
1171 514 1181 548 r

132 594 182 649 rit.
194 590 251 647 iiec
263 596 409 661 propterea
424 589 568 660 quisquam
576 589 603 644 in
619 589 664 644 illa
679 590 749 655 luce,
764 603 823 659 quse
839 587 928 644 lutura
1014 590 1094 644 Eruit
1113 607 1154 646 me
1168 589 1200 644 de
1212 590 1325 646 inimicis
1342 590 1406 648 meir
1421 589 1582 661 fortissimis,
1607 610 1617 643 r
1637 572 1772 652 Eruitnti

133 695 185 752 est,
201 698 264 740 cum
278 697 311 738 ex
329 681 425 737 ildead
438 681 556 751 speciem
566 680 732 744 venerimus,
748 679 803 750 jam
820 691 850 734 se
869 693 929 735 esse
979 685 1013 739 de
1027 682 1144 738 inimicis
1157 683 1240 747 meis,
1257 683 1303 756 qai
1317 681 1518 752 prraevaluerunt
1541 683 1575 738 ad
1588 683 1771 756 alliigendam,

134 776 294 840 arbitretur,
308 773 330 828 si
342 771 498 843 Scripturas
511 780 585 827 recte
598 770 734 841 intelligit.
748 770 776 824 ln
788 770 929 845 prophetis
979 780 1008 830 et
1023 774 1057 829 ad
1069 773 1277 847 pervertendam
1292 772 1373 827 istam
1383 771 1560 843 temporalem
1573 773 1655 833 uitam
1670 789 1772 832 meam.

134 868 220 934 euim,
238 874 320 936 atque
331 866 359 919 in
373 864 499 920 omnibus
514 862 599 918 divini
613 863 690 918 uerbi
703 863 928 933 predicatoribus
981 865 1016 921 Et
1034 867 1066 922 ai
1080 866 1120 921 lis
1142 866 1187 939 grui
1211 865 1323 920 oderunt
1337 882 1377 919 ure
1388 907 1396 932 ,
1409 865 1535 938 quonium
1554 867 1697 939 confortati
1709 881 1772 926 euru

133 961 250 1020 absetma
265 957 389 1015 doctrina
412 965 479 1011 est·
494 955 579 1030 (qula
592 964 655 1016 ante
673 957 818 1012 adrentum
835 956 928 1014 [iomi-
979 974 1112 1030 superma
1126 955 1269 1028 :qtrandiu
1284 955 1334 1012 sub
1347 955 1413 1026 ipsis
1427 971 1488 1018 sum
1503 955 1631 1029 ignorans
1647 957 1742 1016 Deum.
1760 983 1770 1013 ι

134 1055 174 1120 ni,
188 1055 252 1110 dum
269 1049 383 1106 occultis
400 1046 580 1103 sacramentis
596 1047 700 1116 gravidi
713 1087 721 1115 ,
735 1047 864 1120 mysteria
880 1048 930 1103 im·
1017 1047 1205 1110 Peccauerunt
1213 1065 1253 1103 me
1263 1048 1490 1121 indieapiictionie
1497 1065 1571 1112 merc,
1587 1049 1774 1111 rPrioresmi·

134 1160 228 1205 mensa
235 1150 386 1215 gestarent,
395 1141 560 1198 intuentium
566 1140 662 1209 oculis,
670 1155 765 1197 eorum
777 1141 930 1214 intelligen·
980 1142 1008 1199 ιιι
1017 1150 1169 1200 nocuerunt
1183 1142 1212 1197 iu
1226 1150 1348 1211 tempore
1362 1157 1416 1214 quo
1429 1141 1553 1208 mortale,
1565 1149 1592 1197 et
1605 1142 1773 1202 laboriosum

135 1239 175 1295 tia
191 1234 374 1307 caligabat->t
980 1250 1079 1311 corpus
1102 1249 1176 1307 gero.
1201 1233 1236 1288 Ει
1261 1230 1400 1302 iactur'est
1425 1232 1555 1289 Dominus
1576 1233 1773 1304 mercamentum

172 1328 234 1384 l’rce
248 1326 351 1399 [uigore
362 1328 389 1380 iu
403 1335 542 1396 conspectu
558 1327 616 1398 ejus
631 1340 640 1379 .·
658 1345 668 1378 r
683 1326 710 1384 in
727 1323 930 1399 comparatione
981 1341 1077 1380 areum
1093 1324 1127 1378 Et
1148 1323 1277 1396 quonium
1297 1322 1477 1377 amaritudine
1490 1322 1662 1384 miseriarum
1683 1323 1775 1387 firma-

136 1422 259 1496 iulgoris,
279 1422 323 1492 qui
338 1428 380 1477 est
393 1420 420 1475 in
434 1429 580 1492 conspectu
598 1462 605 1487 ,
619 1420 847 1477 manifestationis
859 1420 928 1492 ejus.
980 1424 1102 1475 mentum
1118 1413 1259 1471 terrenoel
1276 1412 1424 1474 uoluntatis
1438 1411 1671 1480 comminantem,
1692 1422 1776 1485 atque

136 1514 227 1572 Nubes
240 1515 321 1586 ipsius
346 1512 525 1568 transierunt.
546 1512 742 1569 Praedicatores
757 1511 834 1567 verbi
860 1509 927 1582 ejus,
981 1505 1139 1563 manuisum
1164 1512 1225 1570 cst,
1249 1503 1337 1560 iactus
1356 1509 1399 1559 est
1422 1502 1554 1560 Dominus
1572 1503 1774 1573 firmamentum

136 1621 191 1663 non
205 1603 263 1674 jam
273 1603 373 1659 induce
386 1602 485 1658 linibus
499 1605 685 1670 continentur,
701 1605 750 1663 sed
763 1603 930 1659 transierunt
981 1611 1082 1652 meum·
1100 1614 1110 1648 t

137 1697 171 1754 ad
194 1703 298 1768 gentes.
327 1693 471 1766 (Universa
494 1694 588 1752 mundi
616 1694 703 1766 spatia
731 1693 927 1750 miraculorum
1017 1685 1052 1741 Et
1066 1684 1157 1741 educit
1172 1701 1213 1741 me
1236 1684 1263 1740 in
1278 1684 1456 1743 latitudinem.
1477 1682 1537 1738 «Et
1563 1680 1626 1758 quia
1648 1681 1774 1739 carnales

137 1785 263 1843 claritate
277 1782 463 1858 percurrunt.)
477 1769 584 1839 Grande
601 1793 626 1838 et
644 1784 770 1839 curiones
784 1780 862 1856 ignis.
873 1782 925 1840 Ob·
937 1778 963 1841 B
977 1775 1133 1848 patiebatur
1146 1774 1295 1847 angustias,
1307 1773 1401 1829 “¹⁰¹st
1413 1772 1491 1829 mein
1503 1772 1671 1851 spiritualem
1684 1773 1777 1830 latitu-

136 1877 297 1952 iurgationis
306 1875 439 1948 figurate,
451 1875 548 1947 quibus
559 1875 633 1931 velut
644 1874 777 1947 grandine
787 1874 927 1930 cordadu-
978 1866 1147 1924 dinemiidei.
1161 1863 1514 1939 Eruitme,quoniuatuquit
1524 1880 1574 1924 me.
1583 1865 1735 1938 Antequam
1746 1867 1776 1924 ii·

136 1985 167 2025 ra
183 1968 344 2024 tunduntur.
360 1964 389 2022 Si
407 1974 499 2022 autem
516 1973 589 2022 terra
604 1966 687 2032 culta,
700 1974 728 2021 et
744 1965 827 2030 mitis,
844 1963 871 2023 id
885 1973 928 2021 est
977 1956 1034 2014 itm
1045 1957 1209 2029 eumenem,
1221 1955 1385 2012 eruilmede
1402 1955 1520 2016 inimicis
1539 1955 1607 2014 meis
1618 1958 1777 2034 potentissi-

137 2063 197 2132 pius
210 2061 317 2116 animus
330 2058 487 2131 exceperit,
501 2057 601 2113 duritia
613 2057 751 2130 grandinis
773 2058 801 2113 in
812 2073 928 2133 aquarn,
979 2047 1041 2114 mit,
1052 2047 1098 2122 qui
1114 2046 1180 2107 mihi
1193 2042 1377 2115 invidentiam
1389 2044 1490 2105 vuenti
1501 2061 1576 2117 eunt,
1588 2055 1617 2102 et
1627 2046 1662 2102 ab
1674 2045 1718 2104 bis
1729 2048 1775 2121 qui

137 2150 163 2207 id
174 2158 215 2206 est
226 2160 314 2206 terror
326 2148 469 2220 fulgurata
486 2157 535 2213 ,et
548 2148 626 2221 quasi
642 2148 791 2216 congelatae
805 2148 930 2221 objurga·
979 2138 1096 2196 oderunt
1106 2153 1159 2205 me,
1178 2139 1242 2210 quia
1253 2138 1314 2193 rulo
1329 2153 1402 2193 eum.
1422 2158 1432 2192 r

137 2242 220 2300 tionis
237 2241 266 2296 in
291 2239 444 2296 doctrinam
467 2238 614 2292 satiantem
627 2237 782 2291 resolvitur.
806 2237 869 2308 lgne
883 2254 931 2292 au·
1016 2228 1052 2285 Et
1076 2230 1199 2285 retribuet
1226 2230 1290 2284 miii
1320 2229 1449 2284 Dominus
1474 2231 1618 2291 secuudum
1642 2231 1777 2302 justitiam
1832 2288 1839 2304 ,

138 2343 193 2389 tem
205 2332 348 2388 eharitatis
360 2327 565 2387 accensacorda
577 2328 751 2386 reviviscant.
768 2326 931 2383 Hecamnia
982 2335 1076 2375 rreum.
1092 2336 1101 2368 a
1116 2318 1259 2376 Retribuat
1268 2319 1333 2373 mihi
1343 2319 1630 2380 Dominussccnndum
1639 2321 1776 2390 iustitiam

138 2426 166 2480 in
177 2423 295 2480 nubibus
304 2420 390 2490 ipsius
404 2419 437 2474 ad
451 2427 545 2489 gentes
567 2418 744 2474 transiemnt.
758 2418 768 2490 (
782 2416 850 2486 Quia
860 2416 934 2474 ride·
982 2408 1062 2464 ¹³0ssae
1077 2408 1233 2475 voluntatis,
1257 2412 1304 2480 (tui
1317 2409 1393 2484 prior
1406 2412 1524 2484 praebuit
1548 2413 1776 2479 misericordiam,

139 2514 205 2569 licet
218 2511 306 2572 sancti
322 2512 372 2566 viri
397 2511 480 2566 corda
496 2509 684 2575 audientium,
706 2518 734 2563 ct
746 2516 882 2563 terrentes
896 2506 934 2562 ie-
984 2506 1131 2570 tnlequtm
1140 2500 1267 2559 habetem
1280 2501 1561 2559 bottamvoluntatem.
1584 2503 1620 2559 Ει
1634 2504 1778 2563 secuudum

142 2603 226 2670 ciunt,
239 2611 267 2658 et
280 2602 450 2657 blandientes
461 2599 616 2656 infundunt.
630 2597 697 2655 Nam
706 2595 934 2671 quemadmodum
983 2587 1124 2658 pudicum
1141 2604 1266 2647 munuum
1282 2606 1400 2648 mearum
1409 2591 1532 2649 retribuet
1545 2593 1619 2653 aiiii.
1635 2593 1668 2653 Et
1679 2610 1780 2652 seeun-

140 2694 250 2760 ieriant‚
262 2694 394 2765 propheta
407 2700 500 2748 noster
511 2699 627 2748 testatur
641 2691 734 2746 dicens
743 2689 829 2761 (Psoi.
843 2703 933 2753 exart,
985 2678 1050 2735 dum
1073 2679 1220 2749 puritatem
1237 2679 1371 2738 factorum
1397 2699 1519 2744 meomm
1534 2688 1668 2746 retribuet
1700 2689 1780 2756 milti,

140 2785 169 2856 6)
186 2800 193 2840 :
214 2783 341 2840 Virtutem
356 2782 512 2839 terribilium
533 2793 638 2838 tuorum
653 2782 749 2848 dicent,
764 2790 789 2836 et
803 2779 935 2852 maguitu·
985 2767 1033 2840 qai
1045 2769 1140 2825 ‘libuli
1153 2770 1239 2836 miili·
1256 2780 1286 2826 nt
1298 2770 1516 2843 benefeceram,
1531 2773 1672 2836 educendo
1687 2793 1730 2836 tue
1750 2779 1778 2834 in

139 2875 229 2931 dinem
255 2885 328 2928 tuam
352 2873 499 2929 narrabunt
525 2880 579 2929 :et
605 2871 833 2946 quemadmodum
856 2868 930 2925 blan·
986 2858 1155 2916 latitudinem
1166 2861 1266 2917 fidei-t

141 2967 247 3022 dientes
264 2965 376 3036 rigent,
393 2971 502 3020 secutus
526 2961 648 3034 adiunxit
661 2960 756 3035 (itta,
771 2978 794 3016 o.
810 2962 837 3035 i)
855 2977 861 3014 :
877 2957 935 3014 ile-
1024 2948 1094 3017 Quia
1107 2952 1237 3008 custodiri
1251 2954 1306 3009 uias
1323 2951 1442 3013 Domini.
1462 2972 1472 3006 t
1491 2955 1567 3015 Utin
1583 2956 1779 3020 ‘latitudinem

140 3056 252 3111 moriam
278 3053 447 3108 abundantior
471 3053 608 3108 suadeatis
633 3061 686 3108 tuce
708 3049 873 3106 eructabunt.
900 3048 937 3104 Et
986 3036 1121 3096 bonorum
1133 3056 1256 3114 operum,
1273 3060 1333 3115 qum
1348 3039 1781 3123 peridemsunt,ctlcnganimi·

138 3146 245 3217 justitia
259 3155 304 3199 tua
313 3143 510 3216 resultabunt.)
528 3163 537 3198 r
949 3145 972 3210 (1
989 3135 1033 3188 ite
1048 3134 1249 3204 perseverando
1262 3144 1453 3208 consequatur.
1473 3157 1483 3191 r

177 3255 212 3314 Et
225 3257 336 3315 intonuit
348 3256 380 3310 de
393 3255 456 3310 ereio
466 3255 626 3311 Dominus«
647 3255 682 3312 Et
694 3254 851 3327 evangelica
865 3253 936 3310 ildu·
1005 3221 1084 3328 ,Νῗΰ
1097 3224 1174 3328 ²¹an
1185 3226 1254 3299 9²⁸⁸i
1269 3245 1286 3281 ‘⁸
1299 3225 1354 3285 Μ
1374 3244 1431 3284 ”¹⁹⁰
1445 3269 1453 3298 ν
1466 3231 1593 3303 ΜΨ.
1607 3235 1780 3311 miliiii‘il'·

142 3352 186 3409 cia
199 3352 233 3408 de
243 3350 397 3422 oordejusti
410 3350 500 3406 sonuit
511 3350 650 3405 Dominus.
658 3349 694 3406 tu
704 3348 853 3404 ditissimus
863 3347 935 3405 dedit
988 3330 1031 3370 ⁶¹⁰
1040 3324 1097 3386 ‘iu‘
1106 3331 1133 3369 ”¹
1143 3327 1281 3390 mmmm
1293 3336 1349 3375 '¹¹⁶⁰
1360 3332 1420 3380 wli
1432 3339 1541 3394 iimiii·
1557 3342 1567 3377 ⁴
1584 3323 1781 3395 Quoniamom·

142 3458 230 3498 ,mem
240 3459 326 3497 mm·
342 3441 376 3497 g,
393 3442 555 3499 haberemus
574 3456 645 3506 eam,
659 3448 686 3496 εἰ
698 3441 726 3495 in
740 3438 874 3513 profundo
894 3454 934 3494 rc·
989 3404 1142 3478 niajudicia
1154 3405 1224 3480 ejus,
1236 3410 1263 3466 id
1270 3410 1335 3467 cstd
1348 3428 1397 3486 per
1408 3416 1624 3477 misericordiam
1631 3419 1781 3492 justorum,

143 3548 204 3591 runt
215 3535 394 3591 humanarum
407 3533 564 3589 audiremus
577 3532 709 3589 coelcstia.
730 3551 739 3586 r
989 3506 1016 3554 ⁰²
1032 3514 1128 3572 imas
1149 3503 1313 3574 impiorum,
1328 3515 1358 3562 2¹
1374 3504 1478 3578 “iiiiii
1495 3511 1737 3582 fflfi380⁰d⁰l⁰1¹¹2
1754 3524 1782 3568 tl

185 3600 194 3608 '
989 3590 1154 3647 tentationes
1179 3593 1379 3664 probandamm
1404 3601 1592 3670 perseveranti
1616 3603 1782 3674 couoempta.

988 3678 1063 3734 tione
1077 3680 1229 3738 considero.
1250 3683 1285 3738 Et
1304 3685 1424 3756 iustitias
1445 3687 1502 3759 ejus
1529 3707 1581 3746 non
1599 3690 1683 3762 repuli
1698 3710 1715 3748 a
1729 3710 1780 3754 me.

988 3765 1066 3843 Quod
1075 3768 1178 3826 iaciunt
1189 3771 1344 3830 dctctcmes
1354 3775 1405 3832 sub
1419 3777 1527 3834 sarcina
1538 3794 1643 3848 earum,
1655 3788 1683 3838 et
1691 3796 1779 3843 rerer·

989 3861 1084 3912 tantur
1095 3859 1130 3914 ad
1144 3861 1274 3917 vomitum
1288 3877 1377 3921 suum,
1398 3884 1408 3918 r

1025 3945 1060 4001 Ει
1090 3966 1136 4005 ero
1159 3951 1345 4011 immaculatus
1365 3972 1454 4012 coram
1476 3973 1516 4026 eo,
1531 3969 1555 4015 et
1577 3959 1716 4018 observabo
1740 3979 1782 4021 rtte

989 4035 1022 4092 ai
1032 4037 1169 4109 iniquitute
1181 4059 1249 4099 mea.
1263 4043 1299 4101 Et
1312 4046 1436 4104 retribuet
1448 4047 1513 4108 milri
1540 4048 1668 4108 Dominus
1688 4069 1782 4113 uetu-

989 4135 1052 4191 dum
1066 4134 1202 4205 justitiam
1214 4151 1309 4192 meam.
1329 4153 1338 4188 r
1350 4136 1444 4210 ltaqtte
1458 4154 1510 4199 non
1521 4139 1609 4199 sotum
1621 4152 1733 4217 propter
1742 4143 1783 4202 la·

991 4226 1135 4284 titudinem
1147 4226 1208 4283 ddei
1223 4267 1231 4294 ,
1245 4243 1306 4299 quae
1315 4231 1551 4302 perdilectionem
1566 4244 1718 4309 operatur,
1733 4238 1782 4296 sed

182 4305 217 4361 lit
227 4317 405 4379 apparuerunt
420 4307 503 4378 [omes
516 4323 655 4380 aquarum.
675 4325 685 4360 r
706 4306 741 4363 Ει
752 4316 939 4380 apparuerunt
990 4318 1073 4373 etiarn
1085 4325 1199 4389 propter
1214 4317 1410 4390 longitudinem
1424 4325 1636 4395 perseverantie
1649 4328 1783 4386 retribuet

145 4397 194 4470 qui
205 4396 269 4454 illoti
281 4407 359 4454 erant
379 4397 407 4453 in
419 4398 631 4471 pl'aedictttiibtls
643 4397 732 4455 sontes
741 4398 832 4471 (ivan.
845 4395 937 4471 mii)
991 4407 1057 4463 mihi
1073 4407 1204 4464 Dominus
1215 4410 1364 4466 secundum
1375 4411 1511 4482 justitiam
1523 4428 1621 4473 meam,
1639 4435 1649 4470 n

145 4509 279 4567 aquarum
296 4493 448 4549 salientium
462 4493 491 4548 ln
509 4493 592 4549 vitam
607 4502 746 4551 aeternam.
769 4493 803 4547 Et
823 4492 978 4559 reuelataD
1025 4497 1060 4553 Et
1073 4498 1217 4553 securtdam
1225 4499 1367 4571 puritatem
1381 4518 1508 4559 manuum
1519 4520 1637 4561 mearunt
1660 4509 1783 4566 retribuet

145 4595 209 4641 sent
222 4584 394 4656 {umameuta
415 4586 485 4640 eriis
498 4595 639 4641 terrarum.
656 4584 779 4642 Revelati
795 4593 861 4640 sunt
873 4600 937 4658 pro·
989 4590 1053 4647 miii
1074 4591 1101 4646 in
1125 4601 1263 4664 correpectu
1284 4590 1422 4648 oculorum
1445 4594 1512 4666 ejus.
1538 4596 1700 4668 «Quoniam
1720 4616 1783 4672 qum

144 4679 244 4752 pictae,
260 4679 306 4750 qui
322 4694 375 4734 non
391 4679 630 4749 intelligebantur,
646 4693 728 4751 super
738 4694 807 4751 quos
820 4679 938 4735 aedittca-
989 4681 1127 4750 ridentur,
1141 4683 1301 4755 temporalia
1315 4694 1398 4753 sunt,
1413 4701 1473 4759 quae
1485 4697 1575 4747 autem
1587 4705 1641 4748 non
1656 4692 1783 4751 ridentur

146 4778 222 4824 retur
238 4768 313 4825 orbis
324 4777 458 4831 mirarum
469 4767 583 4823 credens
594 4767 717 4823 Domino.
732 4766 771 4822 di
781 4768 938 4840 increpatio·
990 4783 1093 4832 aeterna
1103 4785 1176 4843 sunt,
1193 4793 1247 4850 quo
1259 4777 1379 4850 pertinet
1391 4779 1505 4839 altitudo
1517 4782 1585 4854 spei.
1604 4802 1614 4837 r

145 4877 180 4916 rre
190 4870 247 4926 tue,
258 4860 369 4916 Domine
388 4860 531 4916 clamantis
551 4858 626 4932 (Luc.
636 4876 665 4928 n,
678 4858 706 4933 e)
719 4878 725 4913 ε
739 4860 939 4932 appropinqua·
1026 4863 1093 4924 Cum
1107 4879 1198 4924 saneto
1215 4880 1323 4926 sauctus
1334 4871 1396 4926 eris.
1415 4888 1424 4923 t
1440 4871 1488 4928 Est
1500 4874 1583 4930 etiam
1596 4875 1702 4933 occulta
1717 4890 1781 4947 pre·

145 4952 187 5008 vie
197 4967 278 5024 anper
290 4967 339 5008 m
360 4965 475 5024 regnum
488 4949 557 5006 bei:
577 4950 614 5005 At
635 4949 814 5021 increpatione
828 4951 938 5022 spiritur
990 4957 1119 5028 lundims,
1141 4975 1195 5032 qua
1219 4961 1378 5036 intelligeris
1405 4978 1466 5020 cum
1481 4975 1576 5025 sancto
1591 4976 1702 5026 tanetus
1715 4969 1781 5036 eris,

145 5045 195 5098 irae
216 5053 290 5100 tue:
304 5042 420 5100 dicentis
439 5040 515 5114 (Lae.
535 5057 597 5107 arrr,
611 5040 639 5113 a)
660 5059 666 5095 ε
686 5041 737 5096 uisi
759 5040 938 5112 penitentiam
990 5049 1054 5121 quia
1068 5058 1098 5107 tu
1111 5051 1276 5108 sanctificas.
1300 5051 1336 5107 m
1348 5070 1409 5110 eurr
1423 5054 1478 5109 tire
1499 5057 1636 5112 innocente
1655 5058 1781 5115 innocens

144 5137 259 5209 egeritis,
276 5153 363 5192 omnes
376 5134 499 5191 similiter
510 5134 670 5190 ntoriemiui.
687 5153 696 5188 r
989 5144 1041 5198 eris
1053 5159 1062 5198 .·
1076 5152 1104 5199 et
1113 5143 1178 5215 quia
1187 5144 1254 5201 mdli
1274 5160 1373 5214 noces,
1395 5147 1443 5203 sed
1456 5147 1595 5204 criniculis
1606 5158 1780 5218 peccatorum

172 5295 176 5299 ἡ
177 5245 258 5304 1555,
266 5248 298 5303 ge
311 5263 426 5312 ΝΜΟ,
445 5255 470 5301 ,2
482 5244 579 5317 ,mppr
593 5260 644 5299 me·
663 5261 672 5296 4
686 5241 814 5300 vocando
827 5258 860 5299 ω
870 5258 937 5313 gon.
991 5250 1102 5293 suornm
1115 5236 1303 5310 unusquisque
1316 5238 1521 5311 constringitur.
1539 5259 1548 5294 r

144 5339 221 5402 gibus
245 5339 274 5394 in
296 5340 484 5397 mmmm
509 5335 653 5407 gloriosam
668 5375 676 5400 ,
696 5334 847 5390 Ecclesiam
862 5372 870 5398 ‚
884 5341 938 5388 non
1026 5325 1062 5381 Et
1072 5343 1131 5382 cern
1145 5327 1225 5386 electe
1239 5328 1337 5384 ciectus
1347 5331 1409 5385 eris.
1426 5349 1437 5382 r
1454 5329 1488 5386 Et
1500 5331 1535 5386 ab
1548 5345 1581 5388 eo
1595 5347 1677 5404 quum
1691 5331 1779 5407 digis,

144 5433 294 5490 ammam
316 5431 463 5498 maculam,
480 5436 527 5484 aut
541 5441 659 5498 nugam:
682 5426 829 5497 ιωμιιιριιι
851 5423 939 5480 mede
989 5419 1113 5492 elegeris.
1130 5419 1163 5474 Et
1177 5431 1189 5460 ·
1205 5437 1264 5475 cum
1275 5422 1401 5492 peruersis
1415 5421 1581 5479 sairocurte
1595 5424 1630 5481 lit
1640 5437 1703 5483 eum
1716 5440 1782 5499 per·

179 3648 214 3703 Et
228 3648 297 3704 misit
314 3649 423 3720 sagittar
438 3665 516 3714 suar,
539 3657 563 3702 et
574 3648 709 3720 dissipauit
722 3663 776 3703 eos.
798 3663 808 3698 t
824 3647 858 3704 tu
871 3648 936 3702 emi·

144 3738 180 3796 sit
191 3739 376 3810 Evangelistas
382 3738 479 3810 pennis
490 3739 620 3793 virtutum
627 3746 701 3794 recta
708 3738 806 3794 itinera
811 3744 936 3795 transro-

144 3829 242 3896 tanes,
262 3846 316 3887 non
330 3830 397 3896 suis,
410 3829 458 3884 sed
468 3826 527 3896 ejus
540 3843 555 3884 a
570 3843 625 3899 quo
645 3828 721 3884 missi
738 3836 802 3884 sunt
820 3827 933 3883 viribus.

144 3922 179 3980 Et
188 3922 314 3997 dispersit
327 3939 386 3988 eos,
401 3924 435 3979 ad
452 3937 521 3993 quos
532 3921 606 3978 missi
618 3932 699 3989 sunt,
716 3929 746 3976 ut
758 3920 821 3977 aliis
840 3935 936 3976 corum

143 4012 310 4069 essentador
322 4013 385 4067 nite
399 4013 426 4068 in
443 4013 538 4077 vitam,
550 4011 611 4067 aliis
628 4010 696 4066 odor
710 4010 806 4069 martis
817 4011 845 4066 in
863 4025 937 4066 mor·

144 4113 210 4161 tem.
223 4103 259 4159 dr
278 4104 470 4160 coruscationes
495 4101 701 4174 multiplicarit,
724 4111 749 4156 et
774 4100 936 4157 centuriauit

144 4208 200 4251 eet.
215 4194 249 4252 Et
262 4194 393 4251 miracula
413 4192 613 4266 multiplicavit,
631 4200 659 4248 et
668 4193 842 4249 conturbavit
859 4207 934 4250 eet.»

182 5618 197 5649 ⁸
209 5584 504 5677 Traditsubsequontia
514 5602 648 5670 eruitur,
657 5598 938 5675 ideoquccregortas.
1026 5599 1040 5640 t
1056 5599 1127 5683 lidii.
1140 5609 1167 5654 et
1180 5600 1290 5671 premia
1299 5599 1444 5683 justorum.

181 5676 447 5806 mmo
654 5721 668 5731 ·
1030 5669 1352 5742 mmm

348 5837 487 5902 l'trnot.
504 5834 583 5900 clv.
