<?xml version="1.0" encoding="UTF-8"?>
<!DOCTYPE html PUBLIC "-//W3C//DTD XHTML 1.0 Transitional//EN"
    "http://www.w3.org/TR/xhtml1/DTD/xhtml1-transitional.dtd">
<html xmlns="http://www.w3.org/1999/xhtml" xml:lang="en" lang="en">
 <head>
  <title>
</title>
<meta http-equiv="Content-Type" content="text/html;charset=utf-8" />
  <meta name='ocr-system' content='tesseract 3.04.00' />
  <meta name='ocr-capabilities' content='ocr_page ocr_carea ocr_par ocr_line ocrx_word'/>
</head>
<body>
  <div class='ocr_page' id='page_1' title='image "./patrologiaecurs103migngoog_0300.png"; bbox 0 0 3832 6120; ppageno 0'>
   <div class='ocr_carea' id='block_1_1' title="bbox 136 240 1775 307">
    <p class='ocr_par' dir='ltr' id='par_1_1' title="bbox 136 240 1775 307">
     <span class='ocr_line' id='line_1_1' title="bbox 136 240 1775 307; baseline 0.001 -6"><span class='ocrx_word' id='word_1_1' title='bbox 136 240 192 301; x_wconf 70' lang='lat' dir='ltr'><strong>seb</strong></span> <span class='ocrx_word' id='word_1_2' title='bbox 551 245 641 307; x_wconf 82' lang='lat' dir='ltr'><strong>fflST.</strong></span> <span class='ocrx_word' id='word_1_3' title='bbox 659 247 855 306; x_wconf 74' lang='lat' dir='ltr'><strong>unlustau.</strong></span> <span class='ocrx_word' id='word_1_4' title='bbox 875 248 926 304; x_wconf 81' lang='lat' dir='ltr'><strong>OB.</strong></span> <span class='ocrx_word' id='word_1_5' title='bbox 948 244 1156 304; x_wconf 65' lang='lat' dir='ltr'><strong>aduentant</strong></span> <span class='ocrx_word' id='word_1_6' title='bbox 1175 249 1219 304; x_wconf 84' lang='lat' dir='ltr'><strong>ET</strong></span> <span class='ocrx_word' id='word_1_7' title='bbox 1236 247 1348 306; x_wconf 73' lang='lat' dir='ltr'><strong>auant.</strong></span> <span class='ocrx_word' id='word_1_8' title='bbox 1722 248 1775 306; x_wconf 79' lang='lat'><strong>586</strong></span> 
     </span>
    </p>
   </div>
   <div class='ocr_carea' id='block_1_2' title="bbox 135 352 1777 1348">
    <p class='ocr_par' dir='ltr' id='par_1_2' title="bbox 135 352 1777 1348">
     <span class='ocr_line' id='line_1_2' title="bbox 136 352 1775 436; baseline 0.007 -25"><span class='ocrx_word' id='word_1_9' title='bbox 136 355 169 411; x_wconf 89' lang='lat' dir='ltr'><strong>S.</strong></span> <span class='ocrx_word' id='word_1_10' title='bbox 186 353 314 418; x_wconf 77' lang='lat' dir='ltr'><strong>Amaudi,</strong></span> <span class='ocrx_word' id='word_1_11' title='bbox 329 352 435 410; x_wconf 87' lang='lat' dir='ltr'><strong>devilia</strong></span> <span class='ocrx_word' id='word_1_12' title='bbox 451 355 724 427; x_wconf 73' lang='lat' dir='ltr'><strong>Bacersdattvocata,</strong></span> <span class='ocrx_word' id='word_1_13' title='bbox 736 378 797 432; x_wconf 81' lang='lat' dir='ltr'><strong>quae</strong></span> <span class='ocrx_word' id='word_1_14' title='bbox 808 361 931 432; x_wconf 83' lang='lat' dir='ltr'>plurimis</span> <span class='ocrx_word' id='word_1_15' title='bbox 945 367 971 425; x_wconf 74' lang='grc' dir='ltr'>Α</span> <span class='ocrx_word' id='word_1_16' title='bbox 985 367 1069 416; x_wconf 90' lang='lat' dir='ltr'><strong>tutem</strong></span> <span class='ocrx_word' id='word_1_17' title='bbox 1084 360 1196 428; x_wconf 81' lang='lat' dir='ltr'><strong>Christi,</strong></span> <span class='ocrx_word' id='word_1_18' title='bbox 1211 362 1331 433; x_wconf 80' lang='lat' dir='ltr'><strong>depulsis</strong></span> <span class='ocrx_word' id='word_1_19' title='bbox 1344 361 1478 419; x_wconf 89' lang='lat' dir='ltr'><strong>universis</strong></span> <span class='ocrx_word' id='word_1_20' title='bbox 1492 363 1589 436; x_wconf 89' lang='lat' dir='ltr'><strong>quibus</strong></span> <span class='ocrx_word' id='word_1_21' title='bbox 1606 361 1775 422; x_wconf 85' lang='lat' dir='ltr'><strong>afficiebatur</strong></span> 
     </span>
     <span class='ocr_line' id='line_1_3' title="bbox 136 445 1775 531; baseline 0.009 -30"><span class='ocrx_word' id='word_1_22' title='bbox 136 449 221 502; x_wconf 88' lang='lat' dir='ltr'><strong>anuis</strong></span> <span class='ocrx_word' id='word_1_23' title='bbox 246 445 385 501; x_wconf 90' lang='lat' dir='ltr'><strong>oculorum</strong></span> <span class='ocrx_word' id='word_1_24' title='bbox 401 447 502 505; x_wconf 90' lang='lat' dir='ltr'><strong>lumine</strong></span> <span class='ocrx_word' id='word_1_25' title='bbox 516 453 638 509; x_wconf 81' lang='lat' dir='ltr'><strong>caruisse</strong></span> <span class='ocrx_word' id='word_1_26' title='bbox 653 454 807 519; x_wconf 78' lang='lat' dir='ltr'>dicebatur,</span> <span class='ocrx_word' id='word_1_27' title='bbox 830 454 933 509; x_wconf 79' lang='lat' dir='ltr'>ibidem</span> <span class='ocrx_word' id='word_1_28' title='bbox 984 453 1174 519; x_wconf 87' lang='lat' dir='ltr'><strong>incommodis,</strong></span> <span class='ocrx_word' id='word_1_29' title='bbox 1190 455 1228 508; x_wconf 89' lang='lat' dir='ltr'><strong>ita</strong></span> <span class='ocrx_word' id='word_1_30' title='bbox 1242 469 1325 511; x_wconf 81' lang='lat' dir='ltr'><strong>saum</strong></span> <span class='ocrx_word' id='word_1_31' title='bbox 1350 453 1462 511; x_wconf 79' lang='lat' dir='ltr'><strong>effectus</strong></span> <span class='ocrx_word' id='word_1_32' title='bbox 1485 465 1536 521; x_wconf 90' lang='lat' dir='ltr'><strong>est,</strong></span> <span class='ocrx_word' id='word_1_33' title='bbox 1556 459 1622 515; x_wconf 89' lang='lat' dir='ltr'><strong>acsi</strong></span> <span class='ocrx_word' id='word_1_34' title='bbox 1636 474 1775 531; x_wconf 91' lang='lat' dir='ltr'><strong>nunquam</strong></span> 
     </span>
     <span class='ocr_line' id='line_1_4' title="bbox 137 539 1777 632; baseline 0.007 -34"><span class='ocrx_word' id='word_1_35' title='bbox 137 543 258 599; x_wconf 71' lang='lat' dir='ltr'><strong>feliciter</strong></span> <span class='ocrx_word' id='word_1_36' title='bbox 270 539 349 614; x_wconf 62' lang='grc' dir='ltr'><strong>μὴ,</strong></span> <span class='ocrx_word' id='word_1_37' title='bbox 367 541 492 616; x_wconf 88' lang='lat' dir='ltr'><strong>lideliter]</strong></span> <span class='ocrx_word' id='word_1_38' title='bbox 506 560 589 601; x_wconf 82' lang='lat' dir='ltr'><strong>orans</strong></span> <span class='ocrx_word' id='word_1_39' title='bbox 602 548 690 602; x_wconf 87' lang='lat' dir='ltr'><strong>visum</strong></span> <span class='ocrx_word' id='word_1_40' title='bbox 702 547 813 618; x_wconf 89' lang='lat' dir='ltr'><strong>recepit.</strong></span> <span class='ocrx_word' id='word_1_41' title='bbox 832 545 934 601; x_wconf 80' lang='lat' dir='ltr'><strong>Eodem</strong></span> <span class='ocrx_word' id='word_1_42' title='bbox 984 550 1031 597; x_wconf 88' lang='lat' dir='ltr'><strong>aut</strong></span> <span class='ocrx_word' id='word_1_43' title='bbox 1042 545 1150 609; x_wconf 89' lang='lat' dir='ltr'><strong>surdus,</strong></span> <span class='ocrx_word' id='word_1_44' title='bbox 1163 554 1224 632; x_wconf 51' lang='grc' dir='ltr'><strong>,ειη</strong></span> <span class='ocrx_word' id='word_1_45' title='bbox 1235 554 1337 610; x_wconf 81' lang='lat' dir='ltr'><strong>uruws,</strong></span> <span class='ocrx_word' id='word_1_46' title='bbox 1350 556 1397 601; x_wconf 89' lang='lat' dir='ltr'><strong>aut</strong></span> <span class='ocrx_word' id='word_1_47' title='bbox 1421 562 1455 601; x_wconf 82' lang='lat' dir='ltr'><strong>ex</strong></span> <span class='ocrx_word' id='word_1_48' title='bbox 1470 550 1654 606; x_wconf 90' lang='lat' dir='ltr'><strong>contractione</strong></span> <span class='ocrx_word' id='word_1_49' title='bbox 1679 567 1777 610; x_wconf 75' lang='lat' dir='ltr'><strong>nervo</strong></span> 
     </span>
     <span class='ocr_line' id='line_1_5' title="bbox 138 633 1775 713; baseline 0.01 -26"><span class='ocrx_word' id='word_1_50' title='bbox 138 634 183 689; x_wconf 90' lang='lat' dir='ltr'><strong>die</strong></span> <span class='ocrx_word' id='word_1_51' title='bbox 195 647 293 690; x_wconf 80' lang='lat' dir='ltr'><strong>seruus</strong></span> <span class='ocrx_word' id='word_1_52' title='bbox 305 633 417 702; x_wconf 90' lang='lat' dir='ltr'><strong>quidam</strong></span> <span class='ocrx_word' id='word_1_53' title='bbox 438 634 469 688; x_wconf 90' lang='lat' dir='ltr'><strong>S.</strong></span> <span class='ocrx_word' id='word_1_54' title='bbox 486 633 612 702; x_wconf 82' lang='lat' dir='ltr'><strong>bavonis,</strong></span> <span class='ocrx_word' id='word_1_55' title='bbox 626 637 777 693; x_wconf 81' lang='lat' dir='ltr'><strong>Eberaldus</strong></span> <span class='ocrx_word' id='word_1_56' title='bbox 790 635 932 700; x_wconf 88' lang='lat' dir='ltr'><strong>vocabulo,</strong></span> <span class='ocrx_word' id='word_1_57' title='bbox 985 650 1045 689; x_wconf 90' lang='lat' dir='ltr'><strong>rum</strong></span> <span class='ocrx_word' id='word_1_58' title='bbox 1070 637 1098 690; x_wconf 94' lang='lat' dir='ltr'><strong>in</strong></span> <span class='ocrx_word' id='word_1_59' title='bbox 1112 653 1193 693; x_wconf 92' lang='lat' dir='ltr'><strong>mann</strong></span> <span class='ocrx_word' id='word_1_60' title='bbox 1221 638 1315 695; x_wconf 86' lang='lat' dir='ltr'><strong>inisset</strong></span> <span class='ocrx_word' id='word_1_61' title='bbox 1342 640 1433 709; x_wconf 92' lang='lat' dir='ltr'><strong>aliquo</strong></span> <span class='ocrx_word' id='word_1_62' title='bbox 1449 641 1529 696; x_wconf 92' lang='lat' dir='ltr'><strong>modo</strong></span> <span class='ocrx_word' id='word_1_63' title='bbox 1542 641 1709 713; x_wconf 83' lang='lat' dir='ltr'><strong>debilitatos.</strong></span> <span class='ocrx_word' id='word_1_64' title='bbox 1724 643 1775 702; x_wconf 87' lang='lat' dir='ltr'><strong>Se·</strong></span> 
     </span>
     <span class='ocr_line' id='line_1_6' title="bbox 137 719 1775 799; baseline 0.01 -24"><span class='ocrx_word' id='word_1_65' title='bbox 137 723 172 779; x_wconf 89' lang='lat' dir='ltr'><strong>de</strong></span> <span class='ocrx_word' id='word_1_66' title='bbox 192 720 256 776; x_wconf 90' lang='lat' dir='ltr'><strong>villa</strong></span> <span class='ocrx_word' id='word_1_67' title='bbox 272 719 386 777; x_wconf 87' lang='lat' dir='ltr'><strong>blillinia</strong></span> <span class='ocrx_word' id='word_1_68' title='bbox 411 722 436 786; x_wconf 73' lang='lat' dir='ltr'><strong>b,</strong></span> <span class='ocrx_word' id='word_1_69' title='bbox 452 725 667 794; x_wconf 89' lang='lat' dir='ltr'><strong>quietipseper</strong></span> <span class='ocrx_word' id='word_1_70' title='bbox 681 726 874 796; x_wconf 87' lang='lat' dir='ltr'><strong>plurcsanuos</strong></span> <span class='ocrx_word' id='word_1_71' title='bbox 890 724 933 779; x_wconf 91' lang='lat' dir='ltr'><strong>lu·</strong></span> <span class='ocrx_word' id='word_1_72' title='bbox 983 726 1131 798; x_wconf 89' lang='lat' dir='ltr'><strong>quentique</strong></span> <span class='ocrx_word' id='word_1_73' title='bbox 1153 728 1208 792; x_wconf 89' lang='lat' dir='ltr'><strong>die,</strong></span> <span class='ocrx_word' id='word_1_74' title='bbox 1235 729 1287 783; x_wconf 94' lang='lat' dir='ltr'><strong>boc</strong></span> <span class='ocrx_word' id='word_1_75' title='bbox 1301 739 1342 784; x_wconf 87' lang='lat' dir='ltr'><strong>est</strong></span> <span class='ocrx_word' id='word_1_76' title='bbox 1370 739 1447 784; x_wconf 85' lang='lat' dir='ltr'><strong>sexto</strong></span> <span class='ocrx_word' id='word_1_77' title='bbox 1477 731 1612 787; x_wconf 80' lang='lat' dir='ltr'><strong>Kalendas</strong></span> <span class='ocrx_word' id='word_1_78' title='bbox 1639 720 1775 799; x_wconf 73' lang='lat' dir='ltr'><strong>Ociobris,</strong></span> 
     </span>
     <span class='ocr_line' id='line_1_7' title="bbox 137 811 1777 896; baseline 0.009 -29"><span class='ocrx_word' id='word_1_79' title='bbox 137 829 200 868; x_wconf 79' lang='lat' dir='ltr'><strong>nien</strong></span> <span class='ocrx_word' id='word_1_80' title='bbox 214 811 276 868; x_wconf 82' lang='lat' dir='ltr'><strong>coeli</strong></span> <span class='ocrx_word' id='word_1_81' title='bbox 288 827 342 866; x_wconf 90' lang='lat' dir='ltr'><strong>nou</strong></span> <span class='ocrx_word' id='word_1_82' title='bbox 353 812 432 878; x_wconf 91' lang='lat' dir='ltr'><strong>vidit,</strong></span> <span class='ocrx_word' id='word_1_83' title='bbox 445 817 551 872; x_wconf 89' lang='lat' dir='ltr'><strong>cunctis</strong></span> <span class='ocrx_word' id='word_1_84' title='bbox 561 817 607 887; x_wconf 92' lang='lat' dir='ltr'><strong>qui</strong></span> <span class='ocrx_word' id='word_1_85' title='bbox 623 817 734 872; x_wconf 89' lang='lat' dir='ltr'><strong>aderaut</strong></span> <span class='ocrx_word' id='word_1_86' title='bbox 746 816 931 881; x_wconf 84' lang='lat' dir='ltr'><strong>cernentibus,</strong></span> <span class='ocrx_word' id='word_1_87' title='bbox 983 816 1084 872; x_wconf 80' lang='lat' dir='ltr'><strong>lentina</strong></span> <span class='ocrx_word' id='word_1_88' title='bbox 1099 819 1232 889; x_wconf 79' lang='lat' dir='ltr'><strong>quadam,</strong></span> <span class='ocrx_word' id='word_1_89' title='bbox 1248 821 1357 876; x_wconf 80' lang='lat' dir='ltr'><strong>noniinc</strong></span> <span class='ocrx_word' id='word_1_90' title='bbox 1370 822 1543 893; x_wconf 78' lang='lat' dir='ltr'><strong>Engilgarda,</strong></span> <span class='ocrx_word' id='word_1_91' title='bbox 1573 841 1633 895; x_wconf 72' lang='lat' dir='ltr'><strong>quac</strong></span> <span class='ocrx_word' id='word_1_92' title='bbox 1646 842 1695 896; x_wconf 89' lang='lat' dir='ltr'><strong>per</strong></span> <span class='ocrx_word' id='word_1_93' title='bbox 1707 827 1777 881; x_wconf 86' lang='lat' dir='ltr'><strong>und-</strong></span> 
     </span>
     <span class='ocr_line' id='line_1_8' title="bbox 136 902 1776 982; baseline 0.007 -21"><span class='ocrx_word' id='word_1_94' title='bbox 136 904 233 961; x_wconf 81' lang='lat' dir='ltr'><strong>eudcm</strong></span> <span class='ocrx_word' id='word_1_95' title='bbox 247 903 275 956; x_wconf 89' lang='lat' dir='ltr'><strong>ia</strong></span> <span class='ocrx_word' id='word_1_96' title='bbox 287 902 347 957; x_wconf 93' lang='lat' dir='ltr'><strong>loco</strong></span> <span class='ocrx_word' id='word_1_97' title='bbox 360 902 406 956; x_wconf 93' lang='lat' dir='ltr'><strong>diu</strong></span> <span class='ocrx_word' id='word_1_98' title='bbox 422 904 574 960; x_wconf 89' lang='lat' dir='ltr'><strong>desiderata</strong></span> <span class='ocrx_word' id='word_1_99' title='bbox 590 905 652 961; x_wconf 89' lang='lat' dir='ltr'><strong>luce</strong></span> <span class='ocrx_word' id='word_1_100' title='bbox 665 907 781 961; x_wconf 89' lang='lat' dir='ltr'><strong>donatus</strong></span> <span class='ocrx_word' id='word_1_101' title='bbox 799 914 851 960; x_wconf 89' lang='lat' dir='ltr'><strong>est.</strong></span> <span class='ocrx_word' id='word_1_102' title='bbox 871 905 932 977; x_wconf 90' lang='lat' dir='ltr'><strong>lpsa</strong></span> <span class='ocrx_word' id='word_1_103' title='bbox 984 913 1026 962; x_wconf 88' lang='lat' dir='ltr'><strong>tos</strong></span> <span class='ocrx_word' id='word_1_104' title='bbox 1040 923 1126 964; x_wconf 92' lang='lat' dir='ltr'><strong>anuos</strong></span> <span class='ocrx_word' id='word_1_105' title='bbox 1140 909 1199 964; x_wconf 87' lang='lat' dir='ltr'><strong>dira</strong></span> <span class='ocrx_word' id='word_1_106' title='bbox 1213 911 1345 982; x_wconf 79' lang='lat' dir='ltr'><strong>paralysis</strong></span> <span class='ocrx_word' id='word_1_107' title='bbox 1369 912 1495 981; x_wconf 81' lang='lat' dir='ltr'><strong>passione</strong></span> <span class='ocrx_word' id='word_1_108' title='bbox 1511 916 1663 979; x_wconf 89' lang='lat' dir='ltr'><strong>tenebatur,</strong></span> <span class='ocrx_word' id='word_1_109' title='bbox 1680 918 1776 973; x_wconf 90' lang='lat' dir='ltr'><strong>cadem</strong></span> 
     </span>
     <span class='ocr_line' id='line_1_9' title="bbox 135 993 1776 1079; baseline 0.012 -33"><span class='ocrx_word' id='word_1_110' title='bbox 135 1008 246 1064; x_wconf 90' lang='lat' dir='ltr'><strong>quoque</strong></span> <span class='ocrx_word' id='word_1_111' title='bbox 261 993 306 1047; x_wconf 91' lang='lat' dir='ltr'><strong>die</strong></span> <span class='ocrx_word' id='word_1_112' title='bbox 317 993 376 1048; x_wconf 85' lang='lat' dir='ltr'><strong>duae</strong></span> <span class='ocrx_word' id='word_1_113' title='bbox 390 993 486 1058; x_wconf 78' lang='lat' dir='ltr'><strong>vidue,</strong></span> <span class='ocrx_word' id='word_1_114' title='bbox 498 1010 558 1065; x_wconf 81' lang='lat' dir='ltr'><strong>quae</strong></span> <span class='ocrx_word' id='word_1_115' title='bbox 566 995 690 1067; x_wconf 89' lang='lat' dir='ltr'><strong>plurimis</strong></span> <span class='ocrx_word' id='word_1_116' title='bbox 700 996 778 1050; x_wconf 89' lang='lat' dir='ltr'><strong>annis</strong></span> <span class='ocrx_word' id='word_1_117' title='bbox 789 1010 866 1050; x_wconf 73' lang='lat' dir='ltr'><strong>caecae</strong></span> <span class='ocrx_word' id='word_1_118' title='bbox 876 994 933 1050; x_wconf 90' lang='lat' dir='ltr'><strong>lue-</strong></span> <span class='ocrx_word' id='word_1_119' title='bbox 984 998 1011 1052; x_wconf 89' lang='lat' dir='ltr'><strong>io</strong></span> <span class='ocrx_word' id='word_1_120' title='bbox 1024 999 1145 1065; x_wconf 88' lang='lat' dir='ltr'><strong>basilica,</strong></span> <span class='ocrx_word' id='word_1_121' title='bbox 1162 1017 1211 1073; x_wconf 95' lang='lat' dir='ltr'><strong>per</strong></span> <span class='ocrx_word' id='word_1_122' title='bbox 1224 1003 1321 1058; x_wconf 89' lang='lat' dir='ltr'><strong>merita</strong></span> <span class='ocrx_word' id='word_1_123' title='bbox 1334 1003 1476 1059; x_wconf 88' lang='lat' dir='ltr'><strong>beatorum</strong></span> <span class='ocrx_word' id='word_1_124' title='bbox 1501 1016 1664 1079; x_wconf 85' lang='lat' dir='ltr'><strong>martyrum,</strong></span> <span class='ocrx_word' id='word_1_125' title='bbox 1682 1025 1776 1065; x_wconf 93' lang='lat' dir='ltr'><strong>coram</strong></span> 
     </span>
     <span class='ocr_line' id='line_1_10' title="bbox 136 1083 1776 1169; baseline 0.01 -29"><span class='ocrx_word' id='word_1_126' title='bbox 136 1094 208 1149; x_wconf 87' lang='lat' dir='ltr'><strong>rant,</strong></span> <span class='ocrx_word' id='word_1_127' title='bbox 221 1083 321 1139; x_wconf 84' lang='lat' dir='ltr'><strong>ibidem</strong></span> <span class='ocrx_word' id='word_1_128' title='bbox 336 1084 492 1140; x_wconf 71' lang='lat' dir='ltr'><strong>illuminatae</strong></span> <span class='ocrx_word' id='word_1_129' title='bbox 507 1095 580 1150; x_wconf 88' lang='lat' dir='ltr'><strong>sunt,</strong></span> <span class='ocrx_word' id='word_1_130' title='bbox 599 1101 713 1156; x_wconf 89' lang='lat' dir='ltr'><strong>quarum</strong></span> <span class='ocrx_word' id='word_1_131' title='bbox 724 1087 810 1141; x_wconf 88' lang='lat' dir='ltr'><strong>altera</strong></span> <span class='ocrx_word' id='word_1_132' title='bbox 821 1087 932 1142; x_wconf 90' lang='lat' dir='ltr'><strong>nomine</strong></span> <span class='ocrx_word' id='word_1_133' title='bbox 982 1088 1056 1142; x_wconf 93' lang='lat' dir='ltr'><strong>omni</strong></span> <span class='ocrx_word' id='word_1_134' title='bbox 1071 1089 1180 1160; x_wconf 91' lang='lat' dir='ltr'><strong>populo,</strong></span> <span class='ocrx_word' id='word_1_135' title='bbox 1194 1100 1237 1146; x_wconf 90' lang='lat' dir='ltr'><strong>est</strong></span> <span class='ocrx_word' id='word_1_136' title='bbox 1250 1102 1355 1147; x_wconf 82' lang='lat' dir='ltr'><strong>cirrata.</strong></span> <span class='ocrx_word' id='word_1_137' title='bbox 1381 1095 1446 1149; x_wconf 82' lang='lat' dir='ltr'><strong>Erat</strong></span> <span class='ocrx_word' id='word_1_138' title='bbox 1460 1097 1555 1151; x_wconf 89' lang='lat' dir='ltr'><strong>eadem</strong></span> <span class='ocrx_word' id='word_1_139' title='bbox 1582 1098 1678 1153; x_wconf 90' lang='lat' dir='ltr'><strong>aneilla</strong></span> <span class='ocrx_word' id='word_1_140' title='bbox 1693 1101 1776 1169; x_wconf 92' lang='lat' dir='ltr'><strong>pcrti-</strong></span> 
     </span>
     <span class='ocr_line' id='line_1_11' title="bbox 135 1172 1776 1260; baseline 0.012 -31"><span class='ocrx_word' id='word_1_141' title='bbox 135 1174 282 1239; x_wconf 82' lang='lat' dir='ltr'><strong>blidwara,</strong></span> <span class='ocrx_word' id='word_1_142' title='bbox 296 1173 329 1228; x_wconf 90' lang='lat' dir='ltr'><strong>de</strong></span> <span class='ocrx_word' id='word_1_143' title='bbox 343 1172 407 1227; x_wconf 87' lang='lat' dir='ltr'><strong>villa</strong></span> <span class='ocrx_word' id='word_1_144' title='bbox 419 1172 531 1230; x_wconf 80' lang='lat' dir='ltr'><strong>Accipio</strong></span> <span class='ocrx_word' id='word_1_145' title='bbox 543 1185 573 1240; x_wconf 69' lang='lat'><strong>⁶3</strong></span> <span class='ocrx_word' id='word_1_146' title='bbox 590 1175 674 1229; x_wconf 91' lang='lat' dir='ltr'><strong>altera</strong></span> <span class='ocrx_word' id='word_1_147' title='bbox 688 1175 929 1241; x_wconf 81' lang='lat' dir='ltr'><strong>liicbertarocata,</strong></span> <span class='ocrx_word' id='word_1_148' title='bbox 982 1194 1050 1234; x_wconf 86' lang='lat' dir='ltr'><strong>nens</strong></span> <span class='ocrx_word' id='word_1_149' title='bbox 1062 1182 1097 1235; x_wconf 90' lang='lat' dir='ltr'><strong>ad</strong></span> <span class='ocrx_word' id='word_1_150' title='bbox 1114 1183 1280 1255; x_wconf 89' lang='lat' dir='ltr'><strong>episcopium</strong></span> <span class='ocrx_word' id='word_1_151' title='bbox 1302 1185 1484 1252; x_wconf 82' lang='lat' dir='ltr'><strong>Torruacense,</strong></span> <span class='ocrx_word' id='word_1_152' title='bbox 1499 1189 1531 1243; x_wconf 93' lang='lat' dir='ltr'><strong>de</strong></span> <span class='ocrx_word' id='word_1_153' title='bbox 1556 1190 1618 1244; x_wconf 88' lang='lat' dir='ltr'><strong>villa</strong></span> <span class='ocrx_word' id='word_1_154' title='bbox 1632 1207 1692 1260; x_wconf 80' lang='lat' dir='ltr'><strong>qum</strong></span> <span class='ocrx_word' id='word_1_155' title='bbox 1707 1193 1776 1248; x_wconf 81' lang='lat' dir='ltr'><strong>l&#39;ue·</strong></span> 
     </span>
     <span class='ocr_line' id='line_1_12' title="bbox 136 1263 1775 1348; baseline 0.011 -28"><span class='ocrx_word' id='word_1_156' title='bbox 136 1263 246 1320; x_wconf 88' lang='lat' dir='ltr'><strong>devilia</strong></span> <span class='ocrx_word' id='word_1_157' title='bbox 257 1263 437 1318; x_wconf 71' lang='lat' dir='ltr'><strong>vuerminiod</strong></span> <span class='ocrx_word' id='word_1_158' title='bbox 452 1263 536 1320; x_wconf 86' lang='lat' dir='ltr'><strong>luisse</strong></span> <span class='ocrx_word' id='word_1_159' title='bbox 554 1273 691 1320; x_wconf 76' lang='lat' dir='ltr'><strong>narratur.</strong></span> <span class='ocrx_word' id='word_1_160' title='bbox 982 1271 1138 1326; x_wconf 75' lang='lat' dir='ltr'><strong>secundial</strong></span> <span class='ocrx_word' id='word_1_161' title='bbox 1156 1276 1319 1330; x_wconf 90' lang='lat' dir='ltr'><strong>nominatur.</strong></span> <span class='ocrx_word' id='word_1_162' title='bbox 1350 1278 1378 1331; x_wconf 95' lang='lat' dir='ltr'><strong>ln</strong></span> <span class='ocrx_word' id='word_1_163' title='bbox 1404 1281 1553 1335; x_wconf 88' lang='lat' dir='ltr'><strong>crastinum</strong></span> <span class='ocrx_word' id='word_1_164' title='bbox 1583 1298 1658 1348; x_wconf 87' lang='lat' dir='ltr'><strong>vero,</strong></span> <span class='ocrx_word' id='word_1_165' title='bbox 1687 1284 1775 1341; x_wconf 82' lang='lat' dir='ltr'><strong>idest</strong></span> 
     </span>
    </p>
   </div>
   <div class='ocr_carea' id='block_1_3' title="bbox 981 1360 1775 1441">
    <p class='ocr_par' dir='ltr' id='par_1_3' title="bbox 981 1360 1775 1441">
     <span class='ocr_line' id='line_1_13' title="bbox 981 1360 1775 1441; baseline 0.023 -28"><span class='ocrx_word' id='word_1_166' title='bbox 981 1360 1224 1430; x_wconf 89' lang='lat' dir='ltr'><strong>quintollalendas</strong></span> <span class='ocrx_word' id='word_1_167' title='bbox 1250 1365 1386 1431; x_wconf 83' lang='lat' dir='ltr'><strong>Octobris,</strong></span> <span class='ocrx_word' id='word_1_168' title='bbox 1403 1369 1488 1425; x_wconf 89' lang='lat' dir='ltr'><strong>altera</strong></span> <span class='ocrx_word' id='word_1_169' title='bbox 1515 1373 1637 1441; x_wconf 84' lang='lat' dir='ltr'><strong>quaedam</strong></span> <span class='ocrx_word' id='word_1_170' title='bbox 1663 1372 1775 1438; x_wconf 82' lang='lat' dir='ltr'><strong>lentina,</strong></span> 
     </span>
    </p>
   </div>
   <div class='ocr_carea' id='block_1_4' title="bbox 981 1456 1777 1622">
    <p class='ocr_par' dir='ltr' id='par_1_4' title="bbox 981 1456 1777 1622">
     <span class='ocr_line' id='line_1_14' title="bbox 982 1456 1775 1534; baseline 0.018 -26"><span class='ocrx_word' id='word_1_171' title='bbox 982 1456 1090 1511; x_wconf 90' lang='lat' dir='ltr'><strong>nomine</strong></span> <span class='ocrx_word' id='word_1_172' title='bbox 1111 1457 1277 1530; x_wconf 76' lang='lat' dir='ltr'><strong>llambnrga,</strong></span> <span class='ocrx_word' id='word_1_173' title='bbox 1305 1461 1338 1516; x_wconf 83' lang='lat' dir='ltr'><strong>dc</strong></span> <span class='ocrx_word' id='word_1_174' title='bbox 1352 1462 1413 1516; x_wconf 86' lang='lat' dir='ltr'><strong>villa</strong></span> <span class='ocrx_word' id='word_1_175' title='bbox 1441 1463 1642 1534; x_wconf 78' lang='lat' dir='ltr'><strong>Bertingalreim</strong></span> <span class='ocrx_word' id='word_1_176' title='bbox 1668 1468 1675 1507; x_wconf 79' lang='lat' dir='ltr'><strong>t</strong></span> <span class='ocrx_word' id='word_1_177' title='bbox 1694 1468 1775 1522; x_wconf 89' lang='lat' dir='ltr'><strong>simili</strong></span> 
     </span>
     <span class='ocr_line' id='line_1_15' title="bbox 981 1545 1777 1622; baseline 0.015 -23"><span class='ocrx_word' id='word_1_178' title='bbox 981 1545 1107 1614; x_wconf 82' lang='lat' dir='ltr'><strong>passione</strong></span> <span class='ocrx_word' id='word_1_179' title='bbox 1123 1548 1149 1600; x_wconf 92' lang='lat' dir='ltr'><strong>in</strong></span> <span class='ocrx_word' id='word_1_180' title='bbox 1167 1547 1288 1603; x_wconf 79' lang='lat' dir='ltr'><strong>inferiori</strong></span> <span class='ocrx_word' id='word_1_181' title='bbox 1307 1552 1429 1620; x_wconf 88' lang='lat' dir='ltr'><strong>corporis</strong></span> <span class='ocrx_word' id='word_1_182' title='bbox 1457 1554 1498 1607; x_wconf 87' lang='lat' dir='ltr'><strong>sni</strong></span> <span class='ocrx_word' id='word_1_183' title='bbox 1519 1563 1598 1622; x_wconf 87' lang='lat' dir='ltr'><strong>parte</strong></span> <span class='ocrx_word' id='word_1_184' title='bbox 1611 1556 1687 1611; x_wconf 86' lang='lat' dir='ltr'><strong>valde</strong></span> <span class='ocrx_word' id='word_1_185' title='bbox 1702 1557 1777 1611; x_wconf 92' lang='lat' dir='ltr'><strong>debi-</strong></span> 
     </span>
    </p>
   </div>
   <div class='ocr_carea' id='block_1_5' title="bbox 135 1399 930 1656">
    <p class='ocr_par' dir='ltr' id='par_1_5' title="bbox 135 1399 930 1656">
     <span class='ocr_line' id='line_1_16' title="bbox 172 1399 930 1476; baseline 0.007 -20"><span class='ocrx_word' id='word_1_186' title='bbox 172 1399 218 1456; x_wconf 81' lang='grc'><strong>78.</strong></span> <span class='ocrx_word' id='word_1_187' title='bbox 239 1399 341 1456; x_wconf 83' lang='lat' dir='ltr'><strong>Deinde</strong></span> <span class='ocrx_word' id='word_1_188' title='bbox 358 1408 420 1470; x_wconf 87' lang='lat' dir='ltr'><strong>post</strong></span> <span class='ocrx_word' id='word_1_189' title='bbox 437 1401 495 1457; x_wconf 90' lang='lat' dir='ltr'><strong>dies</strong></span> <span class='ocrx_word' id='word_1_190' title='bbox 514 1404 754 1476; x_wconf 77' lang='lat' dir='ltr'><strong>vigintiquinque,</strong></span> <span class='ocrx_word' id='word_1_191' title='bbox 782 1406 876 1472; x_wconf 90' lang='lat' dir='ltr'><strong>idest,</strong></span> <span class='ocrx_word' id='word_1_192' title='bbox 902 1407 930 1461; x_wconf 90' lang='lat' dir='ltr'><strong>ia</strong></span> 
     </span>
     <span class='ocr_line' id='line_1_17' title="bbox 135 1489 930 1567; baseline 0.01 -23"><span class='ocrx_word' id='word_1_193' title='bbox 135 1489 285 1547; x_wconf 75' lang='lat' dir='ltr'><strong>festivitate</strong></span> <span class='ocrx_word' id='word_1_194' title='bbox 297 1489 495 1562; x_wconf 79' lang='lat' dir='ltr'><strong>Assumptionis</strong></span> <span class='ocrx_word' id='word_1_195' title='bbox 508 1503 609 1549; x_wconf 87' lang='lat' dir='ltr'><strong>sanctae</strong></span> <span class='ocrx_word' id='word_1_196' title='bbox 631 1494 731 1560; x_wconf 84' lang='lat' dir='ltr'><strong>llariae,</strong></span> <span class='ocrx_word' id='word_1_197' title='bbox 748 1495 848 1551; x_wconf 81' lang='lat' dir='ltr'><strong>semina</strong></span> <span class='ocrx_word' id='word_1_198' title='bbox 860 1512 930 1567; x_wconf 83' lang='lat' dir='ltr'><strong>quae·</strong></span> 
     </span>
     <span class='ocr_line' id='line_1_18' title="bbox 135 1580 929 1656; baseline 0.009 -20"><span class='ocrx_word' id='word_1_199' title='bbox 135 1582 200 1636; x_wconf 84' lang='lat' dir='ltr'><strong>tlara</strong></span> <span class='ocrx_word' id='word_1_200' title='bbox 213 1580 343 1636; x_wconf 86' lang='lat' dir='ltr'><strong>vocabulo</strong></span> <span class='ocrx_word' id='word_1_201' title='bbox 356 1580 544 1652; x_wconf 79' lang='lat' dir='ltr'><strong>Angarihilda,</strong></span> <span class='ocrx_word' id='word_1_202' title='bbox 559 1584 592 1638; x_wconf 93' lang='lat' dir='ltr'><strong>dc</strong></span> <span class='ocrx_word' id='word_1_203' title='bbox 604 1583 668 1638; x_wconf 94' lang='lat' dir='ltr'><strong>villa</strong></span> <span class='ocrx_word' id='word_1_204' title='bbox 686 1585 788 1656; x_wconf 84' lang='lat' dir='ltr'><strong>Gojaco</strong></span> <span class='ocrx_word' id='word_1_205' title='bbox 802 1599 825 1652; x_wconf 72' lang='lat'><strong>²,</strong></span> <span class='ocrx_word' id='word_1_206' title='bbox 837 1602 929 1642; x_wconf 91' lang='lat' dir='ltr'><strong>coram</strong></span> 
     </span>
    </p>
   </div>
   <div class='ocr_carea' id='block_1_6' title="bbox 134 1668 931 2557">
    <p class='ocr_par' dir='ltr' id='par_1_6' title="bbox 134 1668 931 2557">
     <span class='ocr_line' id='line_1_19' title="bbox 134 1668 930 1744; baseline 0.008 -20"><span class='ocrx_word' id='word_1_207' title='bbox 134 1669 222 1725; x_wconf 82' lang='lat' dir='ltr'><strong>sacris</strong></span> <span class='ocrx_word' id='word_1_208' title='bbox 238 1668 386 1740; x_wconf 83' lang='lat' dir='ltr'><strong>llartyrum</strong></span> <span class='ocrx_word' id='word_1_209' title='bbox 400 1669 531 1740; x_wconf 89' lang='lat' dir='ltr'><strong>reliquiis,</strong></span> <span class='ocrx_word' id='word_1_210' title='bbox 544 1673 619 1727; x_wconf 94' lang='lat' dir='ltr'><strong>omni</strong></span> <span class='ocrx_word' id='word_1_211' title='bbox 633 1674 732 1744; x_wconf 89' lang='lat' dir='ltr'><strong>populo</strong></span> <span class='ocrx_word' id='word_1_212' title='bbox 747 1684 886 1742; x_wconf 87' lang='lat' dir='ltr'><strong>cernente,</strong></span> <span class='ocrx_word' id='word_1_213' title='bbox 902 1684 930 1732; x_wconf 92' lang='lat' dir='ltr'><strong>ct</strong></span> 
     </span>
     <span class='ocr_line' id='line_1_20' title="bbox 135 1759 930 1833; baseline 0.009 -18"><span class='ocrx_word' id='word_1_214' title='bbox 135 1759 164 1815; x_wconf 88' lang='lat' dir='ltr'><strong>ld</strong></span> <span class='ocrx_word' id='word_1_215' title='bbox 184 1759 255 1830; x_wconf 84' lang='lat' dir='ltr'><strong>qnod</strong></span> <span class='ocrx_word' id='word_1_216' title='bbox 273 1767 402 1814; x_wconf 89' lang='lat' dir='ltr'><strong>evenerat</strong></span> <span class='ocrx_word' id='word_1_217' title='bbox 415 1761 583 1828; x_wconf 83' lang='lat' dir='ltr'><strong>admirante,</strong></span> <span class='ocrx_word' id='word_1_218' title='bbox 603 1763 641 1817; x_wconf 93' lang='lat' dir='ltr'><strong>ita</strong></span> <span class='ocrx_word' id='word_1_219' title='bbox 663 1764 803 1820; x_wconf 89' lang='lat' dir='ltr'><strong>incurvata</strong></span> <span class='ocrx_word' id='word_1_220' title='bbox 822 1774 875 1833; x_wconf 89' lang='lat' dir='ltr'><strong>est,</strong></span> <span class='ocrx_word' id='word_1_221' title='bbox 899 1775 930 1821; x_wconf 91' lang='lat' dir='ltr'><strong>ut</strong></span> 
     </span>
     <span class='ocr_line' id='line_1_21' title="bbox 134 1848 926 1926; baseline 0.01 -24"><span class='ocrx_word' id='word_1_222' title='bbox 134 1850 288 1918; x_wconf 78' lang='lat' dir='ltr'><strong>perlitasse</strong></span> <span class='ocrx_word' id='word_1_223' title='bbox 307 1848 342 1904; x_wconf 93' lang='lat' dir='ltr'><strong>ad</strong></span> <span class='ocrx_word' id='word_1_224' title='bbox 362 1849 461 1905; x_wconf 84' lang='lat' dir='ltr'><strong>coelum</strong></span> <span class='ocrx_word' id='word_1_225' title='bbox 474 1852 622 1907; x_wconf 84' lang='lat' dir='ltr'><strong>videndum</strong></span> <span class='ocrx_word' id='word_1_226' title='bbox 637 1855 742 1924; x_wconf 72' lang='lat' dir='ltr'><strong>cripere</strong></span> <span class='ocrx_word' id='word_1_227' title='bbox 757 1871 811 1912; x_wconf 90' lang='lat' dir='ltr'><strong>non</strong></span> <span class='ocrx_word' id='word_1_228' title='bbox 825 1867 926 1926; x_wconf 88' lang='lat' dir='ltr'><strong>posset.</strong></span> 
     </span>
     <span class='ocr_line' id='line_1_22' title="bbox 135 1939 929 2016; baseline 0.013 -22"><span class='ocrx_word' id='word_1_229' title='bbox 135 1939 430 2010; x_wconf 71' lang='lat' dir='ltr'><strong>Eademquesequeoti</strong></span> <span class='ocrx_word' id='word_1_230' title='bbox 442 1941 495 2007; x_wconf 89' lang='lat' dir='ltr'><strong>die,</strong></span> <span class='ocrx_word' id='word_1_231' title='bbox 508 1942 696 2000; x_wconf 89' lang='lat' dir='ltr'><strong>idestdecimo</strong></span> <span class='ocrx_word' id='word_1_232' title='bbox 708 1947 929 2016; x_wconf 87' lang='lat' dir='ltr'><strong>septimellalen·</strong></span> 
     </span>
     <span class='ocr_line' id='line_1_23' title="bbox 135 2030 926 2113; baseline 0.015 -27"><span class='ocrx_word' id='word_1_233' title='bbox 135 2031 184 2087; x_wconf 87' lang='lat' dir='ltr'><strong>das</strong></span> <span class='ocrx_word' id='word_1_234' title='bbox 194 2030 372 2102; x_wconf 81' lang='lat' dir='ltr'><strong>Septembris,</strong></span> <span class='ocrx_word' id='word_1_235' title='bbox 384 2033 412 2088; x_wconf 92' lang='lat' dir='ltr'><strong>in</strong></span> <span class='ocrx_word' id='word_1_236' title='bbox 427 2034 523 2090; x_wconf 87' lang='lat' dir='ltr'><strong>eadem</strong></span> <span class='ocrx_word' id='word_1_237' title='bbox 533 2037 659 2103; x_wconf 90' lang='lat' dir='ltr'><strong>ecclesia,</strong></span> <span class='ocrx_word' id='word_1_238' title='bbox 676 2055 739 2094; x_wconf 88' lang='lat' dir='ltr'><strong>cum</strong></span> <span class='ocrx_word' id='word_1_239' title='bbox 754 2042 926 2113; x_wconf 79' lang='lat' dir='ltr'><strong>evangelium</strong></span> 
     </span>
     <span class='ocr_line' id='line_1_24' title="bbox 135 2123 929 2202; baseline 0.016 -26"><span class='ocrx_word' id='word_1_240' title='bbox 135 2123 281 2194; x_wconf 75' lang='lat' dir='ltr'><strong>legeretur,</strong></span> <span class='ocrx_word' id='word_1_241' title='bbox 304 2124 400 2198; x_wconf 86' lang='lat' dir='ltr'><strong>eodem</strong></span> <span class='ocrx_word' id='word_1_242' title='bbox 410 2127 511 2196; x_wconf 92' lang='lat' dir='ltr'><strong>populo</strong></span> <span class='ocrx_word' id='word_1_243' title='bbox 524 2136 602 2191; x_wconf 88' lang='lat' dir='ltr'><strong>teste,</strong></span> <span class='ocrx_word' id='word_1_244' title='bbox 627 2129 664 2183; x_wconf 90' lang='lat' dir='ltr'><strong>ita</strong></span> <span class='ocrx_word' id='word_1_245' title='bbox 686 2139 776 2186; x_wconf 85' lang='lat' dir='ltr'><strong>erecta</strong></span> <span class='ocrx_word' id='word_1_246' title='bbox 792 2141 874 2202; x_wconf 89' lang='lat' dir='ltr'><strong>atque</strong></span> <span class='ocrx_word' id='word_1_247' title='bbox 902 2135 929 2189; x_wconf 94' lang='lat' dir='ltr'><strong>in</strong></span> 
     </span>
     <span class='ocr_line' id='line_1_25' title="bbox 135 2216 931 2294; baseline 0.01 -24"><span class='ocrx_word' id='word_1_248' title='bbox 135 2223 236 2270; x_wconf 86' lang='lat' dir='ltr'><strong>statam</strong></span> <span class='ocrx_word' id='word_1_249' title='bbox 260 2216 406 2285; x_wconf 91' lang='lat' dir='ltr'><strong>pristinum</strong></span> <span class='ocrx_word' id='word_1_250' title='bbox 422 2217 547 2271; x_wconf 89' lang='lat' dir='ltr'><strong>restituta</strong></span> <span class='ocrx_word' id='word_1_251' title='bbox 558 2227 609 2280; x_wconf 89' lang='lat' dir='ltr'><strong>est,</strong></span> <span class='ocrx_word' id='word_1_252' title='bbox 626 2233 659 2273; x_wconf 85' lang='lat' dir='ltr'><strong>se</strong></span> <span class='ocrx_word' id='word_1_253' title='bbox 674 2220 697 2275; x_wconf 90' lang='lat' dir='ltr'><strong>si</strong></span> <span class='ocrx_word' id='word_1_254' title='bbox 721 2236 858 2291; x_wconf 90' lang='lat' dir='ltr'><strong>nunquam</strong></span> <span class='ocrx_word' id='word_1_255' title='bbox 880 2238 931 2294; x_wconf 91' lang='lat' dir='ltr'><strong>per</strong></span> 
     </span>
     <span class='ocr_line' id='line_1_26' title="bbox 135 2307 931 2377; baseline 0.009 -17"><span class='ocrx_word' id='word_1_256' title='bbox 135 2307 219 2361; x_wconf 89' lang='lat' dir='ltr'><strong>ullam</strong></span> <span class='ocrx_word' id='word_1_257' title='bbox 234 2307 408 2377; x_wconf 87' lang='lat' dir='ltr'><strong>corporissui</strong></span> <span class='ocrx_word' id='word_1_258' title='bbox 424 2307 562 2362; x_wconf 77' lang='lat' dir='ltr'><strong>laesionem</strong></span> <span class='ocrx_word' id='word_1_259' title='bbox 574 2308 608 2362; x_wconf 92' lang='lat' dir='ltr'><strong>ad</strong></span> <span class='ocrx_word' id='word_1_260' title='bbox 630 2317 731 2363; x_wconf 91' lang='lat' dir='ltr'><strong>terram</strong></span> <span class='ocrx_word' id='word_1_261' title='bbox 745 2311 843 2367; x_wconf 81' lang='lat' dir='ltr'><strong>luisset</strong></span> <span class='ocrx_word' id='word_1_262' title='bbox 853 2313 931 2367; x_wconf 85' lang='lat' dir='ltr'><strong>inell-</strong></span> 
     </span>
     <span class='ocr_line' id='line_1_27' title="bbox 135 2393 930 2461; baseline 0.008 -11"><span class='ocrx_word' id='word_1_263' title='bbox 135 2405 210 2450; x_wconf 85' lang='lat' dir='ltr'><strong>oata.</strong></span> <span class='ocrx_word' id='word_1_264' title='bbox 239 2396 337 2451; x_wconf 77' lang='lat' dir='ltr'><strong>Postea</strong></span> <span class='ocrx_word' id='word_1_265' title='bbox 355 2393 431 2461; x_wconf 76' lang='lat' dir='ltr'><strong>vero,</strong></span> <span class='ocrx_word' id='word_1_266' title='bbox 450 2397 569 2452; x_wconf 67' lang='lat' dir='ltr'><strong>ecunda</strong></span> <span class='ocrx_word' id='word_1_267' title='bbox 597 2404 624 2452; x_wconf 92' lang='lat' dir='ltr'><strong>et</strong></span> <span class='ocrx_word' id='word_1_268' title='bbox 645 2399 774 2453; x_wconf 88' lang='lat' dir='ltr'><strong>vicesima</strong></span> <span class='ocrx_word' id='word_1_269' title='bbox 792 2400 836 2455; x_wconf 89' lang='lat' dir='ltr'><strong>die</strong></span> <span class='ocrx_word' id='word_1_270' title='bbox 853 2415 930 2455; x_wconf 87' lang='lat' dir='ltr'><strong>meo-</strong></span> 
     </span>
     <span class='ocr_line' id='line_1_28' title="bbox 135 2484 930 2557; baseline 0.011 -19"><span class='ocrx_word' id='word_1_271' title='bbox 135 2485 176 2539; x_wconf 85' lang='lat' dir='ltr'><strong>sis</strong></span> <span class='ocrx_word' id='word_1_272' title='bbox 193 2484 372 2554; x_wconf 78' lang='lat' dir='ltr'><strong>Septembris,</strong></span> <span class='ocrx_word' id='word_1_273' title='bbox 396 2486 490 2541; x_wconf 85' lang='lat' dir='ltr'><strong>idest</strong></span> <span class='ocrx_word' id='word_1_274' title='bbox 511 2487 617 2543; x_wconf 87' lang='lat' dir='ltr'><strong>decimo</strong></span> <span class='ocrx_word' id='word_1_275' title='bbox 642 2487 777 2544; x_wconf 89' lang='lat' dir='ltr'><strong>llalendas</strong></span> <span class='ocrx_word' id='word_1_276' title='bbox 792 2489 930 2557; x_wconf 86' lang='lat' dir='ltr'><strong>Octobris,</strong></span> 
     </span>
    </p>
   </div>
   <div class='ocr_carea' id='block_1_7' title="bbox 980 1635 1776 1709">
    <p class='ocr_par' dir='ltr' id='par_1_7' title="bbox 980 1635 1776 1709">
     <span class='ocr_line' id='line_1_29' title="bbox 980 1635 1776 1709; baseline 0.011 -19"><span class='ocrx_word' id='word_1_277' title='bbox 980 1635 1069 1701; x_wconf 91' lang='lat' dir='ltr'><strong>litata,</strong></span> <span class='ocrx_word' id='word_1_278' title='bbox 1087 1639 1193 1692; x_wconf 89' lang='lat' dir='ltr'><strong>eunctis</strong></span> <span class='ocrx_word' id='word_1_279' title='bbox 1222 1638 1268 1709; x_wconf 92' lang='lat' dir='ltr'><strong>qui</strong></span> <span class='ocrx_word' id='word_1_280' title='bbox 1289 1643 1403 1696; x_wconf 88' lang='lat' dir='ltr'><strong>aderant</strong></span> <span class='ocrx_word' id='word_1_281' title='bbox 1427 1643 1591 1707; x_wconf 68' lang='lat' dir='ltr'><strong>videntibus</strong></span> <span class='ocrx_word' id='word_1_282' title='bbox 1609 1658 1701 1698; x_wconf 92' lang='lat' dir='ltr'><strong>coram</strong></span> <span class='ocrx_word' id='word_1_283' title='bbox 1720 1645 1776 1700; x_wconf 88' lang='lat' dir='ltr'><strong>eis-</strong></span> 
     </span>
    </p>
   </div>
   <div class='ocr_carea' id='block_1_8' title="bbox 943 1711 1775 1802">
    <p class='ocr_par' dir='ltr' id='par_1_8' title="bbox 943 1711 1775 1802">
     <span class='ocr_line' id='line_1_30' title="bbox 943 1711 1775 1802; baseline 0.01 -21"><span class='ocrx_word' id='word_1_284' title='bbox 943 1711 1042 1782; x_wconf 80' lang='lat' dir='ltr'><strong>ssdem</strong></span> <span class='ocrx_word' id='word_1_285' title='bbox 1069 1738 1226 1784; x_wconf 88' lang='lat' dir='ltr'><strong>sanctorum</strong></span> <span class='ocrx_word' id='word_1_286' title='bbox 1256 1731 1389 1801; x_wconf 88' lang='lat' dir='ltr'><strong>reliqniis,</strong></span> <span class='ocrx_word' id='word_1_287' title='bbox 1422 1732 1569 1802; x_wconf 78' lang='lat' dir='ltr'><strong>perfectam</strong></span> <span class='ocrx_word' id='word_1_288' title='bbox 1592 1735 1775 1790; x_wconf 85' lang='lat' dir='ltr'><strong>membrorum</strong></span> 
     </span>
    </p>
   </div>
   <div class='ocr_carea' id='block_1_9' title="bbox 979 1818 1776 2537">
    <p class='ocr_par' dir='ltr' id='par_1_9' title="bbox 979 1818 1776 2071">
     <span class='ocr_line' id='line_1_31' title="bbox 981 1818 1776 1894; baseline 0.008 -22"><span class='ocrx_word' id='word_1_289' title='bbox 981 1831 1092 1873; x_wconf 74' lang='lat' dir='ltr'><strong>morum</strong></span> <span class='ocrx_word' id='word_1_290' title='bbox 1123 1818 1279 1874; x_wconf 79' lang='lat' dir='ltr'><strong>firmitatem</strong></span> <span class='ocrx_word' id='word_1_291' title='bbox 1308 1821 1426 1890; x_wconf 76' lang='lat' dir='ltr'><strong>recepit,</strong></span> <span class='ocrx_word' id='word_1_292' title='bbox 1449 1831 1531 1891; x_wconf 90' lang='lat' dir='ltr'><strong>atquc</strong></span> <span class='ocrx_word' id='word_1_293' title='bbox 1557 1822 1693 1888; x_wconf 79' lang='lat' dir='ltr'><strong>artrorbo,</strong></span> <span class='ocrx_word' id='word_1_294' title='bbox 1722 1839 1776 1894; x_wconf 92' lang='lat' dir='ltr'><strong>quo</strong></span> 
     </span>
     <span class='ocr_line' id='line_1_32' title="bbox 979 1907 1774 1980; baseline 0.011 -19"><span class='ocrx_word' id='word_1_295' title='bbox 979 1921 1028 1977; x_wconf 82' lang='lat' dir='ltr'><strong>per</strong></span> <span class='ocrx_word' id='word_1_296' title='bbox 1044 1907 1136 1964; x_wconf 87' lang='lat' dir='ltr'><strong>decem</strong></span> <span class='ocrx_word' id='word_1_297' title='bbox 1151 1924 1237 1964; x_wconf 88' lang='lat' dir='ltr'><strong>annos</strong></span> <span class='ocrx_word' id='word_1_298' title='bbox 1252 1909 1390 1965; x_wconf 88' lang='lat' dir='ltr'><strong>laborasse</strong></span> <span class='ocrx_word' id='word_1_299' title='bbox 1420 1909 1568 1975; x_wconf 80' lang='lat' dir='ltr'><strong>terebatur,</strong></span> <span class='ocrx_word' id='word_1_300' title='bbox 1584 1912 1639 1967; x_wconf 76' lang='lat' dir='ltr'><strong>lico</strong></span> <span class='ocrx_word' id='word_1_301' title='bbox 1658 1913 1774 1980; x_wconf 87' lang='lat' dir='ltr'><strong>volente,</strong></span> 
     </span>
     <span class='ocr_line' id='line_1_33' title="bbox 980 2001 1496 2071; baseline 0 -17"><span class='ocrx_word' id='word_1_302' title='bbox 980 2001 1008 2054; x_wconf 93' lang='lat' dir='ltr'><strong>in</strong></span> <span class='ocrx_word' id='word_1_303' title='bbox 1023 2010 1161 2056; x_wconf 87' lang='lat' dir='ltr'><strong>momento</strong></span> <span class='ocrx_word' id='word_1_304' title='bbox 1174 2001 1305 2071; x_wconf 92' lang='lat' dir='ltr'><strong>temporis</strong></span> <span class='ocrx_word' id='word_1_305' title='bbox 1318 2001 1430 2056; x_wconf 90' lang='lat' dir='ltr'><strong>liberata</strong></span> <span class='ocrx_word' id='word_1_306' title='bbox 1444 2011 1496 2056; x_wconf 90' lang='lat' dir='ltr'><strong>est.</strong></span> 
     </span>
    </p>

    <p class='ocr_par' dir='ltr' id='par_1_10' title="bbox 980 2090 1776 2537">
     <span class='ocr_line' id='line_1_34' title="bbox 1016 2090 1776 2162; baseline 0.004 -15"><span class='ocrx_word' id='word_1_307' title='bbox 1016 2090 1062 2147; x_wconf 83' lang='lat'><strong>80.</strong></span> <span class='ocrx_word' id='word_1_308' title='bbox 1083 2092 1184 2147; x_wconf 85' lang='lat' dir='ltr'><strong>Eadem</strong></span> <span class='ocrx_word' id='word_1_309' title='bbox 1202 2093 1244 2147; x_wconf 87' lang='lat' dir='ltr'><strong>die</strong></span> <span class='ocrx_word' id='word_1_310' title='bbox 1261 2093 1304 2146; x_wconf 91' lang='lat' dir='ltr'><strong>vir</strong></span> <span class='ocrx_word' id='word_1_311' title='bbox 1315 2092 1423 2162; x_wconf 92' lang='lat' dir='ltr'><strong>quidam</strong></span> <span class='ocrx_word' id='word_1_312' title='bbox 1435 2108 1532 2157; x_wconf 85' lang='lat' dir='ltr'><strong>caccus,</strong></span> <span class='ocrx_word' id='word_1_313' title='bbox 1549 2092 1776 2150; x_wconf 87' lang='lat' dir='ltr'><strong>uomineGerma·</strong></span> 
     </span>
     <span class='ocr_line' id='line_1_35' title="bbox 980 2185 1774 2257; baseline 0.006 -17"><span class='ocrx_word' id='word_1_314' title='bbox 980 2201 1037 2251; x_wconf 90' lang='lat' dir='ltr'><strong>rus,</strong></span> <span class='ocrx_word' id='word_1_315' title='bbox 1052 2187 1084 2242; x_wconf 91' lang='lat' dir='ltr'><strong>de</strong></span> <span class='ocrx_word' id='word_1_316' title='bbox 1098 2187 1161 2240; x_wconf 88' lang='lat' dir='ltr'><strong>villa</strong></span> <span class='ocrx_word' id='word_1_317' title='bbox 1177 2186 1343 2242; x_wconf 90' lang='lat' dir='ltr'><strong>Schaltbeim</strong></span> <span class='ocrx_word' id='word_1_318' title='bbox 1358 2185 1382 2253; x_wconf 85' lang='lat' dir='ltr'><strong>i,</strong></span> <span class='ocrx_word' id='word_1_319' title='bbox 1396 2201 1455 2256; x_wconf 75' lang='lat' dir='ltr'><strong>quar</strong></span> <span class='ocrx_word' id='word_1_320' title='bbox 1461 2186 1538 2257; x_wconf 79' lang='lat' dir='ltr'><strong>juxta</strong></span> <span class='ocrx_word' id='word_1_321' title='bbox 1551 2189 1651 2242; x_wconf 93' lang='lat' dir='ltr'><strong>ostium</strong></span> <span class='ocrx_word' id='word_1_322' title='bbox 1659 2187 1774 2252; x_wconf 88' lang='lat' dir='ltr'><strong>Scaldis,</strong></span> 
     </span>
     <span class='ocr_line' id='line_1_36' title="bbox 980 2270 1772 2351; baseline 0.004 -18"><span class='ocrx_word' id='word_1_323' title='bbox 980 2277 1099 2334; x_wconf 77' lang='lat' dir='ltr'><strong>fluminis</strong></span> <span class='ocrx_word' id='word_1_324' title='bbox 1114 2280 1141 2334; x_wconf 92' lang='lat' dir='ltr'><strong>in</strong></span> <span class='ocrx_word' id='word_1_325' title='bbox 1166 2270 1303 2334; x_wconf 83' lang='lat' dir='ltr'><strong>maritima</strong></span> <span class='ocrx_word' id='word_1_326' title='bbox 1316 2279 1459 2334; x_wconf 83' lang='lat' dir='ltr'><strong>Frisonum</strong></span> <span class='ocrx_word' id='word_1_327' title='bbox 1477 2281 1586 2351; x_wconf 77' lang='lat' dir='ltr'><strong>regione</strong></span> <span class='ocrx_word' id='word_1_328' title='bbox 1609 2281 1697 2349; x_wconf 87' lang='lat' dir='ltr'><strong>posita</strong></span> <span class='ocrx_word' id='word_1_329' title='bbox 1711 2291 1772 2343; x_wconf 74' lang='lat' dir='ltr'><strong>est:</strong></span> 
     </span>
     <span class='ocr_line' id='line_1_37' title="bbox 981 2373 1776 2443; baseline -0.001 -14"><span class='ocrx_word' id='word_1_330' title='bbox 981 2387 1043 2429; x_wconf 89' lang='lat' dir='ltr'><strong>cum</strong></span> <span class='ocrx_word' id='word_1_331' title='bbox 1053 2373 1098 2435; x_wconf 91' lang='lat' dir='ltr'><strong>ibi,</strong></span> <span class='ocrx_word' id='word_1_332' title='bbox 1113 2388 1163 2442; x_wconf 91' lang='lat' dir='ltr'><strong>pro</strong></span> <span class='ocrx_word' id='word_1_333' title='bbox 1175 2373 1330 2428; x_wconf 89' lang='lat' dir='ltr'><strong>calamitate</strong></span> <span class='ocrx_word' id='word_1_334' title='bbox 1337 2389 1416 2442; x_wconf 89' lang='lat' dir='ltr'><strong>quam</strong></span> <span class='ocrx_word' id='word_1_335' title='bbox 1427 2373 1592 2443; x_wconf 88' lang='lat' dir='ltr'><strong>patiebatur,</strong></span> <span class='ocrx_word' id='word_1_336' title='bbox 1607 2373 1713 2427; x_wconf 90' lang='lat' dir='ltr'><strong>Oomiui</strong></span> <span class='ocrx_word' id='word_1_337' title='bbox 1725 2375 1776 2428; x_wconf 90' lang='lat' dir='ltr'><strong>mi-</strong></span> 
     </span>
     <span class='ocr_line' id='line_1_38' title="bbox 982 2463 1775 2537; baseline 0.001 -18"><span class='ocrx_word' id='word_1_338' title='bbox 982 2463 1158 2519; x_wconf 86' lang='lat' dir='ltr'><strong>sericordiam</strong></span> <span class='ocrx_word' id='word_1_339' title='bbox 1173 2473 1200 2519; x_wconf 87' lang='lat' dir='ltr'><strong>et</strong></span> <span class='ocrx_word' id='word_1_340' title='bbox 1215 2464 1310 2520; x_wconf 89' lang='lat' dir='ltr'><strong>beatos</strong></span> <span class='ocrx_word' id='word_1_341' title='bbox 1321 2473 1454 2535; x_wconf 79' lang='lat' dir='ltr'><strong>martyres</strong></span> <span class='ocrx_word' id='word_1_342' title='bbox 1470 2465 1775 2537; x_wconf 79' lang='lat' dir='ltr'><strong>invocasset,diunega-</strong></span> 
     </span>
    </p>
   </div>
   <div class='ocr_carea' id='block_1_10' title="bbox 981 2553 1774 2626">
    <p class='ocr_par' dir='ltr' id='par_1_11' title="bbox 981 2553 1774 2626">
     <span class='ocr_line' id='line_1_39' title="bbox 981 2553 1774 2626; baseline 0.005 -18"><span class='ocrx_word' id='word_1_343' title='bbox 981 2553 1140 2608; x_wconf 81' lang='lat' dir='ltr'><strong>turrilumen</strong></span> <span class='ocrx_word' id='word_1_344' title='bbox 1148 2568 1209 2609; x_wconf 90' lang='lat' dir='ltr'><strong>cum</strong></span> <span class='ocrx_word' id='word_1_345' title='bbox 1218 2554 1311 2610; x_wconf 77' lang='lat' dir='ltr'><strong>&#39;letitia</strong></span> <span class='ocrx_word' id='word_1_346' title='bbox 1318 2555 1439 2626; x_wconf 88' lang='lat' dir='ltr'><strong>recipere</strong></span> <span class='ocrx_word' id='word_1_347' title='bbox 1446 2555 1553 2610; x_wconf 86' lang='lat' dir='ltr'><strong>meruit.</strong></span> <span class='ocrx_word' id='word_1_348' title='bbox 1572 2554 1675 2622; x_wconf 82' lang='lat' dir='ltr'><strong>Quarta</strong></span> <span class='ocrx_word' id='word_1_349' title='bbox 1684 2566 1774 2613; x_wconf 89' lang='lat' dir='ltr'><strong>autern</strong></span> 
     </span>
    </p>
   </div>
   <div class='ocr_carea' id='block_1_11' title="bbox 135 2575 1773 2717">
    <p class='ocr_par' dir='ltr' id='par_1_12' title="bbox 135 2575 1773 2717">
     <span class='ocr_line' id='line_1_40' title="bbox 135 2575 1773 2717; baseline 0.012 -36"><span class='ocrx_word' id='word_1_350' title='bbox 135 2575 448 2648; x_wconf 54' lang='lat' dir='ltr'><strong>homwufflamdepasso</strong></span> <span class='ocrx_word' id='word_1_351' title='bbox 458 2577 611 2633; x_wconf 45' lang='lat' dir='ltr'>&#39;texandria</span> <span class='ocrx_word' id='word_1_352' title='bbox 624 2578 757 2644; x_wconf 30' lang='lat' dir='ltr'><strong>nmina</strong></span> <span class='ocrx_word' id='word_1_353' title='bbox 768 2595 829 2651; x_wconf 46' lang='grc' dir='ltr'><strong>φη</strong></span> <span class='ocrx_word' id='word_1_354' title='bbox 841 2580 932 2652; x_wconf 50' lang='grc' dir='ltr'><strong>ΑΜ·</strong></span> <span class='ocrx_word' id='word_1_355' title='bbox 982 2643 1027 2699; x_wconf 89' lang='lat' dir='ltr'><strong>dic</strong></span> <span class='ocrx_word' id='word_1_356' title='bbox 1040 2652 1184 2714; x_wconf 84' lang='lat' dir='ltr'><strong>postquam</strong></span> <span class='ocrx_word' id='word_1_357' title='bbox 1199 2645 1251 2698; x_wconf 90' lang='lat' dir='ltr'><strong>boc</strong></span> <span class='ocrx_word' id='word_1_358' title='bbox 1264 2644 1370 2715; x_wconf 77' lang='lat' dir='ltr'><strong>sigrrnm</strong></span> <span class='ocrx_word' id='word_1_359' title='bbox 1384 2643 1499 2699; x_wconf 87' lang='lat' dir='ltr'><strong>Oomino</strong></span> <span class='ocrx_word' id='word_1_360' title='bbox 1518 2644 1627 2699; x_wconf 84' lang='lat' dir='ltr'><strong>volente</strong></span> <span class='ocrx_word' id='word_1_361' title='bbox 1648 2647 1773 2717; x_wconf 75' lang='lat' dir='ltr'><strong>contigit,</strong></span> 
     </span>
    </p>
   </div>
   <div class='ocr_carea' id='block_1_12' title="bbox 135 2666 933 2740">
    <p class='ocr_par' dir='ltr' id='par_1_13' title="bbox 135 2666 933 2740">
     <span class='ocr_line' id='line_1_41' title="bbox 135 2666 933 2740; baseline 0.009 -20"><span class='ocrx_word' id='word_1_362' title='bbox 135 2666 182 2720; x_wconf 91' lang='lat' dir='ltr'><strong>nia</strong></span> <span class='ocrx_word' id='word_1_363' title='bbox 196 2666 360 2732; x_wconf 90' lang='lat' dir='ltr'><strong>nominatur,</strong></span> <span class='ocrx_word' id='word_1_364' title='bbox 373 2668 505 2724; x_wconf 92' lang='lat' dir='ltr'><strong>vocabulo</strong></span> <span class='ocrx_word' id='word_1_365' title='bbox 520 2667 674 2735; x_wconf 82' lang='lat' dir='ltr'><strong>liodoldus,</strong></span> <span class='ocrx_word' id='word_1_366' title='bbox 685 2669 732 2738; x_wconf 92' lang='lat' dir='ltr'><strong>qui</strong></span> <span class='ocrx_word' id='word_1_367' title='bbox 745 2679 857 2740; x_wconf 84' lang='lat' dir='ltr'><strong>propter</strong></span> <span class='ocrx_word' id='word_1_368' title='bbox 866 2671 933 2727; x_wconf 87' lang='lat' dir='ltr'><strong>siui-</strong></span> 
     </span>
    </p>
   </div>
   <div class='ocr_carea' id='block_1_13' title="bbox 132 2734 1774 2828">
    <p class='ocr_par' dir='ltr' id='par_1_14' title="bbox 132 2734 1774 2828">
     <span class='ocr_line' id='line_1_42' title="bbox 132 2734 1774 2828; baseline 0.003 -16"><span class='ocrx_word' id='word_1_369' title='bbox 132 2757 186 2812; x_wconf 83' lang='lat' dir='ltr'><strong>stri</strong></span> <span class='ocrx_word' id='word_1_370' title='bbox 201 2758 290 2813; x_wconf 86' lang='lat' dir='ltr'><strong>cruris</strong></span> <span class='ocrx_word' id='word_1_371' title='bbox 303 2773 334 2813; x_wconf 93' lang='lat' dir='ltr'><strong>ac</strong></span> <span class='ocrx_word' id='word_1_372' title='bbox 345 2757 421 2828; x_wconf 88' lang='lat' dir='ltr'><strong>pedis</strong></span> <span class='ocrx_word' id='word_1_373' title='bbox 433 2759 647 2815; x_wconf 86' lang='lat' dir='ltr'><strong>imbecillitatem</strong></span> <span class='ocrx_word' id='word_1_374' title='bbox 664 2760 769 2815; x_wconf 87' lang='lat' dir='ltr'><strong>dnobus</strong></span> <span class='ocrx_word' id='word_1_375' title='bbox 783 2774 813 2815; x_wconf 90' lang='lat' dir='ltr'><strong>se</strong></span> <span class='ocrx_word' id='word_1_376' title='bbox 828 2761 932 2817; x_wconf 89' lang='lat' dir='ltr'><strong>baculis</strong></span> <span class='ocrx_word' id='word_1_377' title='bbox 982 2734 1071 2800; x_wconf 49' lang='grc' dir='ltr'><strong>κω*</strong></span> <span class='ocrx_word' id='word_1_378' title='bbox 1096 2735 1183 2805; x_wconf 64' lang='grc' dir='ltr'><strong>Ι)Γὶἀίθ</strong></span> <span class='ocrx_word' id='word_1_379' title='bbox 1209 2734 1343 2790; x_wconf 50' lang='lat' dir='ltr'><strong>“aiem</strong></span> <span class='ocrx_word' id='word_1_380' title='bbox 1366 2735 1498 2801; x_wconf 55' lang='lat' dir='ltr'><strong>⁰⁰1⁰b⁶⁸t</strong></span> <span class='ocrx_word' id='word_1_381' title='bbox 1524 2735 1648 2805; x_wconf 50' lang='grc' dir='ltr'><strong>ΜΨ</strong></span> <span class='ocrx_word' id='word_1_382' title='bbox 1677 2738 1774 2792; x_wconf 54' lang='lat' dir='ltr'><strong>anem*</strong></span> 
     </span>
    </p>
   </div>
   <div class='ocr_carea' id='block_1_14' title="bbox 38 2822 1774 2921">
    <p class='ocr_par' dir='ltr' id='par_1_15' title="bbox 38 2822 1774 2921">
     <span class='ocr_line' id='line_1_43' title="bbox 38 2822 1774 2921; baseline 0.009 -56"><span class='ocrx_word' id='word_1_383' title='bbox 38 2856 43 2865; x_wconf 83' lang='lat'><strong>.</strong></span> <span class='ocrx_word' id='word_1_384' title='bbox 134 2847 169 2901; x_wconf 52' lang='lat' dir='ltr'><strong>,d</strong></span> <span class='ocrx_word' id='word_1_385' title='bbox 186 2847 363 2904; x_wconf 40' lang='lat' dir='ltr'>incedendum</span> <span class='ocrx_word' id='word_1_386' title='bbox 381 2848 562 2915; x_wconf 47' lang='lat' dir='ltr'><strong>summat,</strong></span> <span class='ocrx_word' id='word_1_387' title='bbox 576 2848 615 2903; x_wconf 54' lang='lat' dir='ltr'><strong>iu</strong></span> <span class='ocrx_word' id='word_1_388' title='bbox 629 2848 728 2904; x_wconf 57' lang='lat' dir='ltr'><strong>ibjdem</strong></span> <span class='ocrx_word' id='word_1_389' title='bbox 742 2851 769 2904; x_wconf 62' lang='lat' dir='ltr'><strong>in</strong></span> <span class='ocrx_word' id='word_1_390' title='bbox 786 2861 932 2921; x_wconf 54' lang='lat' dir='ltr'><strong>omma</strong></span> <span class='ocrx_word' id='word_1_391' title='bbox 979 2822 1012 2878; x_wconf 86' lang='lat' dir='ltr'><strong>S.</strong></span> <span class='ocrx_word' id='word_1_392' title='bbox 1028 2824 1156 2889; x_wconf 88' lang='lat' dir='ltr'><strong>Bavonis,</strong></span> <span class='ocrx_word' id='word_1_393' title='bbox 1182 2823 1312 2879; x_wconf 84' lang='lat' dir='ltr'><strong>vocabulo</strong></span> <span class='ocrx_word' id='word_1_394' title='bbox 1327 2823 1484 2890; x_wconf 86' lang='lat' dir='ltr'><strong>Ouudrada,</strong></span> <span class='ocrx_word' id='word_1_395' title='bbox 1510 2824 1619 2880; x_wconf 86' lang='lat' dir='ltr'><strong>devilia</strong></span> <span class='ocrx_word' id='word_1_396' title='bbox 1646 2825 1774 2899; x_wconf 78' lang='lat' dir='ltr'><strong>Aldioqa·</strong></span> 
     </span>
    </p>
   </div>
   <div class='ocr_carea' id='block_1_15' title="bbox 135 2914 1773 3115">
    <p class='ocr_par' dir='ltr' id='par_1_16' title="bbox 135 2914 1773 3115">
     <span class='ocr_line' id='line_1_44' title="bbox 136 2914 1772 3010; baseline -0.01 -17"><span class='ocrx_word' id='word_1_397' title='bbox 136 2936 227 3008; x_wconf 91' lang='lat' dir='ltr'><strong>populi</strong></span> <span class='ocrx_word' id='word_1_398' title='bbox 243 2938 669 3007; x_wconf 85' lang='lat' dir='ltr'><strong>perlectecuratuscst,ntultra</strong></span> <span class='ocrx_word' id='word_1_399' title='bbox 681 2940 738 3010; x_wconf 83' lang='lat' dir='ltr'><strong>jam</strong></span> <span class='ocrx_word' id='word_1_400' title='bbox 753 2940 932 2996; x_wconf 80' lang='lat' dir='ltr'><strong>inambulau-</strong></span> <span class='ocrx_word' id='word_1_401' title='bbox 981 2917 1054 2972; x_wconf 57' lang='grc' dir='ltr'><strong>ΜΨ</strong></span> <span class='ocrx_word' id='word_1_402' title='bbox 1070 2917 1084 2957; x_wconf 69' lang='lat'><strong>¹</strong></span> <span class='ocrx_word' id='word_1_403' title='bbox 1102 2932 1162 2987; x_wconf 68' lang='lat' dir='ltr'>(1¹¹ae</span> <span class='ocrx_word' id='word_1_404' title='bbox 1186 2917 1273 2972; x_wconf 56' lang='lat' dir='ltr'><strong>lilim</strong></span> <span class='ocrx_word' id='word_1_405' title='bbox 1302 2914 1359 2971; x_wconf 64' lang='lat' dir='ltr'><strong>sm</strong></span> <span class='ocrx_word' id='word_1_406' title='bbox 1376 2916 1455 2971; x_wconf 61' lang='grc' dir='ltr'><strong>ΜΒ</strong></span> <span class='ocrx_word' id='word_1_407' title='bbox 1473 2915 1558 2971; x_wconf 60' lang='lat' dir='ltr'><strong>fidem</strong></span> <span class='ocrx_word' id='word_1_408' title='bbox 1577 2931 1632 2972; x_wconf 70' lang='lat' dir='ltr'><strong>non</strong></span> <span class='ocrx_word' id='word_1_409' title='bbox 1657 2919 1772 2983; x_wconf 84' lang='lat' dir='ltr'><strong>viderat,</strong></span> 
     </span>
     <span class='ocr_line' id='line_1_45' title="bbox 135 3006 1773 3115; baseline -0.01 -33"><span class='ocrx_word' id='word_1_410' title='bbox 135 3031 172 3084; x_wconf 89' lang='lat' dir='ltr'><strong>do</strong></span> <span class='ocrx_word' id='word_1_411' title='bbox 185 3029 341 3086; x_wconf 78' lang='lat' dir='ltr'><strong>baculorum</strong></span> <span class='ocrx_word' id='word_1_412' title='bbox 355 3032 519 3087; x_wconf 67' lang='lat' dir='ltr'><strong>adminicuto</strong></span> <span class='ocrx_word' id='word_1_413' title='bbox 530 3048 584 3088; x_wconf 65' lang='lat'><strong>110„</strong></span> <span class='ocrx_word' id='word_1_414' title='bbox 598 3043 701 3104; x_wconf 55' lang='lat' dir='ltr'><strong>egem,</strong></span> <span class='ocrx_word' id='word_1_415' title='bbox 943 3052 965 3115; x_wconf 75' lang='lat' dir='ltr'>C</span> <span class='ocrx_word' id='word_1_416' title='bbox 980 3008 1027 3064; x_wconf 93' lang='lat' dir='ltr'><strong>ubi</strong></span> <span class='ocrx_word' id='word_1_417' title='bbox 1042 3023 1071 3064; x_wconf 91' lang='lat' dir='ltr'><strong>se</strong></span> <span class='ocrx_word' id='word_1_418' title='bbox 1085 3021 1179 3063; x_wconf 90' lang='lat' dir='ltr'><strong>coram</strong></span> <span class='ocrx_word' id='word_1_419' title='bbox 1202 3007 1282 3062; x_wconf 89' lang='lat' dir='ltr'><strong>altari</strong></span> <span class='ocrx_word' id='word_1_420' title='bbox 1297 3006 1331 3061; x_wconf 90' lang='lat' dir='ltr'><strong>ad</strong></span> <span class='ocrx_word' id='word_1_421' title='bbox 1345 3008 1477 3062; x_wconf 90' lang='lat' dir='ltr'><strong>orandum</strong></span> <span class='ocrx_word' id='word_1_422' title='bbox 1504 3009 1664 3078; x_wconf 89' lang='lat' dir='ltr'><strong>prostravit,</strong></span> <span class='ocrx_word' id='word_1_423' title='bbox 1682 3009 1773 3066; x_wconf 90' lang='lat' dir='ltr'><strong>lumen</strong></span> 
     </span>
    </p>
   </div>
   <div class='ocr_carea' id='block_1_16' title="bbox 171 3097 1773 3216">
    <p class='ocr_par' dir='ltr' id='par_1_17' title="bbox 171 3097 1773 3216">
     <span class='ocr_line' id='line_1_46' title="bbox 171 3097 1773 3216; baseline -0.018 -16"><span class='ocrx_word' id='word_1_424' title='bbox 171 3143 216 3199; x_wconf 80' lang='grc'><strong>79.</strong></span> <span class='ocrx_word' id='word_1_425' title='bbox 236 3142 338 3210; x_wconf 84' lang='lat' dir='ltr'><strong>Quarta</strong></span> <span class='ocrx_word' id='word_1_426' title='bbox 351 3158 417 3200; x_wconf 84' lang='lat' dir='ltr'><strong>vero</strong></span> <span class='ocrx_word' id='word_1_427' title='bbox 430 3144 475 3200; x_wconf 93' lang='lat' dir='ltr'><strong>die</strong></span> <span class='ocrx_word' id='word_1_428' title='bbox 506 3151 568 3215; x_wconf 85' lang='lat' dir='ltr'><strong>post</strong></span> <span class='ocrx_word' id='word_1_429' title='bbox 583 3144 765 3214; x_wconf 90' lang='lat' dir='ltr'><strong>patrationem</strong></span> <span class='ocrx_word' id='word_1_430' title='bbox 779 3144 859 3216; x_wconf 77' lang='lat' dir='ltr'><strong>buius</strong></span> <span class='ocrx_word' id='word_1_431' title='bbox 876 3147 926 3202; x_wconf 90' lang='lat' dir='ltr'><strong>mi·</strong></span> <span class='ocrx_word' id='word_1_432' title='bbox 980 3098 1204 3168; x_wconf 54' lang='lat' dir='ltr'><strong>mdamioem’</strong></span> <span class='ocrx_word' id='word_1_433' title='bbox 1217 3097 1326 3153; x_wconf 56' lang='lat' dir='ltr'><strong>cmm</strong></span> <span class='ocrx_word' id='word_1_434' title='bbox 1353 3097 1528 3167; x_wconf 57' lang='lat' dir='ltr'>⁰⁰¹¹¹³⁰⁰W</span> <span class='ocrx_word' id='word_1_435' title='bbox 1554 3101 1651 3155; x_wconf 58' lang='lat'><strong>”¹⁰⁶⁰</strong></span> <span class='ocrx_word' id='word_1_436' title='bbox 1665 3111 1773 3158; x_wconf 61' lang='lat'><strong>”³⁶²⁰-</strong></span> 
     </span>
    </p>
   </div>
   <div class='ocr_carea' id='block_1_17' title="bbox 136 3191 1449 3306">
    <p class='ocr_par' dir='ltr' id='par_1_18' title="bbox 136 3191 1449 3306">
     <span class='ocr_line' id='line_1_47' title="bbox 136 3191 1449 3306; baseline 0.002 -17"><span class='ocrx_word' id='word_1_437' title='bbox 136 3234 233 3300; x_wconf 87' lang='lat' dir='ltr'><strong>raculi,</strong></span> <span class='ocrx_word' id='word_1_438' title='bbox 248 3235 276 3289; x_wconf 92' lang='lat' dir='ltr'><strong>id</strong></span> <span class='ocrx_word' id='word_1_439' title='bbox 299 3242 342 3290; x_wconf 87' lang='lat' dir='ltr'><strong>est</strong></span> <span class='ocrx_word' id='word_1_440' title='bbox 364 3236 479 3306; x_wconf 88' lang='lat' dir='ltr'><strong>septimo</strong></span> <span class='ocrx_word' id='word_1_441' title='bbox 506 3233 641 3290; x_wconf 79' lang='lat' dir='ltr'><strong>Kalendas</strong></span> <span class='ocrx_word' id='word_1_442' title='bbox 667 3233 805 3301; x_wconf 86' lang='lat' dir='ltr'><strong>Octobris,</strong></span> <span class='ocrx_word' id='word_1_443' title='bbox 817 3235 926 3304; x_wconf 76' lang='lat' dir='ltr'><strong>iuvenis</strong></span> <span class='ocrx_word' id='word_1_444' title='bbox 977 3206 1038 3247; x_wconf 58' lang='grc' dir='ltr'><strong>Μ</strong></span> <span class='ocrx_word' id='word_1_445' title='bbox 1052 3207 1161 3249; x_wconf 63' lang='lat' dir='ltr'><strong>summ</strong></span> <span class='ocrx_word' id='word_1_446' title='bbox 1176 3191 1318 3261; x_wconf 49' lang='lat' dir='ltr'><strong>lwem’</strong></span> <span class='ocrx_word' id='word_1_447' title='bbox 1337 3191 1449 3261; x_wconf 50' lang='lat' dir='ltr'><strong>‘mit&#39;</strong></span> 
     </span>
    </p>
   </div>
   <div class='ocr_carea' id='block_1_18' title="bbox 136 3279 1771 3494">
    <p class='ocr_par' dir='ltr' id='par_1_19' title="bbox 136 3279 1771 3494">
     <span class='ocr_line' id='line_1_48' title="bbox 136 3279 1771 3423; baseline 0.004 -43"><span class='ocrx_word' id='word_1_448' title='bbox 136 3327 247 3396; x_wconf 90' lang='lat' dir='ltr'><strong>qnidam</strong></span> <span class='ocrx_word' id='word_1_449' title='bbox 274 3327 373 3382; x_wconf 90' lang='lat' dir='ltr'><strong>surdus</strong></span> <span class='ocrx_word' id='word_1_450' title='bbox 394 3335 422 3382; x_wconf 92' lang='lat' dir='ltr'><strong>et</strong></span> <span class='ocrx_word' id='word_1_451' title='bbox 448 3335 549 3391; x_wconf 86' lang='lat' dir='ltr'><strong>mutos,</strong></span> <span class='ocrx_word' id='word_1_452' title='bbox 573 3327 683 3382; x_wconf 87' lang='lat' dir='ltr'><strong>sinistra</strong></span> <span class='ocrx_word' id='word_1_453' title='bbox 708 3341 816 3397; x_wconf 89' lang='lat' dir='ltr'><strong>quoque</strong></span> <span class='ocrx_word' id='word_1_454' title='bbox 844 3343 925 3384; x_wconf 71' lang='lat' dir='ltr'><strong>nanu</strong></span> <span class='ocrx_word' id='word_1_455' title='bbox 977 3351 1018 3405; x_wconf 63' lang='lat' dir='ltr'><em>M</em></span> <span class='ocrx_word' id='word_1_456' title='bbox 1038 3350 1163 3423; x_wconf 47' lang='grc' dir='ltr'><strong>,ὤμω</strong></span> <span class='ocrx_word' id='word_1_457' title='bbox 1178 3279 1560 3422; x_wconf 48' lang='lat' dir='ltr'><strong>pmjmffimpff&#39;m,</strong></span> <span class='ocrx_word' id='word_1_458' title='bbox 1585 3371 1659 3422; x_wconf 51' lang='lat' dir='ltr'><strong>m,</strong></span> <span class='ocrx_word' id='word_1_459' title='bbox 1684 3358 1771 3423; x_wconf 43' lang='lat' dir='ltr'><strong>ms,</strong></span> 
     </span>
     <span class='ocr_line' id='line_1_49' title="bbox 136 3416 1571 3494; baseline 0.004 -22"><span class='ocrx_word' id='word_1_460' title='bbox 136 3424 302 3480; x_wconf 87' lang='lat' dir='ltr'><strong>contractus,</strong></span> <span class='ocrx_word' id='word_1_461' title='bbox 329 3417 437 3472; x_wconf 81' lang='lat' dir='ltr'><strong>contine</strong></span> <span class='ocrx_word' id='word_1_462' title='bbox 465 3416 642 3482; x_wconf 83' lang='lat' dir='ltr'><strong>Hunrvaldus,</strong></span> <span class='ocrx_word' id='word_1_463' title='bbox 669 3417 703 3471; x_wconf 90' lang='lat' dir='ltr'><strong>de</strong></span> <span class='ocrx_word' id='word_1_464' title='bbox 723 3417 784 3472; x_wconf 89' lang='lat' dir='ltr'><strong>villa</strong></span> <span class='ocrx_word' id='word_1_465' title='bbox 801 3416 926 3473; x_wconf 75' lang='lat' dir='ltr'><strong>Corvio⁸</strong></span> <span class='ocrx_word' id='word_1_466' title='bbox 1175 3424 1252 3489; x_wconf 83' lang='lat' dir='ltr'><strong>mati,</strong></span> <span class='ocrx_word' id='word_1_467' title='bbox 1264 3422 1404 3485; x_wconf 81' lang='lat' dir='ltr'><strong>contracti,</strong></span> <span class='ocrx_word' id='word_1_468' title='bbox 1418 3423 1571 3494; x_wconf 76' lang='lat' dir='ltr'><strong>paralytici.</strong></span> 
     </span>
    </p>
   </div>
   <div class='ocr_carea' id='block_1_19' title="bbox 135 3502 1772 3669">
    <p class='ocr_par' dir='ltr' id='par_1_20' title="bbox 135 3502 1772 3669">
     <span class='ocr_line' id='line_1_50' title="bbox 135 3502 1772 3578; baseline 0.001 -15"><span class='ocrx_word' id='word_1_469' title='bbox 135 3517 301 3577; x_wconf 89' lang='lat' dir='ltr'><strong>nuncupata,</strong></span> <span class='ocrx_word' id='word_1_470' title='bbox 316 3523 376 3562; x_wconf 90' lang='lat' dir='ltr'><strong>cum</strong></span> <span class='ocrx_word' id='word_1_471' title='bbox 391 3515 454 3561; x_wconf 87' lang='lat' dir='ltr'><strong>ante</strong></span> <span class='ocrx_word' id='word_1_472' title='bbox 467 3521 560 3561; x_wconf 87' lang='lat' dir='ltr'><strong>sacras</strong></span> <span class='ocrx_word' id='word_1_473' title='bbox 573 3515 723 3577; x_wconf 85' lang='lat' dir='ltr'><strong>martymm</strong></span> <span class='ocrx_word' id='word_1_474' title='bbox 739 3507 869 3578; x_wconf 79' lang='lat' dir='ltr'><strong>reliquias</strong></span> <span class='ocrx_word' id='word_1_475' title='bbox 880 3521 926 3562; x_wconf 87' lang='lat' dir='ltr'><strong>re·</strong></span> <span class='ocrx_word' id='word_1_476' title='bbox 1012 3505 1057 3560; x_wconf 82' lang='lat' dir='ltr'><strong>sl.</strong></span> <span class='ocrx_word' id='word_1_477' title='bbox 1082 3504 1203 3559; x_wconf 82' lang='lat' dir='ltr'><strong>Tertium</strong></span> <span class='ocrx_word' id='word_1_478' title='bbox 1218 3518 1324 3574; x_wconf 90' lang='lat' dir='ltr'><strong>qnoque</strong></span> <span class='ocrx_word' id='word_1_479' title='bbox 1336 3502 1454 3558; x_wconf 91' lang='lat' dir='ltr'><strong>libellum</strong></span> <span class='ocrx_word' id='word_1_480' title='bbox 1468 3506 1623 3562; x_wconf 90' lang='lat' dir='ltr'><strong>detulcmnt</strong></span> <span class='ocrx_word' id='word_1_481' title='bbox 1637 3509 1703 3563; x_wconf 93' lang='lat' dir='ltr'><strong>mibi</strong></span> <span class='ocrx_word' id='word_1_482' title='bbox 1718 3510 1772 3563; x_wconf 89' lang='lat' dir='ltr'><strong>lra-</strong></span> 
     </span>
     <span class='ocr_line' id='line_1_51' title="bbox 136 3588 1771 3669; baseline -0.001 -13"><span class='ocrx_word' id='word_1_483' title='bbox 136 3602 231 3665; x_wconf 85' lang='lat' dir='ltr'><strong>nissst,</strong></span> <span class='ocrx_word' id='word_1_484' title='bbox 245 3610 326 3669; x_wconf 89' lang='lat' dir='ltr'><strong>atque</strong></span> <span class='ocrx_word' id='word_1_485' title='bbox 340 3599 376 3653; x_wconf 92' lang='lat' dir='ltr'><strong>ibi</strong></span> <span class='ocrx_word' id='word_1_486' title='bbox 395 3588 551 3668; x_wconf 82' lang='lat' dir='ltr'><strong>suppliciter</strong></span> <span class='ocrx_word' id='word_1_487' title='bbox 567 3604 683 3661; x_wconf 84' lang='lat' dir='ltr'><strong>orasset,</strong></span> <span class='ocrx_word' id='word_1_488' title='bbox 706 3598 797 3653; x_wconf 86' lang='lat' dir='ltr'><strong>statim</strong></span> <span class='ocrx_word' id='word_1_489' title='bbox 812 3612 861 3667; x_wconf 90' lang='lat' dir='ltr'><strong>per</strong></span> <span class='ocrx_word' id='word_1_490' title='bbox 873 3599 927 3653; x_wconf 90' lang='lat' dir='ltr'><strong>vir·</strong></span> <span class='ocrx_word' id='word_1_491' title='bbox 977 3608 1034 3653; x_wconf 92' lang='lat' dir='ltr'><strong>tres</strong></span> <span class='ocrx_word' id='word_1_492' title='bbox 1046 3597 1080 3652; x_wconf 92' lang='lat' dir='ltr'><strong>de</strong></span> <span class='ocrx_word' id='word_1_493' title='bbox 1091 3596 1257 3651; x_wconf 85' lang='lat' dir='ltr'><strong>monasterio</strong></span> <span class='ocrx_word' id='word_1_494' title='bbox 1274 3594 1280 3632; x_wconf 88' lang='lat'>¹</span> <span class='ocrx_word' id='word_1_495' title='bbox 1297 3593 1326 3649; x_wconf 90' lang='lat' dir='ltr'><strong>S.</strong></span> <span class='ocrx_word' id='word_1_496' title='bbox 1342 3594 1458 3648; x_wconf 87' lang='lat' dir='ltr'><strong>Servatii</strong></span> <span class='ocrx_word' id='word_1_497' title='bbox 1484 3594 1668 3662; x_wconf 81' lang='lat' dir='ltr'><strong>confessoris,</strong></span> <span class='ocrx_word' id='word_1_498' title='bbox 1700 3603 1771 3667; x_wconf 89' lang='lat' dir='ltr'><strong>quod</strong></span> 
     </span>
    </p>
   </div>
   <div class='ocr_carea' id='block_1_20' title="bbox 174 3702 1771 4409">
    <p class='ocr_par' dir='ltr' id='par_1_21' title="bbox 174 3702 1771 4409">
     <span class='ocr_line' id='line_1_52' title="bbox 174 3702 1771 3842; baseline -0.006 -77"><span class='ocrx_word' id='word_1_499' title='bbox 174 3725 187 3753; x_wconf 67' lang='grc' dir='ltr'>α</span> <span class='ocrx_word' id='word_1_500' title='bbox 205 3709 341 3765; x_wconf 75' lang='lat' dir='ltr'><strong>baceroda</strong></span> <span class='ocrx_word' id='word_1_501' title='bbox 355 3709 434 3781; x_wconf 78' lang='lat' dir='ltr'><strong>vulgo</strong></span> <span class='ocrx_word' id='word_1_502' title='bbox 447 3708 563 3779; x_wconf 66' lang='lat' dir='ltr'><strong>Baetrap</strong></span> <span class='ocrx_word' id='word_1_503' title='bbox 577 3708 610 3762; x_wconf 91' lang='lat' dir='ltr'><strong>ad</strong></span> <span class='ocrx_word' id='word_1_504' title='bbox 624 3705 743 3773; x_wconf 86' lang='lat' dir='ltr'><strong>Scaldim</strong></span> <span class='ocrx_word' id='word_1_505' title='bbox 764 3709 791 3762; x_wconf 92' lang='lat' dir='ltr'><strong>iu</strong></span> <span class='ocrx_word' id='word_1_506' title='bbox 806 3708 926 3764; x_wconf 86' lang='lat' dir='ltr'><strong>mean-</strong></span> <span class='ocrx_word' id='word_1_507' title='bbox 976 3723 1032 3831; x_wconf 58' lang='lat' dir='ltr'><strong>ptri)⁸</strong></span> <span class='ocrx_word' id='word_1_508' title='bbox 1048 3702 1771 3842; x_wconf 43' lang='grc' dir='ltr'><strong>εὗιέῃΙιιὲιῖιῧηἱωειξῃὲᾨιέῧξηίεέἑεὲεἱὲιᾞξῗοέἑῖἒῖξ.</strong></span> 
     </span>
     <span class='ocr_line' id='line_1_53' title="bbox 990 3790 1769 3836; baseline 0.001 -5"><span class='ocrx_word' id='word_1_509' title='bbox 990 3794 1016 3832; x_wconf 76' lang='lat' dir='ltr'><strong>lu</strong></span> <span class='ocrx_word' id='word_1_510' title='bbox 1167 3790 1173 3801; x_wconf 52' lang='lat'>&#39;</span> <span class='ocrx_word' id='word_1_511' title='bbox 1210 3814 1219 3836; x_wconf 80' lang='lat' dir='ltr'><strong>s</strong></span> <span class='ocrx_word' id='word_1_512' title='bbox 1762 3801 1769 3832; x_wconf 69' lang='grc' dir='ltr'>ἰ</span> 
     </span>
     <span class='ocr_line' id='line_1_54' title="bbox 980 3832 1771 3910; baseline 0.01 -14"><span class='ocrx_word' id='word_1_513' title='bbox 980 3865 989 3896; x_wconf 79' lang='lat' dir='ltr'><strong>r</strong></span> <span class='ocrx_word' id='word_1_514' title='bbox 1007 3860 1080 3900; x_wconf 89' lang='lat' dir='ltr'><strong>anuo</strong></span> <span class='ocrx_word' id='word_1_515' title='bbox 1092 3832 1198 3898; x_wconf 80' lang='lat' dir='ltr'><strong>Oomim</strong></span> <span class='ocrx_word' id='word_1_516' title='bbox 1213 3841 1294 3905; x_wconf 65' lang='lat' dir='ltr'><strong>ibib,</strong></span> <span class='ocrx_word' id='word_1_517' title='bbox 1307 3843 1407 3896; x_wconf 86' lang='lat' dir='ltr'><strong>mensis</strong></span> <span class='ocrx_word' id='word_1_518' title='bbox 1420 3842 1520 3910; x_wconf 75' lang='lat' dir='ltr'><strong>Aprilis</strong></span> <span class='ocrx_word' id='word_1_519' title='bbox 1532 3842 1575 3897; x_wconf 91' lang='lat' dir='ltr'><strong>die</strong></span> <span class='ocrx_word' id='word_1_520' title='bbox 1587 3843 1632 3910; x_wconf 70' lang='lat'><strong>25,</strong></span> <span class='ocrx_word' id='word_1_521' title='bbox 1646 3861 1708 3901; x_wconf 86' lang='lat' dir='ltr'><strong>cnm</strong></span> <span class='ocrx_word' id='word_1_522' title='bbox 1721 3850 1771 3904; x_wconf 92' lang='lat' dir='ltr'><strong>ali-</strong></span> 
     </span>
     <span class='ocr_line' id='line_1_55' title="bbox 977 3911 1769 3992; baseline 0.003 -22"><span class='ocrx_word' id='word_1_523' title='bbox 977 3913 1138 3986; x_wconf 87' lang='lat' dir='ltr'><strong>quantulum</strong></span> <span class='ocrx_word' id='word_1_524' title='bbox 1151 3913 1303 3967; x_wconf 89' lang='lat' dir='ltr'><strong>elevaretur</strong></span> <span class='ocrx_word' id='word_1_525' title='bbox 1322 3911 1390 3992; x_wconf 87' lang='lat' dir='ltr'><strong>lapis</strong></span> <span class='ocrx_word' id='word_1_526' title='bbox 1406 3912 1502 3967; x_wconf 90' lang='lat' dir='ltr'><strong>altaris</strong></span> <span class='ocrx_word' id='word_1_527' title='bbox 1515 3911 1543 3966; x_wconf 89' lang='lat' dir='ltr'><strong>S.</strong></span> <span class='ocrx_word' id='word_1_528' title='bbox 1554 3912 1626 3968; x_wconf 91' lang='lat' dir='ltr'><strong>Petri</strong></span> <span class='ocrx_word' id='word_1_529' title='bbox 1642 3920 1769 3986; x_wconf 89' lang='lat' dir='ltr'><strong>apostoli,</strong></span> 
     </span>
     <span class='ocr_line' id='line_1_56' title="bbox 978 3980 1769 4055; baseline 0.005 -16"><span class='ocrx_word' id='word_1_530' title='bbox 978 3985 1006 4040; x_wconf 93' lang='lat' dir='ltr'><strong>in</strong></span> <span class='ocrx_word' id='word_1_531' title='bbox 1018 3992 1111 4055; x_wconf 82' lang='lat' dir='ltr'><strong>crypta</strong></span> <span class='ocrx_word' id='word_1_532' title='bbox 1126 3981 1246 4037; x_wconf 74' lang='lat' dir='ltr'><strong>ecclesie</strong></span> <span class='ocrx_word' id='word_1_533' title='bbox 1258 3980 1407 4053; x_wconf 72' lang='lat' dir='ltr'><strong>collegisse</strong></span> <span class='ocrx_word' id='word_1_534' title='bbox 1422 3980 1450 4035; x_wconf 87' lang='lat' dir='ltr'><strong>S.</strong></span> <span class='ocrx_word' id='word_1_535' title='bbox 1461 3981 1588 4046; x_wconf 89' lang='lat' dir='ltr'><strong>Servatii,</strong></span> <span class='ocrx_word' id='word_1_536' title='bbox 1604 3992 1633 4039; x_wconf 91' lang='lat' dir='ltr'><strong>et</strong></span> <span class='ocrx_word' id='word_1_537' title='bbox 1647 3988 1769 4043; x_wconf 89' lang='lat' dir='ltr'><strong>nonnibil</strong></span> 
     </span>
     <span class='ocr_line' id='line_1_57' title="bbox 977 4051 1769 4122; baseline 0.006 -13"><span class='ocrx_word' id='word_1_538' title='bbox 977 4069 1012 4109; x_wconf 82' lang='lat' dir='ltr'><strong>cx</strong></span> <span class='ocrx_word' id='word_1_539' title='bbox 1023 4069 1079 4107; x_wconf 90' lang='lat' dir='ltr'><strong>uua</strong></span> <span class='ocrx_word' id='word_1_540' title='bbox 1092 4062 1168 4122; x_wconf 90' lang='lat' dir='ltr'><strong>parte</strong></span> <span class='ocrx_word' id='word_1_541' title='bbox 1181 4051 1326 4106; x_wconf 91' lang='lat' dir='ltr'><strong>inclinatus</strong></span> <span class='ocrx_word' id='word_1_542' title='bbox 1341 4061 1427 4116; x_wconf 80' lang='lat' dir='ltr'><strong>essct3</strong></span> <span class='ocrx_word' id='word_1_543' title='bbox 1443 4052 1642 4121; x_wconf 85' lang='lat' dir='ltr'><strong>deprehensum</strong></span> <span class='ocrx_word' id='word_1_544' title='bbox 1656 4065 1698 4111; x_wconf 90' lang='lat' dir='ltr'><strong>est</strong></span> <span class='ocrx_word' id='word_1_545' title='bbox 1709 4072 1769 4114; x_wconf 87' lang='lat' dir='ltr'><strong>cor-</strong></span> 
     </span>
     <span class='ocr_line' id='line_1_58' title="bbox 976 4121 1770 4194; baseline 0.006 -15"><span class='ocrx_word' id='word_1_546' title='bbox 976 4138 1028 4194; x_wconf 87' lang='lat' dir='ltr'><strong>pus</strong></span> <span class='ocrx_word' id='word_1_547' title='bbox 1042 4122 1146 4187; x_wconf 88' lang='lat' dir='ltr'><strong>altaris,</strong></span> <span class='ocrx_word' id='word_1_548' title='bbox 1161 4122 1203 4176; x_wconf 93' lang='lat' dir='ltr'><strong>cui</strong></span> <span class='ocrx_word' id='word_1_549' title='bbox 1225 4121 1293 4190; x_wconf 85' lang='lat' dir='ltr'><strong>lapis</strong></span> <span class='ocrx_word' id='word_1_550' title='bbox 1312 4122 1444 4184; x_wconf 87' lang='lat' dir='ltr'><strong>inuititur,</strong></span> <span class='ocrx_word' id='word_1_551' title='bbox 1461 4122 1534 4193; x_wconf 75' lang='lat' dir='ltr'><strong>intus</strong></span> <span class='ocrx_word' id='word_1_552' title='bbox 1552 4137 1613 4178; x_wconf 88' lang='lat' dir='ltr'><strong>esse</strong></span> <span class='ocrx_word' id='word_1_553' title='bbox 1632 4141 1729 4182; x_wconf 88' lang='lat' dir='ltr'><strong>cavum</strong></span> <span class='ocrx_word' id='word_1_554' title='bbox 1741 4141 1770 4184; x_wconf 86' lang='lat' dir='ltr'><strong>et</strong></span> 
     </span>
     <span class='ocr_line' id='line_1_59' title="bbox 977 4191 1770 4258; baseline 0.006 -8"><span class='ocrx_word' id='word_1_555' title='bbox 977 4192 1130 4250; x_wconf 88' lang='lat' dir='ltr'><strong>conlectum</strong></span> <span class='ocrx_word' id='word_1_556' title='bbox 1152 4207 1186 4247; x_wconf 82' lang='lat' dir='ltr'><strong>ex</strong></span> <span class='ocrx_word' id='word_1_557' title='bbox 1200 4192 1278 4247; x_wconf 78' lang='lat' dir='ltr'><strong>uuita)</strong></span> <span class='ocrx_word' id='word_1_558' title='bbox 1298 4191 1322 4245; x_wconf 87' lang='lat' dir='ltr'><strong>ln</strong></span> <span class='ocrx_word' id='word_1_559' title='bbox 1344 4192 1397 4257; x_wconf 86' lang='lat' dir='ltr'><strong>ide,</strong></span> <span class='ocrx_word' id='word_1_560' title='bbox 1416 4192 1487 4248; x_wconf 82' lang='lat' dir='ltr'><strong>intus</strong></span> <span class='ocrx_word' id='word_1_561' title='bbox 1506 4202 1610 4258; x_wconf 75' lang='lat' dir='ltr'><strong>ciram,</strong></span> <span class='ocrx_word' id='word_1_562' title='bbox 1627 4197 1661 4253; x_wconf 87' lang='lat' dir='ltr'><strong>ad</strong></span> <span class='ocrx_word' id='word_1_563' title='bbox 1683 4197 1770 4255; x_wconf 87' lang='lat' dir='ltr'><strong>instar·</strong></span> 
     </span>
     <span class='ocr_line' id='line_1_60' title="bbox 976 4262 1769 4344; baseline 0.005 -26"><span class='ocrx_word' id='word_1_564' title='bbox 976 4265 1060 4330; x_wconf 89' lang='lat' dir='ltr'><strong>vasis,</strong></span> <span class='ocrx_word' id='word_1_565' title='bbox 1073 4265 1107 4319; x_wconf 91' lang='lat' dir='ltr'><strong>ad</strong></span> <span class='ocrx_word' id='word_1_566' title='bbox 1123 4262 1301 4344; x_wconf 88' lang='lat' dir='ltr'><strong>capacitatem</strong></span> <span class='ocrx_word' id='word_1_567' title='bbox 1334 4277 1430 4317; x_wconf 90' lang='lat' dir='ltr'><strong>uorum</strong></span> <span class='ocrx_word' id='word_1_568' title='bbox 1441 4262 1540 4332; x_wconf 92' lang='lat' dir='ltr'><strong>pedum</strong></span> <span class='ocrx_word' id='word_1_569' title='bbox 1559 4264 1585 4319; x_wconf 93' lang='lat' dir='ltr'><strong>in</strong></span> <span class='ocrx_word' id='word_1_570' title='bbox 1600 4264 1769 4338; x_wconf 80' lang='lat' dir='ltr'><strong>longitudino</strong></span> 
     </span>
     <span class='ocr_line' id='line_1_61' title="bbox 976 4331 1768 4409; baseline 0.003 -21"><span class='ocrx_word' id='word_1_571' title='bbox 976 4343 1004 4389; x_wconf 93' lang='lat' dir='ltr'><strong>ct</strong></span> <span class='ocrx_word' id='word_1_572' title='bbox 1015 4334 1183 4404; x_wconf 86' lang='lat' dir='ltr'><strong>sesquipedrs</strong></span> <span class='ocrx_word' id='word_1_573' title='bbox 1195 4332 1222 4386; x_wconf 93' lang='lat' dir='ltr'><strong>in</strong></span> <span class='ocrx_word' id='word_1_574' title='bbox 1238 4331 1378 4387; x_wconf 91' lang='lat' dir='ltr'><strong>latitudine</strong></span> <span class='ocrx_word' id='word_1_575' title='bbox 1388 4342 1416 4387; x_wconf 92' lang='lat' dir='ltr'><strong>et</strong></span> <span class='ocrx_word' id='word_1_576' title='bbox 1429 4333 1623 4403; x_wconf 79' lang='lat' dir='ltr'><strong>profunditate,</strong></span> <span class='ocrx_word' id='word_1_577' title='bbox 1639 4338 1666 4392; x_wconf 91' lang='lat' dir='ltr'><strong>iu</strong></span> <span class='ocrx_word' id='word_1_578' title='bbox 1682 4352 1768 4409; x_wconf 71' lang='lat' dir='ltr'><strong>eaque</strong></span> 
     </span>
    </p>
   </div>
   <div class='ocr_carea' id='block_1_21' title="bbox 136 3779 928 5384">
    <p class='ocr_par' dir='ltr' id='par_1_22' title="bbox 136 3779 928 4118">
     <span class='ocr_line' id='line_1_62' title="bbox 136 3779 927 3864; baseline -0.006 -27"><span class='ocrx_word' id='word_1_579' title='bbox 136 3783 185 3846; x_wconf 88' lang='lat' dir='ltr'><strong>tia,</strong></span> <span class='ocrx_word' id='word_1_580' title='bbox 212 3783 238 3836; x_wconf 92' lang='lat' dir='ltr'><strong>iu</strong></span> <span class='ocrx_word' id='word_1_581' title='bbox 254 3783 349 3864; x_wconf 40' lang='lat' dir='ltr'><strong>&lt;idisti</strong></span> <span class='ocrx_word' id='word_1_582' title='bbox 363 3781 413 3835; x_wconf 84' lang='lat' dir='ltr'><strong>viae</strong></span> <span class='ocrx_word' id='word_1_583' title='bbox 428 3780 551 3834; x_wconf 80' lang='lat' dir='ltr'><strong>alostum</strong></span> <span class='ocrx_word' id='word_1_584' title='bbox 568 3779 703 3840; x_wconf 86' lang='lat' dir='ltr'><strong>ducentis,</strong></span> <span class='ocrx_word' id='word_1_585' title='bbox 728 3781 779 3832; x_wconf 91' lang='lat' dir='ltr'><strong>sub</strong></span> <span class='ocrx_word' id='word_1_586' title='bbox 799 3779 927 3849; x_wconf 89' lang='lat' dir='ltr'><strong>episcopo</strong></span> 
     </span>
     <span class='ocr_line' id='line_1_63' title="bbox 136 3849 927 3999; baseline -0.006 -22"><span class='ocrx_word' id='word_1_587' title='bbox 136 3849 788 3984; x_wconf 37' lang='lat' dir='ltr'><strong>Gaffiffioigrffi?idltglggnietreafflddgtcgldim</strong></span> <span class='ocrx_word' id='word_1_588' title='bbox 808 3916 835 3999; x_wconf 77' lang='lat' dir='ltr'><strong>iu</strong></span> <span class='ocrx_word' id='word_1_589' title='bbox 848 3917 927 3972; x_wconf 83' lang='lat' dir='ltr'><strong>Flan-</strong></span> 
     </span>
     <span class='ocr_line' id='line_1_64' title="bbox 136 3985 928 4067; baseline -0.013 -17"><span class='ocrx_word' id='word_1_590' title='bbox 136 3993 207 4058; x_wconf 89' lang='lat' dir='ltr'><strong>dria,</strong></span> <span class='ocrx_word' id='word_1_591' title='bbox 222 3992 326 4046; x_wconf 90' lang='lat' dir='ltr'><strong>duabus</strong></span> <span class='ocrx_word' id='word_1_592' title='bbox 340 3990 424 4044; x_wconf 80' lang='lat' dir='ltr'><strong>leticis</strong></span> <span class='ocrx_word' id='word_1_593' title='bbox 440 3986 510 4042; x_wconf 89' lang='lat' dir='ltr'><strong>iulra</strong></span> <span class='ocrx_word' id='word_1_594' title='bbox 521 3985 698 4067; x_wconf 82' lang='lat' dir='ltr'><strong>Gandavurn?</strong></span> <span class='ocrx_word' id='word_1_595' title='bbox 713 4002 747 4040; x_wconf 90' lang='lat' dir='ltr'><strong>an</strong></span> <span class='ocrx_word' id='word_1_596' title='bbox 762 3986 928 4056; x_wconf 79' lang='lat' dir='ltr'><strong>potrusllal-</strong></span> 
     </span>
     <span class='ocr_line' id='line_1_65' title="bbox 136 4056 595 4118; baseline -0.015 -2"><span class='ocrx_word' id='word_1_597' title='bbox 136 4063 188 4118; x_wconf 83' lang='lat' dir='ltr'><strong>iem</strong></span> <span class='ocrx_word' id='word_1_598' title='bbox 202 4063 229 4116; x_wconf 90' lang='lat' dir='ltr'><strong>in</strong></span> <span class='ocrx_word' id='word_1_599' title='bbox 244 4062 366 4116; x_wconf 88' lang='lat' dir='ltr'><strong>districtu</strong></span> <span class='ocrx_word' id='word_1_600' title='bbox 379 4056 595 4113; x_wconf 83' lang='lat' dir='ltr'><strong>llldenardensi?</strong></span> 
     </span>
    </p>

    <p class='ocr_par' dir='ltr' id='par_1_23' title="bbox 136 4124 926 4271">
     <span class='ocr_line' id='line_1_66' title="bbox 175 4124 926 4208; baseline -0.003 -23"><span class='ocrx_word' id='word_1_601' title='bbox 175 4145 186 4172; x_wconf 80' lang='lat'>⁸</span> <span class='ocrx_word' id='word_1_602' title='bbox 203 4132 351 4195; x_wconf 72' lang='lat' dir='ltr'><strong>domairac,</strong></span> <span class='ocrx_word' id='word_1_603' title='bbox 370 4129 562 4208; x_wconf 74' lang='lat' dir='ltr'><strong>verosimiliter</strong></span> <span class='ocrx_word' id='word_1_604' title='bbox 574 4124 697 4191; x_wconf 65' lang='lat' dir='ltr'><strong>Esaeae,</strong></span> <span class='ocrx_word' id='word_1_605' title='bbox 718 4141 802 4197; x_wconf 87' lang='lat' dir='ltr'><strong>prope</strong></span> <span class='ocrx_word' id='word_1_606' title='bbox 814 4126 926 4183; x_wconf 82' lang='lat' dir='ltr'><strong>Dixmu-</strong></span> 
     </span>
     <span class='ocr_line' id='line_1_67' title="bbox 136 4199 560 4271; baseline -0.021 -13"><span class='ocrx_word' id='word_1_607' title='bbox 136 4203 199 4258; x_wconf 82' lang='lat' dir='ltr'><strong>dam</strong></span> <span class='ocrx_word' id='word_1_608' title='bbox 213 4202 263 4257; x_wconf 86' lang='lat' dir='ltr'><strong>sub</strong></span> <span class='ocrx_word' id='word_1_609' title='bbox 277 4203 433 4271; x_wconf 84' lang='lat' dir='ltr'><strong>episcopatu</strong></span> <span class='ocrx_word' id='word_1_610' title='bbox 447 4199 560 4268; x_wconf 86' lang='lat' dir='ltr'><strong>lprcusr.</strong></span> 
     </span>
    </p>

    <p class='ocr_par' dir='ltr' id='par_1_24' title="bbox 136 4262 926 4540">
     <span class='ocr_line' id='line_1_68' title="bbox 175 4262 926 4351; baseline -0.007 -25"><span class='ocrx_word' id='word_1_611' title='bbox 175 4274 189 4312; x_wconf 66' lang='grc' dir='ltr'><em>ἀ</em></span> <span class='ocrx_word' id='word_1_612' title='bbox 208 4271 398 4335; x_wconf 67' lang='lat' dir='ltr'><strong>vuesarinium,</strong></span> <span class='ocrx_word' id='word_1_613' title='bbox 414 4283 485 4323; x_wconf 92' lang='lat' dir='ltr'><strong>nunc</strong></span> <span class='ocrx_word' id='word_1_614' title='bbox 499 4265 622 4349; x_wconf 77' lang='lat' dir='ltr'><strong>fortassis</strong></span> <span class='ocrx_word' id='word_1_615' title='bbox 636 4262 768 4348; x_wconf 77' lang='lat' dir='ltr'><strong>deflexum</strong></span> <span class='ocrx_word' id='word_1_616' title='bbox 781 4267 808 4320; x_wconf 90' lang='lat' dir='ltr'><strong>in</strong></span> <span class='ocrx_word' id='word_1_617' title='bbox 819 4266 926 4351; x_wconf 76' lang='lat' dir='ltr'><strong>Wams-</strong></span> 
     </span>
     <span class='ocr_line' id='line_1_69' title="bbox 136 4335 924 4412; baseline -0.006 -14"><span class='ocrx_word' id='word_1_618' title='bbox 136 4343 212 4407; x_wconf 76' lang='lat' dir='ltr'><strong>boat,</strong></span> <span class='ocrx_word' id='word_1_619' title='bbox 225 4342 302 4412; x_wconf 90' lang='lat' dir='ltr'><strong>quasi</strong></span> <span class='ocrx_word' id='word_1_620' title='bbox 319 4339 456 4395; x_wconf 85' lang='lat' dir='ltr'><strong>Werminii</strong></span> <span class='ocrx_word' id='word_1_621' title='bbox 474 4336 550 4401; x_wconf 83' lang='lat' dir='ltr'><strong>siloa,</strong></span> <span class='ocrx_word' id='word_1_622' title='bbox 568 4352 596 4391; x_wconf 88' lang='lat' dir='ltr'><strong>nr</strong></span> <span class='ocrx_word' id='word_1_623' title='bbox 614 4335 773 4390; x_wconf 84' lang='lat' dir='ltr'><strong>castellania</strong></span> <span class='ocrx_word' id='word_1_624' title='bbox 784 4336 924 4409; x_wconf 77' lang='lat' dir='ltr'><strong>bergensi.</strong></span> 
     </span>
     <span class='ocr_line' id='line_1_70' title="bbox 138 4405 926 4540; baseline -0.009 -72"><span class='ocrx_word' id='word_1_625' title='bbox 138 4427 188 4540; x_wconf 59' lang='lat' dir='ltr'><strong>ub·</strong></span> <span class='ocrx_word' id='word_1_626' title='bbox 202 4405 691 4537; x_wconf 45' lang='lat' dir='ltr'><strong>Gnjffifflgdfflffizggmmf</strong></span> <span class='ocrx_word' id='word_1_627' title='bbox 705 4421 775 4460; x_wconf 89' lang='lat' dir='ltr'><strong>unus</strong></span> <span class='ocrx_word' id='word_1_628' title='bbox 789 4422 823 4461; x_wconf 79' lang='lat' dir='ltr'><strong>cx</strong></span> <span class='ocrx_word' id='word_1_629' title='bbox 836 4409 926 4476; x_wconf 89' lang='lat' dir='ltr'><strong>paria-</strong></span> 
     </span>
    </p>

    <p class='ocr_par' dir='ltr' id='par_1_25' title="bbox 137 4499 926 4770">
     <span class='ocr_line' id='line_1_71' title="bbox 177 4499 598 4539; baseline -0.01 0"><span class='ocrx_word' id='word_1_630' title='bbox 177 4500 210 4539; x_wconf 88' lang='lat' dir='ltr'><strong>us</strong></span> <span class='ocrx_word' id='word_1_631' title='bbox 224 4499 270 4538; x_wconf 89' lang='lat' dir='ltr'><strong>cas</strong></span> <span class='ocrx_word' id='word_1_632' title='bbox 591 4515 598 4528; x_wconf 88' lang='lat'><strong>·</strong></span> 
     </span>
     <span class='ocr_line' id='line_1_72' title="bbox 137 4545 926 4697; baseline -0.009 -19"><span class='ocrx_word' id='word_1_633' title='bbox 137 4546 770 4697; x_wconf 40' lang='lat' dir='ltr'><strong>piuitrrsegg&#39;garrlxpaarilsssgmfficzff’11¹1)ngsz</strong></span> <span class='ocrx_word' id='word_1_634' title='bbox 780 4545 926 4688; x_wconf 43' lang='lat' dir='ltr'><strong>{plerissima</strong></span> 
     </span>
     <span class='ocr_line' id='line_1_73' title="bbox 138 4692 911 4770; baseline -0.014 -20"><span class='ocrx_word' id='word_1_635' title='bbox 138 4695 254 4750; x_wconf 83' lang='lat' dir='ltr'><strong>necdum</strong></span> <span class='ocrx_word' id='word_1_636' title='bbox 267 4692 367 4762; x_wconf 91' lang='lat' dir='ltr'><strong>reperi.</strong></span> <span class='ocrx_word' id='word_1_637' title='bbox 609 4755 615 4768; x_wconf 91' lang='lat'><strong>.</strong></span> <span class='ocrx_word' id='word_1_638' title='bbox 905 4757 911 4770; x_wconf 30' lang='lat'><strong><em>⁹</em></strong></span> 
     </span>
    </p>

    <p class='ocr_par' dir='ltr' id='par_1_26' title="bbox 139 4755 927 5249">
     <span class='ocr_line' id='line_1_74' title="bbox 158 4755 927 4849; baseline -0.008 -30"><span class='ocrx_word' id='word_1_639' title='bbox 158 4768 190 4849; x_wconf 35' lang='lat'><strong>&#39;⁸</strong></span> <span class='ocrx_word' id='word_1_640' title='bbox 205 4765 328 4819; x_wconf 71' lang='lat' dir='ltr'><strong>torrium</strong></span> <span class='ocrx_word' id='word_1_641' title='bbox 345 4762 391 4818; x_wconf 93' lang='lat' dir='ltr'><strong>ubi</strong></span> <span class='ocrx_word' id='word_1_642' title='bbox 405 4758 579 4831; x_wconf 79' lang='lat' dir='ltr'><strong>quarendum</strong></span> <span class='ocrx_word' id='word_1_643' title='bbox 594 4765 639 4821; x_wconf 80' lang='lat' dir='ltr'><strong>sit,</strong></span> <span class='ocrx_word' id='word_1_644' title='bbox 652 4755 768 4811; x_wconf 83' lang='lat' dir='ltr'><strong>necdum</strong></span> <span class='ocrx_word' id='word_1_645' title='bbox 790 4758 864 4827; x_wconf 81' lang='lat' dir='ltr'><strong>potui</strong></span> <span class='ocrx_word' id='word_1_646' title='bbox 886 4758 927 4813; x_wconf 86' lang='lat' dir='ltr'><strong>di-</strong></span> 
     </span>
     <span class='ocr_line' id='line_1_75' title="bbox 139 4850 926 4979; baseline -0.009 -20"><span class='ocrx_word' id='word_1_647' title='bbox 139 4850 369 4958; x_wconf 44' lang='lat' dir='ltr'><strong>vutlmi&#39;ee‘rccioidia</strong></span> <span class='ocrx_word' id='word_1_648' title='bbox 386 4900 413 4954; x_wconf 91' lang='lat' dir='ltr'><strong>io</strong></span> <span class='ocrx_word' id='word_1_649' title='bbox 431 4897 541 4954; x_wconf 85' lang='lat' dir='ltr'><strong>dioecesi</strong></span> <span class='ocrx_word' id='word_1_650' title='bbox 555 4896 732 4960; x_wconf 76' lang='lat' dir='ltr'><strong>lomacensi,</strong></span> <span class='ocrx_word' id='word_1_651' title='bbox 753 4895 833 4968; x_wconf 75' lang='lat' dir='ltr'><strong>vvrlgo</strong></span> <span class='ocrx_word' id='word_1_652' title='bbox 847 4896 926 4979; x_wconf 71' lang='lat' dir='ltr'><strong>War-</strong></span> 
     </span>
     <span class='ocr_line' id='line_1_76' title="bbox 139 4965 926 5057; baseline -0.011 -26"><span class='ocrx_word' id='word_1_653' title='bbox 139 4976 200 5031; x_wconf 81' lang='lat' dir='ltr'><strong>coin</strong></span> <span class='ocrx_word' id='word_1_654' title='bbox 211 4975 246 5057; x_wconf 85' lang='lat' dir='ltr'><strong>ad</strong></span> <span class='ocrx_word' id='word_1_655' title='bbox 256 4973 386 5056; x_wconf 75' lang='lat' dir='ltr'><strong>Scaldim,</strong></span> <span class='ocrx_word' id='word_1_656' title='bbox 397 4971 467 5024; x_wconf 89' lang='lat' dir='ltr'><strong>inter</strong></span> <span class='ocrx_word' id='word_1_657' title='bbox 478 4968 635 5023; x_wconf 75' lang='lat' dir='ltr'><strong>tbrtracum</strong></span> <span class='ocrx_word' id='word_1_658' title='bbox 648 4974 676 5021; x_wconf 91' lang='lat' dir='ltr'><strong>et</strong></span> <span class='ocrx_word' id='word_1_659' title='bbox 686 4965 849 5032; x_wconf 86' lang='lat' dir='ltr'><strong>Tomacum,</strong></span> <span class='ocrx_word' id='word_1_660' title='bbox 864 4969 926 5022; x_wconf 81' lang='lat' dir='ltr'><strong>burc</strong></span> 
     </span>
     <span class='ocr_line' id='line_1_77' title="bbox 139 5055 926 5188; baseline -0.01 -18"><span class='ocrx_word' id='word_1_661' title='bbox 139 5055 415 5183; x_wconf 39' lang='lat' dir='ltr'><strong>qussnl&#39;iezti&#39;nfflroor,</strong></span> <span class='ocrx_word' id='word_1_662' title='bbox 436 5106 559 5163; x_wconf 73' lang='lat' dir='ltr'><strong>lormmis</strong></span> <span class='ocrx_word' id='word_1_663' title='bbox 582 5108 742 5164; x_wconf 89' lang='lat' dir='ltr'><strong>contractim</strong></span> <span class='ocrx_word' id='word_1_664' title='bbox 760 5106 882 5188; x_wconf 82' lang='lat' dir='ltr'><strong>Bersera,</strong></span> <span class='ocrx_word' id='word_1_665' title='bbox 898 5107 926 5162; x_wconf 92' lang='lat' dir='ltr'><strong>iu</strong></span> 
     </span>
     <span class='ocr_line' id='line_1_78' title="bbox 139 5177 809 5249; baseline -0.022 -5"><span class='ocrx_word' id='word_1_666' title='bbox 139 5187 273 5244; x_wconf 84' lang='lat' dir='ltr'><strong>decanatu</strong></span> <span class='ocrx_word' id='word_1_667' title='bbox 286 5180 455 5248; x_wconf 76' lang='lat' dir='ltr'><strong>drdcobnrgi</strong></span> <span class='ocrx_word' id='word_1_668' title='bbox 469 5177 519 5231; x_wconf 91' lang='lat' dir='ltr'><strong>sub</strong></span> <span class='ocrx_word' id='word_1_669' title='bbox 531 5177 656 5248; x_wconf 88' lang='lat' dir='ltr'><strong>episeopo</strong></span> <span class='ocrx_word' id='word_1_670' title='bbox 669 5178 809 5249; x_wconf 77' lang='lat' dir='ltr'><strong>Bruqensr.</strong></span> 
     </span>
    </p>

    <p class='ocr_par' dir='ltr' id='par_1_27' title="bbox 140 5248 927 5384">
     <span class='ocr_line' id='line_1_79' title="bbox 178 5248 927 5327; baseline -0.008 -20"><span class='ocrx_word' id='word_1_671' title='bbox 178 5256 185 5307; x_wconf 90' lang='lat' dir='ltr'><strong>i</strong></span> <span class='ocrx_word' id='word_1_672' title='bbox 207 5252 377 5314; x_wconf 77' lang='lat' dir='ltr'><strong>schaltheim,</strong></span> <span class='ocrx_word' id='word_1_673' title='bbox 391 5248 503 5304; x_wconf 90' lang='lat' dir='ltr'><strong>mutatis</strong></span> <span class='ocrx_word' id='word_1_674' title='bbox 516 5261 564 5327; x_wconf 87' lang='lat' dir='ltr'><strong>per</strong></span> <span class='ocrx_word' id='word_1_675' title='bbox 578 5255 618 5301; x_wconf 90' lang='lat' dir='ltr'><strong>tot</strong></span> <span class='ocrx_word' id='word_1_676' title='bbox 634 5248 731 5303; x_wconf 79' lang='lat' dir='ltr'><strong>saecula</strong></span> <span class='ocrx_word' id='word_1_677' title='bbox 754 5248 927 5327; x_wconf 81' lang='lat' dir='ltr'><strong>vehementer</strong></span> 
     </span>
     <span class='ocr_line' id='line_1_80' title="bbox 140 5316 926 5384; baseline -0.017 -3"><span class='ocrx_word' id='word_1_678' title='bbox 140 5325 276 5381; x_wconf 77' lang='lat' dir='ltr'><strong>aestuariis</strong></span> <span class='ocrx_word' id='word_1_679' title='bbox 309 5320 416 5377; x_wconf 85' lang='lat' dir='ltr'><strong>Scaldis</strong></span> <span class='ocrx_word' id='word_1_680' title='bbox 438 5316 628 5372; x_wconf 89' lang='lat' dir='ltr'><strong>verosnniliter</strong></span> <span class='ocrx_word' id='word_1_681' title='bbox 650 5332 722 5372; x_wconf 90' lang='lat' dir='ltr'><strong>nunc</strong></span> <span class='ocrx_word' id='word_1_682' title='bbox 744 5316 827 5379; x_wconf 92' lang='lat' dir='ltr'><strong>latet,</strong></span> <span class='ocrx_word' id='word_1_683' title='bbox 848 5331 926 5384; x_wconf 84' lang='lat' dir='ltr'><strong>aquis</strong></span> 
     </span>
    </p>
   </div>
   <div class='ocr_carea' id='block_1_22' title="bbox 140 5391 928 5526">
    <p class='ocr_par' dir='ltr' id='par_1_28' title="bbox 140 5391 928 5526">
     <span class='ocr_line' id='line_1_81' title="bbox 140 5391 881 5466; baseline -0.015 -13"><span class='ocrx_word' id='word_1_684' title='bbox 140 5391 452 5453; x_wconf 89' lang='lat' dir='ltr'><strong>baustnmetdeletum.</strong></span> <span class='ocrx_word' id='word_1_685' title='bbox 672 5455 678 5466; x_wconf 93' lang='lat'><strong>.</strong></span> <span class='ocrx_word' id='word_1_686' title='bbox 788 5454 793 5466; x_wconf 40' lang='grc' dir='ltr'>Ι</span> <span class='ocrx_word' id='word_1_687' title='bbox 876 5454 881 5465; x_wconf 36' lang='lat'><strong>¹</strong></span> 
     </span>
     <span class='ocr_line' id='line_1_82' title="bbox 178 5453 928 5526; baseline -0.013 -7"><span class='ocrx_word' id='word_1_688' title='bbox 178 5465 286 5519; x_wconf 64' lang='lat' dir='ltr'><strong>stitia</strong></span> <span class='ocrx_word' id='word_1_689' title='bbox 303 5463 399 5525; x_wconf 79' lang='lat' dir='ltr'><strong>alteim,</strong></span> <span class='ocrx_word' id='word_1_690' title='bbox 414 5457 483 5512; x_wconf 87' lang='lat' dir='ltr'><strong>lorte</strong></span> <span class='ocrx_word' id='word_1_691' title='bbox 498 5453 714 5526; x_wconf 81' lang='lat' dir='ltr'><strong>llaidisqalsesm,</strong></span> <span class='ocrx_word' id='word_1_692' title='bbox 729 5462 759 5508; x_wconf 90' lang='lat' dir='ltr'><strong>ut</strong></span> <span class='ocrx_word' id='word_1_693' title='bbox 772 5462 809 5508; x_wconf 83' lang='lat' dir='ltr'><strong>sit</strong></span> <span class='ocrx_word' id='word_1_694' title='bbox 819 5453 928 5508; x_wconf 82' lang='lat' dir='ltr'><strong>hodier-</strong></span> 
     </span>
    </p>
   </div>
   <div class='ocr_carea' id='block_1_23' title="bbox 140 5522 928 5602">
    <p class='ocr_par' dir='ltr' id='par_1_29' title="bbox 140 5522 928 5602">
     <span class='ocr_line' id='line_1_83' title="bbox 140 5522 928 5602; baseline -0.019 -11"><span class='ocrx_word' id='word_1_695' title='bbox 140 5551 206 5592; x_wconf 90' lang='lat' dir='ltr'><strong>num</strong></span> <span class='ocrx_word' id='word_1_696' title='bbox 219 5535 274 5589; x_wconf 82' lang='lat' dir='ltr'><strong>dial</strong></span> <span class='ocrx_word' id='word_1_697' title='bbox 294 5533 393 5602; x_wconf 78' lang='lat' dir='ltr'><strong>spiere,</strong></span> <span class='ocrx_word' id='word_1_698' title='bbox 406 5526 502 5597; x_wconf 78' lang='lat' dir='ltr'><strong>brugis</strong></span> <span class='ocrx_word' id='word_1_699' title='bbox 514 5525 617 5580; x_wconf 88' lang='lat' dir='ltr'><strong>distans</strong></span> <span class='ocrx_word' id='word_1_700' title='bbox 629 5526 663 5579; x_wconf 92' lang='lat' dir='ltr'><strong>ad</strong></span> <span class='ocrx_word' id='word_1_701' title='bbox 678 5533 733 5580; x_wconf 89' lang='lat' dir='ltr'><strong>tres</strong></span> <span class='ocrx_word' id='word_1_702' title='bbox 745 5526 847 5587; x_wconf 91' lang='lat' dir='ltr'><strong>leneas,</strong></span> <span class='ocrx_word' id='word_1_703' title='bbox 858 5522 928 5577; x_wconf 79' lang='lat' dir='ltr'><strong>Garn-</strong></span> 
     </span>
    </p>
   </div>
   <div class='ocr_carea' id='block_1_24' title="bbox 141 5604 927 5738">
    <p class='ocr_par' dir='ltr' id='par_1_30' title="bbox 141 5604 927 5738">
     <span class='ocr_line' id='line_1_84' title="bbox 141 5604 910 5678; baseline -0.023 -16"><span class='ocrx_word' id='word_1_704' title='bbox 141 5604 395 5673; x_wconf 51' lang='lat' dir='ltr'><strong>&amp;mmmmm</strong></span> <span class='ocrx_word' id='word_1_705' title='bbox 533 5666 539 5677; x_wconf 30' lang='grc' dir='ltr'>ι</span> <span class='ocrx_word' id='word_1_706' title='bbox 716 5665 779 5678; x_wconf 28' lang='grc' dir='ltr'><strong>α.</strong></span> <span class='ocrx_word' id='word_1_707' title='bbox 905 5663 910 5674; x_wconf 37' lang='grc' dir='ltr'>Ι</span> 
     </span>
     <span class='ocr_line' id='line_1_85' title="bbox 180 5662 927 5738; baseline -0.019 -7"><span class='ocrx_word' id='word_1_708' title='bbox 180 5676 242 5730; x_wconf 85' lang='lat' dir='ltr'><strong>¹Oe</strong></span> <span class='ocrx_word' id='word_1_709' title='bbox 261 5674 337 5729; x_wconf 89' lang='lat' dir='ltr'><strong>bisce</strong></span> <span class='ocrx_word' id='word_1_710' title='bbox 359 5668 481 5738; x_wconf 90' lang='lat' dir='ltr'><strong>reliquiis</strong></span> <span class='ocrx_word' id='word_1_711' title='bbox 505 5665 603 5721; x_wconf 81' lang='lat' dir='ltr'><strong>ibidem</strong></span> <span class='ocrx_word' id='word_1_712' title='bbox 625 5675 750 5736; x_wconf 84' lang='lat' dir='ltr'><strong>repertis,</strong></span> <span class='ocrx_word' id='word_1_713' title='bbox 773 5674 824 5720; x_wconf 84' lang='lat' dir='ltr'><strong>ista</strong></span> <span class='ocrx_word' id='word_1_714' title='bbox 850 5662 927 5718; x_wconf 84' lang='lat' dir='ltr'><strong>nobis</strong></span> 
     </span>
    </p>
   </div>
   <div class='ocr_carea' id='block_1_25' title="bbox 361 5757 600 5822">
    <p class='ocr_par' dir='ltr' id='par_1_31' title="bbox 361 5757 600 5822">
     <span class='ocr_line' id='line_1_86' title="bbox 361 5757 600 5822; baseline -0.013 0"><span class='ocrx_word' id='word_1_715' title='bbox 361 5765 498 5822; x_wconf 76' lang='lat' dir='ltr'><strong>Parnoi.</strong></span> <span class='ocrx_word' id='word_1_716' title='bbox 519 5757 600 5820; x_wconf 82' lang='lat' dir='ltr'><strong>clv.</strong></span> 
     </span>
    </p>
   </div>
   <div class='ocr_carea' id='block_1_26' title="bbox 938 4394 1768 4483">
    <p class='ocr_par' dir='ltr' id='par_1_32' title="bbox 938 4394 1768 4483">
     <span class='ocr_line' id='line_1_87' title="bbox 938 4394 1768 4483; baseline 0.002 -22"><span class='ocrx_word' id='word_1_717' title='bbox 938 4394 1148 4460; x_wconf 84' lang='lat' dir='ltr'><strong>Deoncavitate</strong></span> <span class='ocrx_word' id='word_1_718' title='bbox 1164 4402 1311 4483; x_wconf 79' lang='lat' dir='ltr'><strong>repositam</strong></span> <span class='ocrx_word' id='word_1_719' title='bbox 1326 4401 1462 4483; x_wconf 83' lang='lat' dir='ltr'><strong>capsulam</strong></span> <span class='ocrx_word' id='word_1_720' title='bbox 1476 4403 1640 4471; x_wconf 88' lang='lat' dir='ltr'><strong>plumbeam,</strong></span> <span class='ocrx_word' id='word_1_721' title='bbox 1656 4407 1768 4478; x_wconf 70' lang='lat' dir='ltr'><strong>longitn-</strong></span> 
     </span>
    </p>
   </div>
   <div class='ocr_carea' id='block_1_27' title="bbox 977 4472 1767 4603">
    <p class='ocr_par' dir='ltr' id='par_1_33' title="bbox 977 4472 1767 4603">
     <span class='ocr_line' id='line_1_88' title="bbox 977 4472 1767 4601; baseline 0.004 -72"><span class='ocrx_word' id='word_1_722' title='bbox 977 4475 1049 4529; x_wconf 92' lang='lat' dir='ltr'><strong>dinis</strong></span> <span class='ocrx_word' id='word_1_723' title='bbox 1066 4473 1122 4528; x_wconf 89' lang='lat' dir='ltr'><strong>lere</strong></span> <span class='ocrx_word' id='word_1_724' title='bbox 1144 4487 1224 4527; x_wconf 89' lang='lat' dir='ltr'><strong>umus</strong></span> <span class='ocrx_word' id='word_1_725' title='bbox 1241 4472 1334 4542; x_wconf 86' lang='lat' dir='ltr'><strong>pedis,</strong></span> <span class='ocrx_word' id='word_1_726' title='bbox 1356 4487 1434 4541; x_wconf 78' lang='lat' dir='ltr'><strong>copus</strong></span> <span class='ocrx_word' id='word_1_727' title='bbox 1454 4474 1582 4540; x_wconf 87' lang='lat' dir='ltr'><strong>operculo</strong></span> <span class='ocrx_word' id='word_1_728' title='bbox 1606 4475 1767 4601; x_wconf 44' lang='lat' dir='ltr'><strong>inscriptum</strong></span> 
     </span>
     <span class='ocr_line' id='line_1_89' title="bbox 977 4539 1718 4603; baseline 0.004 -4"><span class='ocrx_word' id='word_1_729' title='bbox 977 4553 1004 4600; x_wconf 91' lang='lat' dir='ltr'><strong>et</strong></span> <span class='ocrx_word' id='word_1_730' title='bbox 1025 4555 1167 4598; x_wconf 82' lang='lat' dir='ltr'><strong>exaratum</strong></span> <span class='ocrx_word' id='word_1_731' title='bbox 1187 4550 1268 4596; x_wconf 89' lang='lat' dir='ltr'><strong>erat:</strong></span> <span class='ocrx_word' id='word_1_732' title='bbox 1286 4540 1423 4603; x_wconf 73' lang='lat' dir='ltr'><strong>Reliquos</strong></span> <span class='ocrx_word' id='word_1_733' title='bbox 1444 4539 1610 4598; x_wconf 82' lang='lat' dir='ltr'><strong>llnscanunu</strong></span> <span class='ocrx_word' id='word_1_734' title='bbox 1628 4561 1662 4599; x_wconf 81' lang='lat' dir='ltr'><strong>ar</strong></span> <span class='ocrx_word' id='word_1_735' title='bbox 1703 4564 1718 4602; x_wconf 83' lang='lat' dir='ltr'><strong>a</strong></span> 
     </span>
    </p>
   </div>
   <div class='ocr_carea' id='block_1_28' title="bbox 976 4610 1769 5157">
    <p class='ocr_par' dir='ltr' id='par_1_34' title="bbox 976 4610 1769 5157">
     <span class='ocr_line' id='line_1_90' title="bbox 978 4610 1767 4680; baseline 0.003 -11"><span class='ocrx_word' id='word_1_736' title='bbox 978 4629 1061 4669; x_wconf 76' lang='lat' dir='ltr'><strong>asar.</strong></span> <span class='ocrx_word' id='word_1_737' title='bbox 1086 4613 1170 4666; x_wconf 84' lang='lat' dir='ltr'><strong>Erant</strong></span> <span class='ocrx_word' id='word_1_738' title='bbox 1183 4619 1273 4664; x_wconf 86' lang='lat' dir='ltr'><strong>autem</strong></span> <span class='ocrx_word' id='word_1_739' title='bbox 1288 4610 1420 4664; x_wconf 89' lang='lat' dir='ltr'><strong>dictorum</strong></span> <span class='ocrx_word' id='word_1_740' title='bbox 1439 4619 1587 4680; x_wconf 80' lang='lat' dir='ltr'><strong>martyrum</strong></span> <span class='ocrx_word' id='word_1_741' title='bbox 1603 4615 1710 4671; x_wconf 90' lang='lat' dir='ltr'><strong>cineres</strong></span> <span class='ocrx_word' id='word_1_742' title='bbox 1727 4619 1767 4671; x_wconf 90' lang='lat' dir='ltr'><strong>in-</strong></span> 
     </span>
     <span class='ocr_line' id='line_1_91' title="bbox 977 4679 1769 4749; baseline 0.005 -12"><span class='ocrx_word' id='word_1_743' title='bbox 977 4685 1059 4740; x_wconf 90' lang='lat' dir='ltr'><strong>voluti</strong></span> <span class='ocrx_word' id='word_1_744' title='bbox 1072 4682 1182 4737; x_wconf 88' lang='lat' dir='ltr'><strong>sudario</strong></span> <span class='ocrx_word' id='word_1_745' title='bbox 1194 4680 1281 4735; x_wconf 87' lang='lat' dir='ltr'><strong>adbuc</strong></span> <span class='ocrx_word' id='word_1_746' title='bbox 1295 4679 1410 4749; x_wconf 75' lang='lat' dir='ltr'><strong>integro,</strong></span> <span class='ocrx_word' id='word_1_747' title='bbox 1427 4679 1473 4733; x_wconf 88' lang='lat' dir='ltr'><strong>sed</strong></span> <span class='ocrx_word' id='word_1_748' title='bbox 1487 4681 1558 4749; x_wconf 83' lang='lat' dir='ltr'><strong>quad</strong></span> <span class='ocrx_word' id='word_1_749' title='bbox 1572 4683 1685 4739; x_wconf 91' lang='lat' dir='ltr'><strong>minimo</strong></span> <span class='ocrx_word' id='word_1_750' title='bbox 1699 4694 1769 4742; x_wconf 89' lang='lat' dir='ltr'><strong>atta-</strong></span> 
     </span>
     <span class='ocr_line' id='line_1_92' title="bbox 977 4748 1768 4812; baseline 0.001 -3"><span class='ocrx_word' id='word_1_751' title='bbox 977 4763 1022 4809; x_wconf 93' lang='lat' dir='ltr'><strong>ctn</strong></span> <span class='ocrx_word' id='word_1_752' title='bbox 1046 4755 1072 4808; x_wconf 92' lang='lat' dir='ltr'><strong>in</strong></span> <span class='ocrx_word' id='word_1_753' title='bbox 1095 4753 1201 4808; x_wconf 89' lang='lat' dir='ltr'><strong>cineres</strong></span> <span class='ocrx_word' id='word_1_754' title='bbox 1223 4749 1418 4805; x_wconf 88' lang='lat' dir='ltr'><strong>resolvebatur.</strong></span> <span class='ocrx_word' id='word_1_755' title='bbox 1444 4748 1528 4803; x_wconf 86' lang='lat' dir='ltr'><strong>Erant</strong></span> <span class='ocrx_word' id='word_1_756' title='bbox 1553 4761 1643 4807; x_wconf 86' lang='lat' dir='ltr'><strong>autem</strong></span> <span class='ocrx_word' id='word_1_757' title='bbox 1661 4755 1768 4812; x_wconf 86' lang='lat' dir='ltr'><strong>cineres</strong></span> 
     </span>
     <span class='ocr_line' id='line_1_93' title="bbox 978 4819 1763 4903; baseline -0.004 -25"><span class='ocrx_word' id='word_1_758' title='bbox 978 4823 1016 4878; x_wconf 92' lang='lat' dir='ltr'><strong>illi</strong></span> <span class='ocrx_word' id='word_1_759' title='bbox 1030 4824 1057 4877; x_wconf 91' lang='lat' dir='ltr'><strong>iu</strong></span> <span class='ocrx_word' id='word_1_760' title='bbox 1070 4838 1101 4878; x_wconf 93' lang='lat' dir='ltr'><strong>ea</strong></span> <span class='ocrx_word' id='word_1_761' title='bbox 1114 4821 1277 4893; x_wconf 85' lang='lat' dir='ltr'><strong>quantitate,</strong></span> <span class='ocrx_word' id='word_1_762' title='bbox 1289 4835 1370 4889; x_wconf 91' lang='lat' dir='ltr'><strong>quam</strong></span> <span class='ocrx_word' id='word_1_763' title='bbox 1383 4819 1522 4874; x_wconf 88' lang='lat' dir='ltr'><strong>sudarium</strong></span> <span class='ocrx_word' id='word_1_764' title='bbox 1535 4835 1632 4903; x_wconf 89' lang='lat' dir='ltr'><strong>capere</strong></span> <span class='ocrx_word' id='word_1_765' title='bbox 1646 4834 1763 4892; x_wconf 79' lang='lat' dir='ltr'><strong>poterat.</strong></span> 
     </span>
     <span class='ocr_line' id='line_1_94' title="bbox 977 4889 1766 4963; baseline 0.001 -15"><span class='ocrx_word' id='word_1_766' title='bbox 977 4893 1032 4948; x_wconf 89' lang='lat' dir='ltr'><strong>llas</strong></span> <span class='ocrx_word' id='word_1_767' title='bbox 1050 4892 1178 4963; x_wconf 87' lang='lat' dir='ltr'><strong>reliquias</strong></span> <span class='ocrx_word' id='word_1_768' title='bbox 1199 4891 1324 4945; x_wconf 86' lang='lat' dir='ltr'><strong>viderunt</strong></span> <span class='ocrx_word' id='word_1_769' title='bbox 1347 4890 1374 4943; x_wconf 93' lang='lat' dir='ltr'><strong>io</strong></span> <span class='ocrx_word' id='word_1_770' title='bbox 1400 4889 1472 4944; x_wconf 91' lang='lat' dir='ltr'><strong>dicto</strong></span> <span class='ocrx_word' id='word_1_771' title='bbox 1493 4889 1582 4956; x_wconf 82' lang='lat' dir='ltr'><strong>altari,</strong></span> <span class='ocrx_word' id='word_1_772' title='bbox 1600 4897 1766 4951; x_wconf 84' lang='lat' dir='ltr'><strong>reverendus</strong></span> 
     </span>
     <span class='ocr_line' id='line_1_95' title="bbox 976 4957 1767 5026; baseline 0.001 -8"><span class='ocrx_word' id='word_1_773' title='bbox 976 4963 1102 5018; x_wconf 90' lang='lat' dir='ltr'><strong>dominus</strong></span> <span class='ocrx_word' id='word_1_774' title='bbox 1125 4962 1243 5016; x_wconf 91' lang='lat' dir='ltr'><strong>decanus</strong></span> <span class='ocrx_word' id='word_1_775' title='bbox 1264 4958 1417 5015; x_wconf 77' lang='lat' dir='ltr'><strong>winandus</strong></span> <span class='ocrx_word' id='word_1_776' title='bbox 1443 4957 1584 5026; x_wconf 86' lang='lat' dir='ltr'><strong>aGelria,</strong></span> <span class='ocrx_word' id='word_1_777' title='bbox 1607 4961 1767 5020; x_wconf 87' lang='lat' dir='ltr'><strong>Guilielmus</strong></span> 
     </span>
     <span class='ocr_line' id='line_1_96' title="bbox 977 5027 1767 5104; baseline 0.001 -17"><span class='ocrx_word' id='word_1_778' title='bbox 977 5031 1096 5102; x_wconf 83' lang='lat' dir='ltr'><strong>Topbius</strong></span> <span class='ocrx_word' id='word_1_779' title='bbox 1118 5039 1222 5093; x_wconf 81' lang='lat' dir='ltr'><strong>caritor,</strong></span> <span class='ocrx_word' id='word_1_780' title='bbox 1236 5038 1264 5083; x_wconf 91' lang='lat' dir='ltr'><strong>et</strong></span> <span class='ocrx_word' id='word_1_781' title='bbox 1275 5028 1393 5084; x_wconf 79' lang='lat' dir='ltr'><strong>loannes</strong></span> <span class='ocrx_word' id='word_1_782' title='bbox 1404 5027 1521 5094; x_wconf 89' lang='lat' dir='ltr'><strong>Stcvart,</strong></span> <span class='ocrx_word' id='word_1_783' title='bbox 1534 5033 1657 5087; x_wconf 87' lang='lat' dir='ltr'><strong>canonici</strong></span> <span class='ocrx_word' id='word_1_784' title='bbox 1670 5034 1767 5104; x_wconf 78' lang='lat' dir='ltr'><strong>praedi-</strong></span> 
     </span>
     <span class='ocr_line' id='line_1_97' title="bbox 977 5098 1346 5157; baseline -0.005 -2"><span class='ocrx_word' id='word_1_785' title='bbox 977 5113 1027 5157; x_wconf 84' lang='lat' dir='ltr'><strong>ctae</strong></span> <span class='ocrx_word' id='word_1_786' title='bbox 1043 5101 1162 5157; x_wconf 70' lang='lat' dir='ltr'><strong>eeclesiae</strong></span> <span class='ocrx_word' id='word_1_787' title='bbox 1180 5098 1209 5154; x_wconf 90' lang='lat' dir='ltr'><strong>S.</strong></span> <span class='ocrx_word' id='word_1_788' title='bbox 1220 5099 1346 5154; x_wconf 63' lang='lat' dir='ltr'><strong>Scri‘atii.</strong></span> 
     </span>
    </p>
   </div>
   <div class='ocr_carea' id='block_1_29' title="bbox 1095 5196 1604 5266">
    <p class='ocr_par' dir='ltr' id='par_1_35' title="bbox 1095 5196 1604 5266">
     <span class='ocr_line' id='line_1_98' title="bbox 1095 5196 1604 5266; baseline -0.004 0"><span class='ocrx_word' id='word_1_789' title='bbox 1095 5196 1097 5201; x_wconf 37' lang='grc'>’</span> <span class='ocrx_word' id='word_1_790' title='bbox 1131 5210 1243 5266; x_wconf 76' lang='lat' dir='ltr'><strong>Carruca</strong></span> <span class='ocrx_word' id='word_1_791' title='bbox 1256 5211 1288 5265; x_wconf 80' lang='lat' dir='ltr'><strong>de</strong></span> <span class='ocrx_word' id='word_1_792' title='bbox 1300 5210 1370 5264; x_wconf 83' lang='lat' dir='ltr'><strong>dicto</strong></span> <span class='ocrx_word' id='word_1_793' title='bbox 1384 5207 1413 5264; x_wconf 91' lang='lat' dir='ltr'><strong>S.</strong></span> <span class='ocrx_word' id='word_1_794' title='bbox 1428 5209 1501 5264; x_wconf 84' lang='lat' dir='ltr'><strong>Petri</strong></span> <span class='ocrx_word' id='word_1_795' title='bbox 1514 5209 1604 5264; x_wconf 82' lang='lat' dir='ltr'><strong>altari.</strong></span> 
     </span>
    </p>
   </div>
   <div class='ocr_carea' id='block_1_30' title="bbox 1037 5310 1763 5619">
    <p class='ocr_par' dir='ltr' id='par_1_36' title="bbox 1037 5310 1603 5371">
     <span class='ocr_line' id='line_1_99' title="bbox 1037 5310 1603 5371; baseline -0.007 -8"><span class='ocrx_word' id='word_1_796' title='bbox 1037 5314 1090 5365; x_wconf 84' lang='lat' dir='ltr'><strong>llac</strong></span> <span class='ocrx_word' id='word_1_797' title='bbox 1100 5313 1234 5364; x_wconf 83' lang='lat' dir='ltr'><strong>llarcsllini</strong></span> <span class='ocrx_word' id='word_1_798' title='bbox 1246 5313 1347 5361; x_wconf 82' lang='lat' dir='ltr'><strong>eineres</strong></span> <span class='ocrx_word' id='word_1_799' title='bbox 1358 5310 1503 5360; x_wconf 83' lang='lat' dir='ltr'><strong>claudantur</strong></span> <span class='ocrx_word' id='word_1_800' title='bbox 1511 5312 1535 5360; x_wconf 89' lang='lat' dir='ltr'><strong>ia</strong></span> <span class='ocrx_word' id='word_1_801' title='bbox 1544 5323 1603 5371; x_wconf 81' lang='lat' dir='ltr'><strong>ara,</strong></span> 
     </span>
    </p>

    <p class='ocr_par' dir='ltr' id='par_1_37' title="bbox 1037 5371 1625 5433">
     <span class='ocr_line' id='line_1_100' title="bbox 1037 5371 1625 5433; baseline -0.002 -9"><span class='ocrx_word' id='word_1_802' title='bbox 1037 5375 1148 5424; x_wconf 83' lang='lat' dir='ltr'><strong>Necnon</strong></span> <span class='ocrx_word' id='word_1_803' title='bbox 1160 5387 1213 5422; x_wconf 85' lang='lat' dir='ltr'><strong>ossa</strong></span> <span class='ocrx_word' id='word_1_804' title='bbox 1225 5373 1303 5430; x_wconf 84' lang='lat' dir='ltr'><strong>Petri,</strong></span> <span class='ocrx_word' id='word_1_805' title='bbox 1316 5375 1418 5431; x_wconf 83' lang='lat' dir='ltr'><strong>patratis</strong></span> <span class='ocrx_word' id='word_1_806' title='bbox 1428 5371 1518 5432; x_wconf 81' lang='lat' dir='ltr'><strong>inclyta</strong></span> <span class='ocrx_word' id='word_1_807' title='bbox 1530 5373 1625 5433; x_wconf 70' lang='lat' dir='ltr'><strong>siquis:</strong></span> 
     </span>
    </p>

    <p class='ocr_par' dir='ltr' id='par_1_38' title="bbox 1039 5433 1763 5619">
     <span class='ocr_line' id='line_1_101' title="bbox 1040 5433 1703 5502; baseline 0.003 -16"><span class='ocrx_word' id='word_1_808' title='bbox 1040 5439 1110 5486; x_wconf 75' lang='lat' dir='ltr'><strong>ilum</strong></span> <span class='ocrx_word' id='word_1_809' title='bbox 1122 5436 1192 5484; x_wconf 87' lang='lat' dir='ltr'><strong>dedit</strong></span> <span class='ocrx_word' id='word_1_810' title='bbox 1205 5433 1358 5493; x_wconf 55' lang='lat' dir='ltr'><strong>&amp;inundes</strong></span> <span class='ocrx_word' id='word_1_811' title='bbox 1367 5433 1508 5482; x_wconf 82' lang='lat' dir='ltr'><strong>tllesanrum</strong></span> <span class='ocrx_word' id='word_1_812' title='bbox 1520 5434 1608 5484; x_wconf 76' lang='lat' dir='ltr'><strong>nobilis</strong></span> <span class='ocrx_word' id='word_1_813' title='bbox 1618 5434 1703 5502; x_wconf 80' lang='lat' dir='ltr'><strong>abbas,</strong></span> 
     </span>
     <span class='ocr_line' id='line_1_102' title="bbox 1040 5492 1625 5556; baseline -0.003 -10"><span class='ocrx_word' id='word_1_814' title='bbox 1040 5496 1140 5555; x_wconf 82' lang='lat' dir='ltr'><strong>Quando</strong></span> <span class='ocrx_word' id='word_1_815' title='bbox 1151 5500 1318 5543; x_wconf 83' lang='lat' dir='ltr'><strong>recensebant</strong></span> <span class='ocrx_word' id='word_1_816' title='bbox 1329 5508 1342 5540; x_wconf 89' lang='lat' dir='ltr'><strong>a</strong></span> <span class='ocrx_word' id='word_1_817' title='bbox 1354 5500 1423 5555; x_wconf 84' lang='lat' dir='ltr'><strong>partu</strong></span> <span class='ocrx_word' id='word_1_818' title='bbox 1438 5492 1544 5556; x_wconf 78' lang='lat' dir='ltr'><strong>Virginis</strong></span> <span class='ocrx_word' id='word_1_819' title='bbox 1555 5495 1625 5544; x_wconf 80' lang='lat' dir='ltr'><strong>almae</strong></span> 
     </span>
     <span class='ocr_line' id='line_1_103' title="bbox 1039 5555 1763 5619; baseline 0.008 -14"><span class='ocrx_word' id='word_1_820' title='bbox 1039 5558 1514 5619; x_wconf 80' lang='lat' dir='ltr'><strong>Bisquequatereentumanuos‚oecnou</strong></span> <span class='ocrx_word' id='word_1_821' title='bbox 1521 5555 1652 5607; x_wconf 87' lang='lat' dir='ltr'><strong>bisdecem</strong></span> <span class='ocrx_word' id='word_1_822' title='bbox 1662 5565 1688 5610; x_wconf 92' lang='lat' dir='ltr'><strong>et</strong></span> <span class='ocrx_word' id='word_1_823' title='bbox 1696 5568 1763 5614; x_wconf 82' lang='lat' dir='ltr'><strong>octo.</strong></span> 
     </span>
    </p>
   </div>
   <div class='ocr_carea' id='block_1_31' title="bbox 977 5635 1674 5707">
    <p class='ocr_par' dir='ltr' id='par_1_39' title="bbox 977 5635 1674 5707">
     <span class='ocr_line' id='line_1_104' title="bbox 977 5635 1674 5707; baseline 0 -11"><span class='ocrx_word' id='word_1_824' title='bbox 977 5641 1114 5696; x_wconf 84' lang='lat' dir='ltr'><strong>llaetenus</strong></span> <span class='ocrx_word' id='word_1_825' title='bbox 1133 5653 1147 5691; x_wconf 87' lang='lat' dir='ltr'><strong>a</strong></span> <span class='ocrx_word' id='word_1_826' title='bbox 1162 5637 1235 5691; x_wconf 90' lang='lat' dir='ltr'><strong>dicto</strong></span> <span class='ocrx_word' id='word_1_827' title='bbox 1249 5635 1380 5690; x_wconf 93' lang='lat' dir='ltr'><strong>canonico</strong></span> <span class='ocrx_word' id='word_1_828' title='bbox 1398 5651 1449 5689; x_wconf 88' lang='lat' dir='ltr'><strong>van</strong></span> <span class='ocrx_word' id='word_1_829' title='bbox 1462 5635 1518 5707; x_wconf 78' lang='lat' dir='ltr'><strong>Syll</strong></span> <span class='ocrx_word' id='word_1_830' title='bbox 1532 5636 1674 5696; x_wconf 88' lang='lat' dir='ltr'><strong>submissa.</strong></span> 
     </span>
    </p>
   </div>
   <div class='ocr_carea' id='block_1_32' title="bbox 1510 5748 1547 5808">
    <p class='ocr_par' dir='ltr' id='par_1_40' title="bbox 1510 5748 1547 5808">
     <span class='ocr_line' id='line_1_105' title="bbox 1510 5748 1547 5808; baseline 0 0"><span class='ocrx_word' id='word_1_831' title='bbox 1510 5748 1547 5808; x_wconf 78' lang='lat' dir='ltr'><strong>to</strong></span> 
     </span>
    </p>
   </div>
   <div class='ocr_carea' id='block_1_33' title="bbox 1721 4565 1767 4603">
    <p class='ocr_par' dir='ltr' id='par_1_41' title="bbox 1721 4565 1767 4603">
     <span class='ocr_line' id='line_1_106' title="bbox 1721 4565 1767 4603; baseline 0 -1"><span class='ocrx_word' id='word_1_832' title='bbox 1721 4565 1767 4603; x_wconf 72' lang='lat' dir='ltr'><strong>alit</strong></span> 
     </span>
    </p>
   </div>
   <div class='ocr_carea' id='block_1_34' title="bbox 0 0 1921 6116">
    <p class='ocr_par' dir='ltr' id='par_1_42' title="bbox 0 0 1921 6116">
     <span class='ocr_line' id='line_1_107' title="bbox 0 0 1921 6116; baseline 0 0"><span class='ocrx_word' id='word_1_833' title='bbox 0 0 1921 6116; x_wconf 95' lang='lat' dir='ltr'><strong> </strong></span> 
     </span>
    </p>
   </div>
  </div>
 </body>
</html>
