3832 6120
149 295 200 353 2le
626 288 657 350 S.
676 288 852 349 scottum
871 279 1024 344 eristum
1044 283 1283 345 tuabuutzu’srs
1733 292 1785 355 m

149 403 272 467 nomine,
295 402 450 475 rogavimus
465 409 492 457 et
512 403 648 472 deprecati
670 419 764 460 sumus
788 401 889 460 sociem
904 416 946 456 rc·
960 405 983 463 ,t
997 400 1128 454 istoanuo
1140 414 1174 455 ex
1187 401 1238 455 lrac
1248 401 1389 459 occasione
1401 406 1555 473 perpetrata
1570 400 1701 487 dolemus.
1716 417 1745 463 et
1756 412 1786 464 ti

149 501 259 567 spectus
283 493 321 548 tui
348 491 515 562 suppliciter,
529 500 558 546 ut
573 499 617 547 tua
632 493 828 549 illuminatione
848 498 875 545 et
896 506 944 559 gu·
994 503 1098 543 memus
1115 488 1195 543 valde
1209 489 1281 545 neiu
1298 506 1345 546 ros
1358 489 1433 547 iuror
1445 493 1493 548 liei
1508 494 1668 550 concitetur.
1683 497 1787 556 licoor-

149 585 308 643 bernatione
321 582 482 653 eligeremus
497 583 657 654 participem
672 584 778 655 imperii
793 601 799 636 τ
816 581 866 639 seri
881 581 944 650 qnia
992 578 1089 633 damur
1098 592 1216 649 namque
1224 581 1421 638 ardentissimae
1433 581 1570 653 religionis
1581 595 1689 655 vestrm,
1700 604 1785 660 quarn

150 682 239 731 tecum
255 674 323 728 bone
338 688 392 727 non
414 671 539 738 lecimus,
562 673 622 727 sine
647 681 673 728 te
687 672 783 728 melius
798 669 944 728 consilium
992 665 1169 735 cognorimus
1195 681 1302 739 semper
1324 668 1353 724 iu
1378 670 1537 726 assiduitate
1563 675 1729 743 orationum,
1756 679 1785 735 in

150 763 312 818 invenimus.
341 760 430 826 Absit,
456 761 535 816 altsit.
560 761 672 817 Avertat
695 760 767 817 Deus
781 779 795 816 a
812 760 892 816 vobis
915 766 945 814 ut
992 752 1104 823 psalmis
1116 761 1143 810 et
1157 756 1264 828 hymnis
1279 767 1306 812 et
1319 759 1433 814 canticis
1446 760 1613 830 spiritalibus
1626 773 1784 825 oscitantem

149 855 354 926 inspirationem
373 853 421 907 uet
449 852 606 924 reportetis,
621 863 649 909 et
672 854 838 909 votooutern
857 851 944 906 nomi·
992 851 1020 897 et
1043 844 1201 913 psallentem
1223 845 1278 901 beo
1304 847 1331 902 to
1357 849 1439 904 corde
1460 864 1538 920 perro,
1565 852 1592 907 in
1621 859 1792 917 contnnone

48 927 52 937 ’
149 961 214 1002 num
236 944 357 999 carnalia
382 950 487 997 tantum
511 944 673 1014 sapientium
695 943 832 1009 statuatis,
868 947 900 997 ut
915 940 944 995 in
992 933 1093 999 cordis,
1119 933 1369 1005 incompunctione
1390 936 1502 1008 placide
1515 942 1625 1008 mentis,
1641 945 1787 1003 insollici-

150 1049 271 1091 errorem
298 1032 473 1096 inducamini,
488 1042 515 1087 et
539 1031 716 1090 deducamini.
744 1033 862 1090 Obsecro
890 1030 944 1087 cle-
994 1022 1086 1078 imiimi
1108 1023 1355 1080 misericordiarum
1380 1035 1409 1081 et
1428 1029 1696 1090 omniumbonorom
1716 1046 1787 1094 stro,

93 1142 96 1147 '
150 1129 281 1185 mentium
297 1134 426 1190 restrum,
450 1124 640 1179 utsecuntlrrrrr
667 1119 944 1178 abeovootscotta-
994 1111 1106 1165 nuitate.
1125 1112 1159 1167 m
1177 1112 1248 1179 ilium
1276 1120 1307 1168 ut
1337 1115 1439 1170 ‘iillum
1462 1125 1515 1183 0⁸1»
1536 1118 1685 1177 timendum
1708 1128 1787 1185 nobis

151 1226 205 1273 tam
226 1217 396 1287 purulentiam
424 1215 597 1286 perpendatis
621 1215 756 1285 utromodo
777 1216 878 1270 beatus
896 1211 944 1267 Ja-
993 1203 1109 1268 vitetur,
1134 1217 1169 1258 ¹¹0
1190 1212 1321 1275 [illimis
1337 1220 1371 1260 ne
1391 1204 1530 1277 iliimrul,
1554 1213 1700 1281 optandum
1720 1231 1786 1272 vere

149 1310 234 1366 cobus
247 1308 391 1378 Apostolus
414 1307 592 1375 reprehendat
611 1322 657 1361 cos
671 1308 716 1377 rpri
745 1307 860 1379 propriis
887 1302 945 1360 ani·
994 1299 1024 1347 ut
1041 1292 1176 1348 sellfflcli
1199 1303 1225 1350 θῑ
1238 1303 1369 1366 iubeam?
1394 1301 1592 1366 millium
1612 1316 1698 1373 usgue
1714 1305 1740 1359 iu
1752 1305 1784 1360 ii·

149 1415 256 1454 morum
271 1398 389 1452 motibus
413 1405 567 1466 proponunt
586 1395 675 1466 aliqua
701 1412 731 1452 se
747 1396 870 1452 iacturas
887 1394 945 1450 sine
994 1400 1067 1450 llum,
1080 1395 1110 1440 lli
1123 1385 1195 1440 suilli
1214 1387 1526 1457 uelutilermseltuulur·

149 1481 291 1560 prospectu
318 1488 415 1542 divium
437 1487 634 1556 permissionis,
657 1487 750 1543 ‹liccns
768 1506 775 1542 ε
793 1487 863 1543 Ecce
876 1503 945 1541 none
1031 1474 1084 1531 iil·
1110 1477 1144 1531 iii
1167 1476 1371 1547 quiasuperius
1398 1476 1566 1549 duiussilimu
1587 1489 1615 1536 el
1633 1493 1785 1554 opportuno

148 1584 193 1652 qui
207 1581 294 1635 dicitis
317 1592 326 1632 :
347 1577 433 1632 Hodie
447 1588 492 1631 ont
508 1595 566 1632 cras
588 1578 683 1632 ibimus
706 1578 733 1633 in
757 1578 831 1633 illum
856 1577 945 1632 cinito-
991 1565 1146 1636 juramento
1168 1567 1270 1621 ῑῦθῦῑῑθ
1291 1567 1363 1623 sauia
1386 1569 1561 1634 est,tidetur
1586 1573 1652 1627 mibi
1675 1589 1729 1630 uun
1742 1592 1786 1631 et*

149 1681 211 1735 gem,
226 1679 250 1725 et
279 1669 406 1739 [pgfgmug
429 1667 534 1738 quidem
560 1668 596 1721 ibi
626 1685 736 1732 annum,
764 1678 788 1723 gt
817 1667 946 1722 mgrgahg'.
995 1658 1103 1713 landum
1117 1658 1282 1715 excelieniiae
1295 1669 1402 1723 vestm,
1424 1660 1496 1730 quod
1509 1661 1592 1718 miliia
1607 1667 1785 1722 murmurasti)

148 1777 219 1824 mur,
238 1769 261 1814 et
287 1758 390 1812 lucrum
415 1758 541 1827 sociemus
566 1771 575 1809 :
594 1758 640 1828 qni
657 1759 784 1828 ignoratis
804 1757 871 1829 qnid
895 1758 944 1810 erit
959 1758 1121 1837 Bestnunc
1135 1751 1206 1806 inter
1220 1750 1343 1805 homiues
1356 1760 1468 1821 propter
1482 1753 1619 1809 contrariu
1633 1763 1662 1810 et
1676 1755 1784 1814 diversa

148 1847 176 1906 in
193 1850 346 1905 crastinum.
374 1846 440 1913 Qun
461 1847 530 1901 enim
546 1856 582 1901 cst
599 1847 651 1900 cito
664 1847 774 1901 oestro?
791 1845 882 1913 Vopur
906 1854 944 1900 est
993 1838 1157 1908 juramenta,
1173 1848 1201 1895 et
1223 1855 1277 1894 tron
1297 1840 1353 1895 sola
1378 1843 1567 1908 murmuratio,
1589 1845 1636 1900 sed
1657 1853 1685 1901 et
1701 1845 1786 1903 tristi·

149 1939 184 1994 od
206 1939 339 1993 modicum
351 1954 457 2008 parens,
469 1936 590 2007 deinceps
603 1936 828 1991 exterminabitur.
848 1933 901 1989 Pro
914 1952 944 1990 eo
997 1931 1046 1997 tia,
1062 1942 1089 1987 et
1104 1933 1236 1989 detractio
1258 1935 1401 1989 adversum
1424 1950 1473 1990 vos
1488 1949 1496 1990 τ
1512 1936 1584 2004 quod
1606 1935 1674 1992 milri
1689 1953 1788 2008 usgue·

148 2036 177 2081 nt
200 2026 294 2081 dicatis
313 2023 368 2081 :Si
388 2025 517 2079 Dominus
537 2024 657 2090 coluerat,
681 2037 716 2091 et,
737 2023 767 2080 Si
784 2025 943 2088 ,vixerimus
996 2036 1102 2091 quaque
1133 2021 1255 2078 disolicet
1283 2039 1290 2075 :
1317 2037 1432 2093 quorum
1458 2026 1694 2082 murmurationi
1720 2026 1788 2083 tttutt

148 2115 276 2187 faciemus
289 2116 347 2178 boo,
372 2125 418 2169 ortt
431 2114 509 2169 r'ttod.
527 2115 560 2171 Et
573 2124 667 2172 cavete
681 2119 715 2172 ab
728 2116 886 2172 bominibus
897 2116 943 2189 qui
996 2111 1132 2181 perlillel'u
1154 2111 1195 2166 uis
1216 2110 1324 2166 ridetur
1340 2111 1412 2182 qoort
1432 2113 1529 2169 beatus
1552 2114 1733 2187 Hieronymus
1756 2117 1786 2173 itt

147 2217 298 2278 sequuntur
318 2208 442 2278 spiritum
463 2224 552 2275 suum,
577 2208 640 2278 quia
669 2224 723 2264 non
755 2210 878 2266 omnium
901 2217 944 2265 est
994 2201 1160 2273 exposit-ione
1176 2201 1300 2258 letemiae
1325 2203 1391 2259 dicit
1413 2204 1500 2260 inilio
1515 2206 1573 2262 loco
1595 2207 1785 2280 ubipropheii

149 2297 227 2354 ilios.
993 2293 1032 2347 ait
1046 2307 1053 2346 ε
1069 2292 1105 2347 tte
1112 2293 1217 2364 jurabit
1235 2314 1243 2351 .·
1262 2295 1323 2349 aicit
1343 2294 1482 2363 Dominus,
1495 2296 1522 2350 in
1537 2298 1646 2352 ueritme
1658 2307 1683 2352 et
1703 2298 1786 2369 initt-

184 2386 228 2443 lll.
248 2387 379 2459 Cognovit
401 2387 530 2444 Dominus
552 2387 599 2458 qui
613 2396 677 2443 sunt
690 2387 765 2458 ejus;
790 2395 817 2444 et
829 2388 944 2458 quicun-
991 2383 1062 2439 dicio
1074 2392 1099 2438 et
1108 2384 1227 2455 justitio.
1239 2384 1284 2440 Ait
1295 2385 1515 2457 ergopraedtctus
1525 2386 1640 2443 doctor:
1657 2405 1667 2439 r
1686 2386 1786 2444 Simul-

148 2494 202 2551 que
213 2479 272 2550 ejus
287 2495 390 2545 sumus,
402 2479 639 2551 quantulacunque
659 2480 784 2536 veritatis
803 2480 863 2535 luce
875 2478 944 2535 troi·
992 2488 1047 2544 que
1059 2474 1339 2540 animadvertentium,
1352 2476 1618 2548 uuudiusjurumium
1627 2478 1677 2534 ilos
1686 2479 1797 2556 babeat·

148 2583 218 2631 tnur,
239 2576 267 2623 et
291 2569 406 2624 ueritate
428 2568 597 2625 illuminante
625 2569 767 2627 sinceriter
795 2585 843 2626 vos
867 2583 943 2625 ama·
993 2567 1118 2632 comites,
1144 2569 1295 2632 veritatem,
1320 2565 1461 2635 judicium,
1483 2576 1564 2640 atque
1581 2570 1725 2641 justitiam.
1752 2569 1783 2629 st

147 2673 219 2722 mus,
249 2658 364 2715 fideliter
400 2668 517 2715 vestram
554 2660 746 2730 sempiternam
783 2659 942 2716 felicitatem
993 2659 1046 2715 ista
1070 2660 1220 2726 defuerint;
1247 2674 1418 2730 nequaquam
1440 2661 1493 2718 crit
1513 2660 1707 2732 iuramentum,
1733 2661 1782 2720 ted

136 2754 323 2818 ‘exoptamum
345 2755 374 2804 et
396 2748 498 2804 idcirco
522 2757 597 2805 tanta
621 2750 712 2815 mala,
736 2756 812 2805 tanta
838 2749 942 2806 scelera
992 2748 1184 2820 perjurium.»

153 2894 1741 2914 mmm*—me-u

351 2996 365 3025 ⁸
380 2985 433 3046 DE
455 2982 774 3046 cometutrtotte
794 2985 1002 3049 REGlbllNlS
1023 2987 1318 3051 Ecetsssttsrtct
1335 2990 1386 3051 ET
1406 2989 1580 3052 rottrtct

397 3125 442 3186 m
460 3126 494 3188 in
513 3126 627 3206 quibus
643 3125 790 3188 Ecclesiae
803 3124 943 3206 dignitus
960 3128 1146 3211 prefulgent
1161 3131 1365 3210 imperiorum
1380 3132 1545 3213 majestati.
1604 3162 1608 3168 ·

182 3317 203 3373 l.
228 3316 331 3372 Domno
360 3314 573 3371 clementissimo
604 3322 632 3371 et
653 3314 886 3375 christianissimo
910 3322 1047 3389 accbur
1071 3323 1261 3389 brachiorum
1287 3324 1313 3378 in
1327 3323 1502 3381 altercatione
1517 3335 1606 3384 autem
1630 3345 1786 3392 sermonum

147 3425 196 3483 per
208 3410 261 3465 hoo
273 3407 347 3463 omni
361 3405 442 3462 laude
459 3405 621 3477 dignissimo
633 3406 790 3478 imperatori
803 3406 941 3464 Ludovico
991 3413 1052 3483 plus
1066 3417 1247 3486 exspectanda
1270 3426 1313 3472 est
1326 3418 1439 3483 ueritas,
1449 3434 1530 3489 quam
1543 3420 1620 3490 copia
1630 3423 1784 3483 verborum.

146 3503 316 3573 Agobarrlus.
991 3504 1107 3575 Propter
1118 3506 1189 3576 quod
1198 3508 1329 3563 orandum
1339 3516 1381 3563 est
1390 3508 1558 3566 abomnibus
1570 3518 1626 3566 tota
1637 3512 1787 3570 intentione

183 3592 263 3649 lubet
276 3600 367 3647 vestra
381 3589 591 3662 prudentissima
606 3589 716 3645 solertia
731 3591 853 3645 contrat
868 3606 942 3646 com·
992 3599 1102 3664 mentis,
1116 3608 1146 3654 ut
1164 3599 1209 3654 ille
1223 3599 1257 3656 de
1271 3616 1325 3671 quo
1338 3617 1387 3656 ros
1412 3603 1516 3670 dicitis,
1531 3603 1660 3662 Dominus
1683 3607 1786 3662 dirmi-

149 3684 283 3739 motioucs
312 3679 391 3750 unius
415 3681 544 3752 temporis
560 3688 685 3749 paratum
706 3695 767 3736 esse
797 3688 942 3752 utrumque
993 3690 1065 3743 notio
1080 3705 1137 3744 ntea
1152 3700 1176 3744 et
1191 3690 1264 3746 talos
1277 3709 1346 3758 meo,
1361 3694 1426 3763 quia
1448 3692 1609 3752 illuminatio
1623 3705 1712 3754 restra
1731 3706 1785 3763 est,

147 3775 281 3839 ordinem,
312 3773 458 3828 militarent
490 3772 626 3837 videlicet,
655 3778 683 3829 et
708 3773 940 3839 ecclesiasticum
993 3778 1109 3835 illustret
1126 3778 1222 3836 iaciem
1233 3797 1310 3837 suam
1325 3798 1407 3854 super
1418 3793 1525 3850 vos;ct
1537 3785 1603 3854 quia
1612 3784 1685 3842 salus
1696 3795 1786 3844 vestra

148 3866 239 3931 idest,
255 3873 282 3920 ct
303 3864 405 3934 eosqui
420 3864 544 3920 saeculari
557 3864 670 3930 militiae,
683 3872 710 3920 ct
721 3864 781 3920 illos
797 3866 842 3936 qui
857 3867 943 3924 sacris
992 3876 1044 3926 cst.
1057 3861 1161 3925 salvum
1174 3886 1223 3927 vos
1241 3870 1323 3927 iaciat
1344 3873 1373 3927 in
1394 3889 1443 3930 sua
1469 3874 1664 3943 misericordia,
1679 3885 1710 3932 ut
1723 3877 1787 3933 bule

148 3955 306 4010 ministeriis
318 3954 484 4021 inserviunt;
499 3964 526 4011 et
538 3955 596 4012 illos
607 3956 715 4027 quirlem
734 3957 768 4011 atl
782 3959 941 4015 certandum
993 3962 1110 4017 orationi
1122 3971 1303 4034 congruenter
1314 3979 1364 4021 vos
1386 3963 1576 4038 subjungatis:
1589 3964 1702 4021 Domine
1733 3983 1786 4023 nott

148 4042 232 4107 ferro,
248 4044 317 4098 istos
337 4052 427 4098 autem
447 4045 481 4099 ad
494 4045 699 4114 disceptandum
716 4047 813 4110 verbo;
826 4056 856 4102 ut
869 4049 943 4103 simi·
993 4048 1151 4117 confundor,
1171 4054 1295 4122 quonium
1320 4055 1437 4109 inuocuui
1449 4065 1483 4111 te.

148 4135 189 4191 les
203 4134 337 4189 similibus
345 4135 480 4190 obsistere
494 4135 612 4189 valeant.
624 4135 653 4189 ln
669 4151 722 4205 qua
733 4151 943 4207 resummopere
1029 4141 1060 4195 ll.
1088 4142 1143 4214 Ego
1162 4144 1245 4214 igitur
1258 4146 1382 4201 servulus
1405 4156 1503 4213 vester,
1521 4164 1583 4205 cum
1599 4150 1786 4218 cognovissem

148 4223 289 4280 sciendum
307 4232 361 4290 est,
374 4225 446 4296 quod
461 4225 488 4279 in
512 4227 704 4300 congressione
720 4241 858 4283 armorum
880 4229 941 4300 plus
993 4247 1028 4287 ex
1047 4242 1136 4289 vestro
1155 4249 1234 4290 sacro
1251 4245 1387 4306 praecepto
1406 4237 1512 4306 jussum
1528 4240 1593 4295 mibi
1607 4252 1669 4296 esse
1691 4240 1724 4296 ad
1738 4254 1787 4297 ve·
1813 4276 1815 4280 -

149 4313 332 4386 exspectanda
345 4313 503 4384 estiustitia
514 4316 623 4386 superni
636 4316 786 4388 regiminis,
801 4333 942 4466 qugffip-
995 4332 1080 4381 stram
1100 4329 1272 4396 praesentiam
1299 4344 1446 4400 properare
1464 4331 1501 4387 ita
1519 4338 1655 4402 paratum,
1677 4337 1709 4386 ut
1722 4345 1786 4388 cunr

928 4411 972 4467 le
989 4414 1104 4472 NOTAE.

181 4511 194 4541 ⁸
212 4499 294 4555 Liber
306 4498 356 4555 isle
366 4499 393 4555 iu
407 4498 467 4554 aliis
476 4498 648 4562 editionibus,
660 4508 760 4570 pruter
772 4501 853 4557 islam
864 4503 939 4574 Ago-
950 4509 977 4569 D
989 4510 1056 4564 moti
1064 4509 1208 4566 lotltarius
1220 4512 1373 4584 fratresque
1386 4515 1444 4586 ejus
1457 4516 1666 4571 armuadversus
1677 4521 1785 4582 patrcnt

146 4569 222 4626 bardi
243 4568 276 4622 ad
295 4569 460 4625 Lrtdovicum
472 4570 662 4640 imperatorem
680 4571 838 4641 epistolam,
863 4587 939 4628 com·
991 4588 1151 4636 moverunt:
1172 4581 1198 4636 irl
1214 4583 1286 4652 quod
1300 4599 1351 4640 nos
1362 4586 1441 4640 bodie
1455 4584 1558 4640 Gallica
1572 4584 1663 4665 lingue
1673 4598 1785 4639 voeare-

144 4639 313 4711 plectebatur
324 4640 405 4694 etiam
429 4641 569 4711 epistolam
588 4639 712 4711 Gregorii
727 4639 760 4695 tt
778 4642 813 4723 ati
835 4643 940 4713 episco-
971 4665 1051 4716 ,ntus
1075 4669 1110 4706 nn
1123 4651 1270 4721 manifeste.
1289 4654 1332 4720 Et,
1345 4655 1549 4726 qrtorljugulum
1565 4661 1643 4722 petit,
1656 4661 1713 4709 tres
1731 4653 1785 4709 tlte

165 4725 195 4765 uu
210 4710 283 4779 rutili
300 4709 320 4763 F
322 4725 476 4774 raucorum,
498 4710 649 4765 etbibrum
666 4711 863 4781 apologeticum
889 4728 939 4782 pro
989 4718 1581 4790 lucubrationesdisjunctaeaedivisesuntin
1593 4723 1706 4780 codicer
1742 4725 1784 4790 ica

145 4725 209 4836 iltis
219 4779 339 4848 ciusdem
354 4778 490 4834 budovici.
518 4780 618 4835 Verum
633 4787 660 4833 et
671 4796 714 4835 rcs
729 4781 785 4849 ipsa
797 4789 825 4835 ct
837 4782 939 4838 vetusti
990 4790 1177 4874 incipiuntque
1200 4807 1296 4848 omnes
1316 4810 1332 4849 a
1351 4795 1500 4867 majuscula
1515 4795 1620 4858 littera,
1649 4802 1678 4846 ut
1736 4800 1785 4848 eut

146 4851 248 4906 codicis
261 4850 409 4903 auctoritas
423 4857 568 4903 suaserunt
578 4856 608 4902 ut
620 4850 677 4904 lnec
692 4851 745 4904 tria
759 4851 938 4922 distinguere·
990 4859 1068 4916 initia
1083 4861 1224 4916 librorum.
1244 4863 1413 4936 Venrmquia
1425 4865 1589 4935 posteriores
1598 4863 1731 4933 dgobardi
1744 4863 1785 4916 lu-

146 4935 215 4975 mus.
243 4918 309 4973 Nam
323 4925 427 5001 certum
440 4927 482 5001 cst
492 4918 635 5001 epistolum
646 4920 680 5000 ad
692 4919 856 5002 budovicum
870 4924 938 4978 scri·
990 4933 1163 4986 cubrationes
1176 4931 1279 4987 nullum
1294 4935 1399 4988 titulum
1419 4936 1519 4990 babent
1531 4935 1558 4989 in
1578 4933 1663 4988 veteri
1677 4934 1783 4998 codiee,

144 4999 217 5058 ptam
232 4989 370 5045 terrninarr
388 5004 414 5042 tn
424 4987 468 5043 brs
480 4989 579 5054 uerbis,
597 4988 685 5058 Huius
700 4991 738 5044 rei
753 5008 825 5046 turm
840 4993 935 5047 merila
987 5001 1172 5069 amanuensis,
1186 5003 1219 5055 arl
1232 5003 1310 5072 cujus
1321 5004 1400 5058 tidem
1415 5006 1515 5076 prodiit
1525 5004 1609 5060 editio
1621 5003 1783 5069 blnssonica,

45 5059 50 5079 ³
144 5070 229 5114 uestro
242 5061 451 5131 appropinquare
461 5059 545 5129 faciut
558 5058 708 5130 apostolicis
724 5062 834 5116 meritis.
866 5061 935 5118 'inm
1006 5072 1091 5126 rttavit
1101 5073 1158 5128 baec
1171 5074 1296 5143 conjungi
1309 5075 1417 5130 debete.
1432 5075 1665 5138 Ceterumistiur
1676 5086 1785 5142 quoque

137 5129 219 5207 ,urum
233 5130 334 5194 debuit,
360 5130 408 5185 sor
426 5144 479 5184 ooo
500 5129 527 5183 tn
541 5130 636 5184 eorem
654 5129 735 5213 tineo,
761 5147 775 5186 e
796 5129 873 5214 tsrota
886 5148 934 5187 seu
987 5087 1071 5196 iioettt
1083 5141 1176 5198 ttrotus
1193 5142 1284 5197 nuttos
1296 5144 1392 5199 eratin
1404 5145 1488 5200 vorent
1501 5144 1604 5203 codiee.
1633 5143 1785 5213 toquere

162 5198 285 5255 ertrtsira
306 5198 556 5270 mentumcpistulm
567 5198 689 5271 Gregorii
702 5200 763 5256 lVa
795 5216 937 5273 eptscopos
987 5210 1119 5266 tinuimus
1129 5227 1190 5267 eum
1206 5226 1287 5280 quem
1300 5212 1440 5270 blussonus
1448 5213 1586 5280 iecit,non
1598 5213 1680 5268 aliam
1691 5221 1784 5268 tamen

144 5269 228 5337 partis
244 5215 386 5325 ituriovici.⁸
397 5286 457 5342 qun
471 5269 513 5325 vel
527 5270 563 5324 ob
573 5270 625 5326 boc
644 5272 730 5340 ipsum
746 5271 882 5352 ineodem
897 5271 937 5326 la·
987 5280 1023 5334 ob
1034 5295 1154 5344 eausam,
1169 5296 1251 5352 quoru
1266 5284 1394 5355 quinium
1405 5284 1522 5341 obtinuit
1534 5292 1564 5339 ut
1578 5298 1611 5340 eo
1626 5281 1706 5339 titulo
1724 5279 1784 5336 lau·

143 5338 246 5392 sciculo
259 5338 362 5409 alligari
384 5356 438 5406 non
451 5339 556 5405 debuit,
577 5342 648 5408 ouoo
664 5341 735 5395 nulla
752 5340 936 5406 illrus‘mentio
988 5349 1068 5404 detur
1082 5351 1251 5407 aperueritis.
1747 5404 1749 5407 ,

143 5413 231 5461 exstet
242 5407 268 5460 irr
282 5409 394 5477 epistola
407 5410 441 5465 ad
452 5410 626 5466 ludovicum.
650 5409 733 5467 Liber
744 5411 852 5466 demum
869 5425 936 5483 apo-
1024 5420 1038 5460 u
1059 5419 1251 5476 commotiones
1262 5422 1342 5492 lortius
1357 5426 1492 5495 temporis,
1510 5423 1594 5480 idest
1608 5423 1676 5479 bella
1691 5427 1720 5478 el
1729 5417 1785 5476 ‹tta-

143 5473 273 5599 logeticus
306 5479 381 5532 rocul
396 5480 478 5534 dubio
491 5482 525 5536 ab
540 5489 655 5552 utraque
679 5480 794 5551 epistola
819 5481 935 5554 disiungi
989 5490 1130 5545 sensiones
1141 5506 1201 5561 quae
1214 5490 1241 5546 itt
1259 5508 1344 5564 regno
1355 5493 1523 5550 Francorum
1544 5502 1623 5550 erant
1636 5507 1708 5549 anno
1731 5491 1785 5547 85³
1885 5543 1895 5556 ,

143 5543 247 5625 detuit.
298 5559 341 5599 am
359 5547 780 5620 nibilaliurlestquamliltcrin
796 5552 935 5621 publicum
989 5559 1025 5614 ob
1039 5559 1198 5615 divisionem
1213 5559 1342 5620 Ltnlovioi
1358 5562 1528 5634 illiorum-,ue
1546 5563 1617 5635 ejus,
1638 5577 1688 5619 ceu
1704 5568 1784 5618 antes

141 5627 268 5679 emtssus,
282 5629 315 5669 ac
329 5629 378 5683 per
399 5632 494 5673 rrrnnes
503 5621 604 5690 ubique
622 5621 788 5690 provincias,
811 5628 935 5690 rrtpatet,
990 5627 1116 5684 diximus.

143 5683 280 5755 vulgatus,
295 5683 330 5738 ad
352 5684 618 5757 probandumjustas
633 5688 714 5746 tuisse
730 5704 827 5743 causas
840 5691 937 5759 quibus
