<?xml version="1.0" encoding="UTF-8"?>
<!DOCTYPE html PUBLIC "-//W3C//DTD XHTML 1.0 Transitional//EN"
    "http://www.w3.org/TR/xhtml1/DTD/xhtml1-transitional.dtd">
<html xmlns="http://www.w3.org/1999/xhtml" xml:lang="en" lang="en">
 <head>
  <title>
</title>
<meta http-equiv="Content-Type" content="text/html;charset=utf-8" />
  <meta name='ocr-system' content='tesseract 3.04.00' />
  <meta name='ocr-capabilities' content='ocr_page ocr_carea ocr_par ocr_line ocrx_word'/>
</head>
<body>
  <div class='ocr_page' id='page_1' title='image "./patrologiaecurs103migngoog_0249.png"; bbox 0 0 3832 6120; ppageno 0'>
   <div class='ocr_carea' id='block_1_1' title="bbox 133 204 1774 266">
    <p class='ocr_par' dir='ltr' id='par_1_1' title="bbox 133 204 1774 266">
     <span class='ocr_line' id='line_1_1' title="bbox 133 204 1774 266; baseline -0.002 0"><span class='ocrx_word' id='word_1_1' title='bbox 133 208 189 266; x_wconf 79' lang='lat' dir='ltr'><strong>tta</strong></span> <span class='ocrx_word' id='word_1_2' title='bbox 772 205 960 265; x_wconf 78' lang='lat' dir='ltr'><strong>EGlNlithl</strong></span> <span class='ocrx_word' id='word_1_3' title='bbox 978 206 1126 266; x_wconf 79' lang='lat' dir='ltr'><strong>assatis</strong></span> <span class='ocrx_word' id='word_1_4' title='bbox 1716 204 1774 263; x_wconf 66' lang='grc'><strong>889</strong></span> 
     </span>
    </p>
   </div>
   <div class='ocr_carea' id='block_1_2' title="bbox 130 314 1808 3289">
    <p class='ocr_par' dir='ltr' id='par_1_2' title="bbox 130 314 1808 3289">
     <span class='ocr_line' id='line_1_2' title="bbox 132 314 1775 400; baseline -0.004 -17"><span class='ocrx_word' id='word_1_5' title='bbox 132 332 190 389; x_wconf 74' lang='lat' dir='ltr'><strong>Len</strong></span> <span class='ocrx_word' id='word_1_6' title='bbox 207 340 277 400; x_wconf 74' lang='lat' dir='ltr'><strong>pagna</strong></span> <span class='ocrx_word' id='word_1_7' title='bbox 290 338 363 381; x_wconf 89' lang='lat' dir='ltr'><strong>anno</strong></span> <span class='ocrx_word' id='word_1_8' title='bbox 373 324 548 395; x_wconf 81' lang='lat' dir='ltr'><strong>panudeatns</strong></span> <span class='ocrx_word' id='word_1_9' title='bbox 559 323 601 379; x_wconf 89' lang='lat' dir='ltr'><strong>sni</strong></span> <span class='ocrx_word' id='word_1_10' title='bbox 613 321 744 379; x_wconf 81' lang='lat' dir='ltr'><strong>vicesimo</strong></span> <span class='ocrx_word' id='word_1_11' title='bbox 756 323 857 394; x_wconf 89' lang='lat' dir='ltr'><strong>primo,</strong></span> <span class='ocrx_word' id='word_1_12' title='bbox 870 319 926 377; x_wconf 87' lang='lat' dir='ltr'><strong>eir·</strong></span> <span class='ocrx_word' id='word_1_13' title='bbox 938 321 964 382; x_wconf 80' lang='lat' dir='ltr'>A</span> <span class='ocrx_word' id='word_1_14' title='bbox 976 318 1053 388; x_wconf 89' lang='lat' dir='ltr'><strong>signo</strong></span> <span class='ocrx_word' id='word_1_15' title='bbox 1074 317 1224 389; x_wconf 75' lang='lat' dir='ltr'><strong>agitatoris</strong></span> <span class='ocrx_word' id='word_1_16' title='bbox 1238 316 1261 351; x_wconf 87' lang='lat'><strong>¹¹</strong></span> <span class='ocrx_word' id='word_1_17' title='bbox 1275 316 1411 389; x_wconf 86' lang='lat' dir='ltr'><strong>apparuit</strong></span> <span class='ocrx_word' id='word_1_18' title='bbox 1430 314 1537 375; x_wconf 71' lang='lat' dir='ltr'><strong>heroa</strong></span> <span class='ocrx_word' id='word_1_19' title='bbox 1550 314 1681 377; x_wconf 80' lang='lat' dir='ltr'><strong>Steiaaut</strong></span> <span class='ocrx_word' id='word_1_20' title='bbox 1697 334 1775 393; x_wconf 86' lang='lat' dir='ltr'><strong>papa</strong></span> 
     </span>
     <span class='ocr_line' id='line_1_3' title="bbox 135 409 1776 489; baseline -0.009 -8"><span class='ocrx_word' id='word_1_21' title='bbox 135 425 205 482; x_wconf 89' lang='lat' dir='ltr'><strong>citer</strong></span> <span class='ocrx_word' id='word_1_22' title='bbox 216 425 243 479; x_wconf 87' lang='lat'><strong>8.</strong></span> <span class='ocrx_word' id='word_1_23' title='bbox 257 420 316 475; x_wconf 88' lang='lat' dir='ltr'><strong>lial.</strong></span> <span class='ocrx_word' id='word_1_24' title='bbox 338 418 423 472; x_wconf 88' lang='lat' dir='ltr'><strong>lun.¹</strong></span> <span class='ocrx_word' id='word_1_25' title='bbox 446 418 480 472; x_wconf 86' lang='lat' dir='ltr'><strong>de</strong></span> <span class='ocrx_word' id='word_1_26' title='bbox 502 431 618 488; x_wconf 89' lang='lat' dir='ltr'><strong>corpore</strong></span> <span class='ocrx_word' id='word_1_27' title='bbox 646 416 775 489; x_wconf 88' lang='lat' dir='ltr'><strong>migravit</strong></span> <span class='ocrx_word' id='word_1_28' title='bbox 792 417 815 482; x_wconf 93' lang='lat'><strong>¹,</strong></span> <span class='ocrx_word' id='word_1_29' title='bbox 833 413 924 470; x_wconf 84' lang='lat' dir='ltr'><strong>steia—</strong></span> <span class='ocrx_word' id='word_1_30' title='bbox 976 411 1056 464; x_wconf 87' lang='lat' dir='ltr'><strong>tertio</strong></span> <span class='ocrx_word' id='word_1_31' title='bbox 1068 417 1211 481; x_wconf 84' lang='lat' dir='ltr'><strong>postquam</strong></span> <span class='ocrx_word' id='word_1_32' title='bbox 1221 409 1336 466; x_wconf 83' lang='lat' dir='ltr'><strong>Romam</strong></span> <span class='ocrx_word' id='word_1_33' title='bbox 1346 418 1458 467; x_wconf 89' lang='lat' dir='ltr'><strong>venerat</strong></span> <span class='ocrx_word' id='word_1_34' title='bbox 1469 424 1572 475; x_wconf 87' lang='lat' dir='ltr'><strong>mense,</strong></span> <span class='ocrx_word' id='word_1_35' title='bbox 1585 409 1776 471; x_wconf 85' lang='lat' dir='ltr'><strong>sednondurn</strong></span> 
     </span>
     <span class='ocr_line' id='line_1_4' title="bbox 134 500 1776 581; baseline -0.005 -14"><span class='ocrx_word' id='word_1_36' title='bbox 134 525 239 581; x_wconf 82' lang='lat' dir='ltr'><strong>nosque</strong></span> <span class='ocrx_word' id='word_1_37' title='bbox 251 509 381 563; x_wconf 78' lang='lat' dir='ltr'><strong>diaconus</strong></span> <span class='ocrx_word' id='word_1_38' title='bbox 395 506 423 560; x_wconf 92' lang='lat' dir='ltr'><strong>in</strong></span> <span class='ocrx_word' id='word_1_39' title='bbox 436 505 525 561; x_wconf 89' lang='lat' dir='ltr'><strong>locum</strong></span> <span class='ocrx_word' id='word_1_40' title='bbox 538 505 709 561; x_wconf 85' lang='lat' dir='ltr'><strong>einselcctus</strong></span> <span class='ocrx_word' id='word_1_41' title='bbox 723 512 806 576; x_wconf 89' lang='lat' dir='ltr'><strong>atquc</strong></span> <span class='ocrx_word' id='word_1_42' title='bbox 819 504 926 560; x_wconf 88' lang='lat' dir='ltr'><strong>ordina·</strong></span> <span class='ocrx_word' id='word_1_43' title='bbox 974 510 1082 567; x_wconf 82' lang='lat' dir='ltr'><strong>exacto,</strong></span> <span class='ocrx_word' id='word_1_44' title='bbox 1105 501 1216 557; x_wconf 89' lang='lat' dir='ltr'><strong>circiter</strong></span> <span class='ocrx_word' id='word_1_45' title='bbox 1237 501 1255 557; x_wconf 88' lang='lat'><em>8</em></span> <span class='ocrx_word' id='word_1_46' title='bbox 1276 500 1335 557; x_wconf 81' lang='lat' dir='ltr'><strong>Kal.</strong></span> <span class='ocrx_word' id='word_1_47' title='bbox 1360 500 1442 558; x_wconf 80' lang='lat' dir='ltr'><strong>Febr.</strong></span> <span class='ocrx_word' id='word_1_48' title='bbox 1458 500 1531 557; x_wconf 90' lang='lat' dir='ltr'><strong>diem</strong></span> <span class='ocrx_word' id='word_1_49' title='bbox 1548 500 1631 557; x_wconf 88' lang='lat' dir='ltr'><strong>obiit.</strong></span> <span class='ocrx_word' id='word_1_50' title='bbox 1652 500 1705 559; x_wconf 81' lang='lat' dir='ltr'><strong>Cui</strong></span> <span class='ocrx_word' id='word_1_51' title='bbox 1721 502 1776 559; x_wconf 82' lang='lat' dir='ltr'><strong>Pa·</strong></span> 
     </span>
     <span class='ocr_line' id='line_1_5' title="bbox 134 590 1775 666; baseline -0.005 -9"><span class='ocrx_word' id='word_1_52' title='bbox 134 610 178 657; x_wconf 90' lang='lat' dir='ltr'><strong>tus</strong></span> <span class='ocrx_word' id='word_1_53' title='bbox 199 608 250 664; x_wconf 85' lang='lat' dir='ltr'><strong>est,</strong></span> <span class='ocrx_word' id='word_1_54' title='bbox 277 596 450 666; x_wconf 84' lang='lat' dir='ltr'><strong>nondumque</strong></span> <span class='ocrx_word' id='word_1_55' title='bbox 472 597 577 652; x_wconf 90' lang='lat' dir='ltr'><strong>duobus</strong></span> <span class='ocrx_word' id='word_1_56' title='bbox 603 605 665 666; x_wconf 88' lang='lat' dir='ltr'><strong>post</strong></span> <span class='ocrx_word' id='word_1_57' title='bbox 691 594 924 651; x_wconf 89' lang='lat' dir='ltr'><strong>consecrationem</strong></span> <span class='ocrx_word' id='word_1_58' title='bbox 977 591 1079 646; x_wconf 89' lang='lat' dir='ltr'><strong>sehalis</strong></span> <span class='ocrx_word' id='word_1_59' title='bbox 1092 606 1233 647; x_wconf 79' lang='lat' dir='ltr'>successor</span> <span class='ocrx_word' id='word_1_60' title='bbox 1248 590 1367 657; x_wconf 90' lang='lat' dir='ltr'><strong>electus,</strong></span> <span class='ocrx_word' id='word_1_61' title='bbox 1381 598 1442 663; x_wconf 89' lang='lat' dir='ltr'><strong>post</strong></span> <span class='ocrx_word' id='word_1_62' title='bbox 1460 590 1626 663; x_wconf 70' lang='lat' dir='ltr'><strong>completam</strong></span> <span class='ocrx_word' id='word_1_63' title='bbox 1642 590 1775 649; x_wconf 85' lang='lat' dir='ltr'><strong>solemni-</strong></span> 
     </span>
     <span class='ocr_line' id='line_1_6' title="bbox 133 679 1770 754; baseline -0.002 -9"><span class='ocrx_word' id='word_1_64' title='bbox 133 703 210 745; x_wconf 84' lang='lat' dir='ltr'><strong>suant</strong></span> <span class='ocrx_word' id='word_1_65' title='bbox 224 685 330 742; x_wconf 79' lang='lat' dir='ltr'>exactis</span> <span class='ocrx_word' id='word_1_66' title='bbox 343 684 491 751; x_wconf 89' lang='lat' dir='ltr'><strong>mensibus,</strong></span> <span class='ocrx_word' id='word_1_67' title='bbox 502 699 584 754; x_wconf 85' lang='lat' dir='ltr'><strong>quam</strong></span> <span class='ocrx_word' id='word_1_68' title='bbox 594 683 721 739; x_wconf 82' lang='lat' dir='ltr'><strong>maximis</strong></span> <span class='ocrx_word' id='word_1_69' title='bbox 729 689 837 754; x_wconf 89' lang='lat' dir='ltr'><strong>poterat</strong></span> <span class='ocrx_word' id='word_1_70' title='bbox 850 679 861 713; x_wconf 85' lang='lat'>⁸</span> <span class='ocrx_word' id='word_1_71' title='bbox 880 679 925 735; x_wconf 89' lang='lat' dir='ltr'><strong>iti·</strong></span> <span class='ocrx_word' id='word_1_72' title='bbox 973 689 1015 736; x_wconf 91' lang='lat' dir='ltr'><strong>ter</strong></span> <span class='ocrx_word' id='word_1_73' title='bbox 1027 680 1221 737; x_wconf 80' lang='lat' dir='ltr'><strong>ordinationem</strong></span> <span class='ocrx_word' id='word_1_74' title='bbox 1243 690 1361 737; x_wconf 89' lang='lat' dir='ltr'><strong>suamet</strong></span> <span class='ocrx_word' id='word_1_75' title='bbox 1376 696 1490 737; x_wconf 87' lang='lat' dir='ltr'><strong>munera</strong></span> <span class='ocrx_word' id='word_1_76' title='bbox 1510 688 1539 737; x_wconf 91' lang='lat' dir='ltr'><strong>et</strong></span> <span class='ocrx_word' id='word_1_77' title='bbox 1558 684 1770 741; x_wconf 75' lang='lat' dir='ltr'><strong>excusatoriam</strong></span> 
     </span>
     <span class='ocr_line' id='line_1_7' title="bbox 132 769 1773 847; baseline -0.004 -12"><span class='ocrx_word' id='word_1_78' title='bbox 132 780 243 835; x_wconf 92' lang='lat' dir='ltr'><strong>neribus</strong></span> <span class='ocrx_word' id='word_1_79' title='bbox 258 777 494 847; x_wconf 89' lang='lat' dir='ltr'><strong>adimperatorem</strong></span> <span class='ocrx_word' id='word_1_80' title='bbox 509 774 600 829; x_wconf 84' lang='lat' dir='ltr'><strong>verrire</strong></span> <span class='ocrx_word' id='word_1_81' title='bbox 617 769 925 839; x_wconf 84' lang='lat' dir='ltr'><strong>coutendit,missisque</strong></span> <span class='ocrx_word' id='word_1_82' title='bbox 975 770 1131 841; x_wconf 90' lang='lat' dir='ltr'><strong>imperatori</strong></span> <span class='ocrx_word' id='word_1_83' title='bbox 1153 770 1228 826; x_wconf 87' lang='lat' dir='ltr'><strong>misit</strong></span> <span class='ocrx_word' id='word_1_84' title='bbox 1244 769 1403 842; x_wconf 84' lang='lat' dir='ltr'><strong>epistolam,</strong></span> <span class='ocrx_word' id='word_1_85' title='bbox 1420 771 1448 826; x_wconf 93' lang='lat' dir='ltr'><strong>in</strong></span> <span class='ocrx_word' id='word_1_86' title='bbox 1462 785 1516 842; x_wconf 85' lang='lat' dir='ltr'><strong>qua</strong></span> <span class='ocrx_word' id='word_1_87' title='bbox 1536 770 1590 827; x_wconf 88' lang='lat' dir='ltr'><strong>sibi</strong></span> <span class='ocrx_word' id='word_1_88' title='bbox 1611 786 1668 829; x_wconf 92' lang='lat' dir='ltr'><strong>non</strong></span> <span class='ocrx_word' id='word_1_89' title='bbox 1682 772 1773 829; x_wconf 82' lang='lat' dir='ltr'><strong>solon</strong></span> 
     </span>
     <span class='ocr_line' id='line_1_8' title="bbox 134 859 1774 936; baseline -0.002 -12"><span class='ocrx_word' id='word_1_90' title='bbox 134 869 244 926; x_wconf 89' lang='lat' dir='ltr'><strong>interim</strong></span> <span class='ocrx_word' id='word_1_91' title='bbox 259 867 365 922; x_wconf 88' lang='lat' dir='ltr'><strong>duobus</strong></span> <span class='ocrx_word' id='word_1_92' title='bbox 377 864 483 936; x_wconf 88' lang='lat' dir='ltr'><strong>legatis,</strong></span> <span class='ocrx_word' id='word_1_93' title='bbox 499 865 546 936; x_wconf 82' lang='lat' dir='ltr'><strong>qui</strong></span> <span class='ocrx_word' id='word_1_94' title='bbox 560 864 637 934; x_wconf 83' lang='lat' dir='ltr'><strong>guasi</strong></span> <span class='ocrx_word' id='word_1_95' title='bbox 651 878 702 933; x_wconf 90' lang='lat' dir='ltr'><strong>pro</strong></span> <span class='ocrx_word' id='word_1_96' title='bbox 715 878 762 919; x_wconf 93' lang='lat' dir='ltr'><strong>sua</strong></span> <span class='ocrx_word' id='word_1_97' title='bbox 782 875 926 917; x_wconf 88' lang='lat' dir='ltr'><strong>consecra·</strong></span> <span class='ocrx_word' id='word_1_98' title='bbox 973 860 1086 927; x_wconf 91' lang='lat' dir='ltr'><strong>nolenti,</strong></span> <span class='ocrx_word' id='word_1_99' title='bbox 1110 861 1157 917; x_wconf 87' lang='lat' dir='ltr'><strong>sed</strong></span> <span class='ocrx_word' id='word_1_100' title='bbox 1181 861 1265 916; x_wconf 90' lang='lat' dir='ltr'><strong>etiam</strong></span> <span class='ocrx_word' id='word_1_101' title='bbox 1282 859 1429 931; x_wconf 90' lang='lat' dir='ltr'><strong>plurimum</strong></span> <span class='ocrx_word' id='word_1_102' title='bbox 1443 860 1570 916; x_wconf 85' lang='lat' dir='ltr'><strong>renitenti</strong></span> <span class='ocrx_word' id='word_1_103' title='bbox 1590 860 1774 933; x_wconf 72' lang='lat' dir='ltr'><strong>pontificatus</strong></span> 
     </span>
     <span class='ocr_line' id='line_1_9' title="bbox 134 949 1775 1030; baseline -0.006 -13"><span class='ocrx_word' id='word_1_104' title='bbox 134 963 208 1017; x_wconf 89' lang='lat' dir='ltr'><strong>tione</strong></span> <span class='ocrx_word' id='word_1_105' title='bbox 231 958 387 1030; x_wconf 90' lang='lat' dir='ltr'><strong>imperatori</strong></span> <span class='ocrx_word' id='word_1_106' title='bbox 409 964 595 1028; x_wconf 71' lang='lat' dir='ltr'><strong>suggererent.</strong></span> <span class='ocrx_word' id='word_1_107' title='bbox 611 955 689 1023; x_wconf 81' lang='lat' dir='ltr'><strong>Quod</strong></span> <span class='ocrx_word' id='word_1_108' title='bbox 709 955 755 1011; x_wconf 91' lang='lat' dir='ltr'><strong>ubi</strong></span> <span class='ocrx_word' id='word_1_109' title='bbox 775 955 926 1026; x_wconf 88' lang='lat' dir='ltr'><strong>imperator</strong></span> <span class='ocrx_word' id='word_1_110' title='bbox 974 949 1103 1006; x_wconf 79' lang='lat' dir='ltr'><strong>honorem</strong></span> <span class='ocrx_word' id='word_1_111' title='bbox 1117 950 1191 1006; x_wconf 91' lang='lat' dir='ltr'><strong>velut</strong></span> <span class='ocrx_word' id='word_1_112' title='bbox 1202 951 1340 1021; x_wconf 90' lang='lat' dir='ltr'><strong>inpactum</strong></span> <span class='ocrx_word' id='word_1_113' title='bbox 1361 950 1386 983; x_wconf 87' lang='lat'>¹⁸</span> <span class='ocrx_word' id='word_1_114' title='bbox 1405 950 1557 1007; x_wconf 78' lang='lat' dir='ltr'><strong>adseverat.</strong></span> <span class='ocrx_word' id='word_1_115' title='bbox 1581 950 1775 1013; x_wconf 75' lang='lat' dir='ltr'><strong>blissatanaen</strong></span> 
     </span>
     <span class='ocr_line' id='line_1_10' title="bbox 135 1042 1774 1118; baseline -0.004 -11"><span class='ocrx_word' id='word_1_116' title='bbox 135 1052 246 1118; x_wconf 91' lang='lat' dir='ltr'><strong>audivit,</strong></span> <span class='ocrx_word' id='word_1_117' title='bbox 271 1050 363 1108; x_wconf 81' lang='lat' dir='ltr'><strong>Remis</strong></span> <span class='ocrx_word' id='word_1_118' title='bbox 385 1050 412 1104; x_wconf 90' lang='lat' dir='ltr'><strong>ei</strong></span> <span class='ocrx_word' id='word_1_119' title='bbox 433 1047 529 1103; x_wconf 86' lang='lat' dir='ltr'><strong>statuit</strong></span> <span class='ocrx_word' id='word_1_120' title='bbox 543 1062 697 1114; x_wconf 87' lang='lat' dir='ltr'><strong>occurrere,</strong></span> <span class='ocrx_word' id='word_1_121' title='bbox 714 1047 860 1117; x_wconf 77' lang='lat' dir='ltr'><strong>missisque</strong></span> <span class='ocrx_word' id='word_1_122' title='bbox 877 1045 926 1100; x_wconf 91' lang='lat' dir='ltr'><strong>ob·</strong></span> <span class='ocrx_word' id='word_1_123' title='bbox 974 1043 1027 1097; x_wconf 89' lang='lat' dir='ltr'><strong>alia</strong></span> <span class='ocrx_word' id='word_1_124' title='bbox 1040 1042 1182 1114; x_wconf 74' lang='lat' dir='ltr'><strong>legatione,</strong></span> <span class='ocrx_word' id='word_1_125' title='bbox 1193 1050 1301 1113; x_wconf 88' lang='lat' dir='ltr'><strong>pactam</strong></span> <span class='ocrx_word' id='word_1_126' title='bbox 1315 1043 1387 1114; x_wconf 87' lang='lat' dir='ltr'><strong>quod</strong></span> <span class='ocrx_word' id='word_1_127' title='bbox 1400 1057 1462 1099; x_wconf 91' lang='lat' dir='ltr'><strong>cum</strong></span> <span class='ocrx_word' id='word_1_128' title='bbox 1478 1044 1774 1114; x_wconf 79' lang='lat' dir='ltr'><strong>praecessoribusaoia</strong></span> 
     </span>
     <span class='ocr_line' id='line_1_11' title="bbox 133 1130 1773 1209; baseline -0.001 -14"><span class='ocrx_word' id='word_1_129' title='bbox 133 1143 205 1199; x_wconf 91' lang='lat' dir='ltr'><strong>viam</strong></span> <span class='ocrx_word' id='word_1_130' title='bbox 231 1140 275 1195; x_wconf 89' lang='lat' dir='ltr'><strong>his</strong></span> <span class='ocrx_word' id='word_1_131' title='bbox 292 1139 339 1209; x_wconf 87' lang='lat' dir='ltr'><strong>qui</strong></span> <span class='ocrx_word' id='word_1_132' title='bbox 360 1154 422 1194; x_wconf 90' lang='lat' dir='ltr'><strong>eum</strong></span> <span class='ocrx_word' id='word_1_133' title='bbox 437 1138 483 1194; x_wconf 93' lang='lat' dir='ltr'><strong>illo</strong></span> <span class='ocrx_word' id='word_1_134' title='bbox 501 1138 683 1203; x_wconf 81' lang='lat' dir='ltr'><strong>deducerent,</strong></span> <span class='ocrx_word' id='word_1_135' title='bbox 703 1139 849 1194; x_wconf 90' lang='lat' dir='ltr'><strong>adventum</strong></span> <span class='ocrx_word' id='word_1_136' title='bbox 866 1136 925 1191; x_wconf 88' lang='lat' dir='ltr'><strong>cius</strong></span> <span class='ocrx_word' id='word_1_137' title='bbox 974 1130 1256 1200; x_wconf 69' lang='lat' dir='ltr'><strong>testamentariam</strong></span> <span class='ocrx_word' id='word_1_138' title='bbox 1269 1147 1362 1188; x_wconf 88' lang='lat' dir='ltr'><strong>secum</strong></span> <span class='ocrx_word' id='word_1_139' title='bbox 1375 1131 1434 1188; x_wconf 85' lang='lat' dir='ltr'><strong>deri</strong></span> <span class='ocrx_word' id='word_1_140' title='bbox 1449 1139 1477 1187; x_wconf 91' lang='lat' dir='ltr'><strong>et</strong></span> <span class='ocrx_word' id='word_1_141' title='bbox 1490 1132 1598 1189; x_wconf 87' lang='lat' dir='ltr'><strong>iirmari</strong></span> <span class='ocrx_word' id='word_1_142' title='bbox 1617 1133 1640 1165; x_wconf 85' lang='lat'>¹⁸</span> <span class='ocrx_word' id='word_1_143' title='bbox 1655 1138 1773 1207; x_wconf 81' lang='lat' dir='ltr'><strong>mgavit.</strong></span> 
     </span>
     <span class='ocr_line' id='line_1_12' title="bbox 132 1223 1773 1302; baseline -0.002 -16"><span class='ocrx_word' id='word_1_144' title='bbox 132 1231 321 1302; x_wconf 85' lang='lat' dir='ltr'><strong>praeveniens,</strong></span> <span class='ocrx_word' id='word_1_145' title='bbox 342 1244 404 1284; x_wconf 90' lang='lat' dir='ltr'><strong>cum</strong></span> <span class='ocrx_word' id='word_1_146' title='bbox 416 1242 515 1298; x_wconf 84' lang='lat' dir='ltr'><strong>magno</strong></span> <span class='ocrx_word' id='word_1_147' title='bbox 527 1242 588 1283; x_wconf 92' lang='lat' dir='ltr'><strong>enm</strong></span> <span class='ocrx_word' id='word_1_148' title='bbox 602 1227 704 1283; x_wconf 88' lang='lat' dir='ltr'><strong>ibidem</strong></span> <span class='ocrx_word' id='word_1_149' title='bbox 716 1229 818 1282; x_wconf 89' lang='lat' dir='ltr'><strong>honore</strong></span> <span class='ocrx_word' id='word_1_150' title='bbox 832 1238 925 1281; x_wconf 73' lang='lat' dir='ltr'><strong>susce</strong></span> <span class='ocrx_word' id='word_1_151' title='bbox 975 1223 1049 1279; x_wconf 92' lang='lat' dir='ltr'><strong>llanc</strong></span> <span class='ocrx_word' id='word_1_152' title='bbox 1063 1224 1223 1294; x_wconf 86' lang='lat' dir='ltr'><strong>legationem</strong></span> <span class='ocrx_word' id='word_1_153' title='bbox 1240 1223 1400 1281; x_wconf 82' lang='lat' dir='ltr'><strong>Theodorus</strong></span> <span class='ocrx_word' id='word_1_154' title='bbox 1415 1223 1610 1279; x_wconf 83' lang='lat' dir='ltr'><strong>nomenclator</strong></span> <span class='ocrx_word' id='word_1_155' title='bbox 1622 1230 1651 1281; x_wconf 91' lang='lat' dir='ltr'><strong>et</strong></span> <span class='ocrx_word' id='word_1_156' title='bbox 1663 1224 1773 1295; x_wconf 81' lang='lat' dir='ltr'><strong>detulit,</strong></span> 
     </span>
     <span class='ocr_line' id='line_1_13' title="bbox 131 1312 1771 1396; baseline -0.005 -17"><span class='ocrx_word' id='word_1_157' title='bbox 131 1324 181 1396; x_wconf 83' lang='lat' dir='ltr'><strong>pit.</strong></span> <span class='ocrx_word' id='word_1_158' title='bbox 201 1321 254 1389; x_wconf 81' lang='lat' dir='ltr'><strong>Qui</strong></span> <span class='ocrx_word' id='word_1_159' title='bbox 270 1321 363 1376; x_wconf 87' lang='lat' dir='ltr'><strong>statim</strong></span> <span class='ocrx_word' id='word_1_160' title='bbox 377 1318 535 1389; x_wconf 87' lang='lat' dir='ltr'><strong>imperatori</strong></span> <span class='ocrx_word' id='word_1_161' title='bbox 549 1318 681 1373; x_wconf 82' lang='lat' dir='ltr'><strong>adrentus</strong></span> <span class='ocrx_word' id='word_1_162' title='bbox 699 1318 741 1373; x_wconf 91' lang='lat' dir='ltr'><strong>sui</strong></span> <span class='ocrx_word' id='word_1_163' title='bbox 758 1331 869 1372; x_wconf 69' lang='lat' dir='ltr'><strong>caumm</strong></span> <span class='ocrx_word' id='word_1_164' title='bbox 882 1314 925 1369; x_wconf 91' lang='lat' dir='ltr'><strong>in-</strong></span> <span class='ocrx_word' id='word_1_165' title='bbox 975 1325 1003 1370; x_wconf 90' lang='lat' dir='ltr'><strong>et</strong></span> <span class='ocrx_word' id='word_1_166' title='bbox 1028 1330 1060 1371; x_wconf 86' lang='lat' dir='ltr'><strong>ea</strong></span> <span class='ocrx_word' id='word_1_167' title='bbox 1081 1330 1151 1387; x_wconf 84' lang='lat' dir='ltr'><strong>gnae</strong></span> <span class='ocrx_word' id='word_1_168' title='bbox 1171 1316 1287 1386; x_wconf 86' lang='lat' dir='ltr'><strong>petierat</strong></span> <span class='ocrx_word' id='word_1_169' title='bbox 1312 1314 1476 1386; x_wconf 87' lang='lat' dir='ltr'><strong>impetravit.</strong></span> <span class='ocrx_word' id='word_1_170' title='bbox 1502 1312 1585 1370; x_wconf 80' lang='lat' dir='ltr'><strong>Feria</strong></span> <span class='ocrx_word' id='word_1_171' title='bbox 1601 1315 1701 1385; x_wconf 89' lang='lat' dir='ltr'><strong>quinta</strong></span> <span class='ocrx_word' id='word_1_172' title='bbox 1716 1330 1771 1387; x_wconf 79' lang='lat' dir='ltr'><strong>gna</strong></span> 
     </span>
     <span class='ocr_line' id='line_1_14' title="bbox 133 1402 1773 1477; baseline -0.003 -10"><span class='ocrx_word' id='word_1_173' title='bbox 133 1413 256 1477; x_wconf 86' lang='lat' dir='ltr'><strong>sinuans,</strong></span> <span class='ocrx_word' id='word_1_174' title='bbox 282 1408 426 1466; x_wconf 89' lang='lat' dir='ltr'><strong>celebratis</strong></span> <span class='ocrx_word' id='word_1_175' title='bbox 438 1423 473 1463; x_wconf 84' lang='lat' dir='ltr'><strong>er</strong></span> <span class='ocrx_word' id='word_1_176' title='bbox 495 1422 571 1463; x_wconf 89' lang='lat' dir='ltr'><strong>more</strong></span> <span class='ocrx_word' id='word_1_177' title='bbox 593 1408 738 1462; x_wconf 88' lang='lat' dir='ltr'><strong>missarum</strong></span> <span class='ocrx_word' id='word_1_178' title='bbox 764 1403 923 1471; x_wconf 80' lang='lat' dir='ltr'><strong>sollemniis,</strong></span> <span class='ocrx_word' id='word_1_179' title='bbox 975 1420 1058 1461; x_wconf 83' lang='lat' dir='ltr'><strong>coena</strong></span> <span class='ocrx_word' id='word_1_180' title='bbox 1075 1404 1182 1460; x_wconf 83' lang='lat' dir='ltr'><strong>Domini</strong></span> <span class='ocrx_word' id='word_1_181' title='bbox 1203 1402 1365 1470; x_wconf 88' lang='lat' dir='ltr'><strong>celebratur,</strong></span> <span class='ocrx_word' id='word_1_182' title='bbox 1385 1419 1447 1458; x_wconf 88' lang='lat' dir='ltr'><strong>cnm</strong></span> <span class='ocrx_word' id='word_1_183' title='bbox 1463 1402 1614 1474; x_wconf 87' lang='lat' dir='ltr'><strong>imperator</strong></span> <span class='ocrx_word' id='word_1_184' title='bbox 1632 1404 1671 1460; x_wconf 88' lang='lat' dir='ltr'><strong>ab</strong></span> <span class='ocrx_word' id='word_1_185' title='bbox 1684 1404 1773 1462; x_wconf 79' lang='lat' dir='ltr'><strong>eccle·</strong></span> 
     </span>
     <span class='ocr_line' id='line_1_15' title="bbox 131 1493 1773 1569; baseline -0.003 -13"><span class='ocrx_word' id='word_1_186' title='bbox 131 1516 195 1556; x_wconf 90' lang='lat' dir='ltr'><strong>eum</strong></span> <span class='ocrx_word' id='word_1_187' title='bbox 216 1498 376 1555; x_wconf 84' lang='lat' dir='ltr'><strong>diadematis</strong></span> <span class='ocrx_word' id='word_1_188' title='bbox 400 1496 574 1566; x_wconf 79' lang='lat' dir='ltr'><strong>impositione</strong></span> <span class='ocrx_word' id='word_1_189' title='bbox 590 1496 743 1552; x_wconf 84' lang='lat' dir='ltr'><strong>coronavit.</strong></span> <span class='ocrx_word' id='word_1_190' title='bbox 764 1495 854 1552; x_wconf 87' lang='lat' dir='ltr'><strong>linitis</strong></span> <span class='ocrx_word' id='word_1_191' title='bbox 878 1496 925 1551; x_wconf 88' lang='lat' dir='ltr'><strong>de·</strong></span> <span class='ocrx_word' id='word_1_192' title='bbox 975 1499 1026 1563; x_wconf 89' lang='lat' dir='ltr'><strong>sia,</strong></span> <span class='ocrx_word' id='word_1_193' title='bbox 1039 1505 1150 1569; x_wconf 87' lang='lat' dir='ltr'><strong>peracto</strong></span> <span class='ocrx_word' id='word_1_194' title='bbox 1168 1511 1247 1552; x_wconf 86' lang='lat' dir='ltr'><strong>sacro</strong></span> <span class='ocrx_word' id='word_1_195' title='bbox 1260 1493 1635 1567; x_wconf 81' lang='lat' dir='ltr'><strong>officio,remearet,iignea</strong></span> <span class='ocrx_word' id='word_1_196' title='bbox 1648 1495 1773 1567; x_wconf 87' lang='lat' dir='ltr'><strong>porticus</strong></span> 
     </span>
     <span class='ocr_line' id='line_1_16' title="bbox 132 1583 1772 1659; baseline 0 -14"><span class='ocrx_word' id='word_1_197' title='bbox 132 1591 195 1645; x_wconf 91' lang='lat' dir='ltr'><strong>inde</strong></span> <span class='ocrx_word' id='word_1_198' title='bbox 208 1590 278 1644; x_wconf 84' lang='lat' dir='ltr'><strong>inter</strong></span> <span class='ocrx_word' id='word_1_199' title='bbox 290 1603 337 1643; x_wconf 92' lang='lat' dir='ltr'><strong>cns</strong></span> <span class='ocrx_word' id='word_1_200' title='bbox 352 1587 510 1643; x_wconf 84' lang='lat' dir='ltr'><strong>rnvrneribus</strong></span> <span class='ocrx_word' id='word_1_201' title='bbox 523 1596 551 1642; x_wconf 88' lang='lat' dir='ltr'><strong>et</strong></span> <span class='ocrx_word' id='word_1_202' title='bbox 563 1588 633 1642; x_wconf 77' lang='lat' dir='ltr'><strong>elatis</strong></span> <span class='ocrx_word' id='word_1_203' title='bbox 649 1596 677 1643; x_wconf 89' lang='lat' dir='ltr'><strong>et</strong></span> <span class='ocrx_word' id='word_1_204' title='bbox 690 1588 819 1657; x_wconf 88' lang='lat' dir='ltr'><strong>acceptis,</strong></span> <span class='ocrx_word' id='word_1_205' title='bbox 831 1587 924 1643; x_wconf 90' lang='lat' dir='ltr'><strong>convi-</strong></span> <span class='ocrx_word' id='word_1_206' title='bbox 975 1604 1024 1659; x_wconf 90' lang='lat' dir='ltr'><strong>per</strong></span> <span class='ocrx_word' id='word_1_207' title='bbox 1047 1602 1129 1658; x_wconf 86' lang='lat' dir='ltr'><strong>quam</strong></span> <span class='ocrx_word' id='word_1_208' title='bbox 1153 1586 1305 1650; x_wconf 84' lang='lat' dir='ltr'><strong>incedebat,</strong></span> <span class='ocrx_word' id='word_1_209' title='bbox 1329 1600 1390 1641; x_wconf 89' lang='lat' dir='ltr'><strong>curn</strong></span> <span class='ocrx_word' id='word_1_210' title='bbox 1408 1592 1436 1640; x_wconf 91' lang='lat' dir='ltr'><strong>et</strong></span> <span class='ocrx_word' id='word_1_211' title='bbox 1457 1583 1547 1656; x_wconf 76' lang='lat' dir='ltr'><strong>fragili</strong></span> <span class='ocrx_word' id='word_1_212' title='bbox 1568 1586 1687 1641; x_wconf 83' lang='lat' dir='ltr'><strong>materia</strong></span> <span class='ocrx_word' id='word_1_213' title='bbox 1698 1596 1772 1645; x_wconf 67' lang='lat' dir='ltr'><strong>emt</strong></span> 
     </span>
     <span class='ocr_line' id='line_1_17' title="bbox 133 1672 1769 1748; baseline 0.002 -17"><span class='ocrx_word' id='word_1_214' title='bbox 133 1680 238 1748; x_wconf 73' lang='lat' dir='ltr'><strong>viisque</strong></span> <span class='ocrx_word' id='word_1_215' title='bbox 257 1679 386 1748; x_wconf 89' lang='lat' dir='ltr'><strong>oppipare</strong></span> <span class='ocrx_word' id='word_1_216' title='bbox 404 1677 415 1708; x_wconf 78' lang='lat'>¹</span> <span class='ocrx_word' id='word_1_217' title='bbox 441 1677 596 1743; x_wconf 89' lang='lat' dir='ltr'><strong>celebratis,</strong></span> <span class='ocrx_word' id='word_1_218' title='bbox 617 1685 645 1732; x_wconf 90' lang='lat' dir='ltr'><strong>et</strong></span> <span class='ocrx_word' id='word_1_219' title='bbox 665 1678 784 1733; x_wconf 90' lang='lat' dir='ltr'><strong>amicitia</strong></span> <span class='ocrx_word' id='word_1_220' title='bbox 804 1677 925 1732; x_wconf 88' lang='lat' dir='ltr'><strong>vicissim</strong></span> <span class='ocrx_word' id='word_1_221' title='bbox 939 1672 963 1732; x_wconf 88' lang='lat' dir='ltr'><strong>B</strong></span> <span class='ocrx_word' id='word_1_222' title='bbox 977 1678 1131 1743; x_wconf 88' lang='lat' dir='ltr'><strong>aediticata,</strong></span> <span class='ocrx_word' id='word_1_223' title='bbox 1152 1685 1181 1731; x_wconf 90' lang='lat' dir='ltr'><strong>et</strong></span> <span class='ocrx_word' id='word_1_224' title='bbox 1204 1685 1267 1732; x_wconf 91' lang='lat' dir='ltr'><strong>tunc</strong></span> <span class='ocrx_word' id='word_1_225' title='bbox 1291 1676 1311 1708; x_wconf 98' lang='lat'><strong>¹¹</strong></span> <span class='ocrx_word' id='word_1_226' title='bbox 1338 1676 1392 1730; x_wconf 89' lang='lat' dir='ltr'><strong>iam</strong></span> <span class='ocrx_word' id='word_1_227' title='bbox 1416 1676 1538 1731; x_wconf 85' lang='lat' dir='ltr'><strong>marcida</strong></span> <span class='ocrx_word' id='word_1_228' title='bbox 1553 1684 1584 1731; x_wconf 92' lang='lat' dir='ltr'><strong>et</strong></span> <span class='ocrx_word' id='word_1_229' title='bbox 1604 1676 1769 1746; x_wconf 78' lang='lat' dir='ltr'><strong>putrehcta,</strong></span> 
     </span>
     <span class='ocr_line' id='line_1_18' title="bbox 133 1763 1768 1839; baseline -0.001 -16"><span class='ocrx_word' id='word_1_230' title='bbox 133 1768 290 1824; x_wconf 78' lang='lat' dir='ltr'><strong>firmissimo</strong></span> <span class='ocrx_word' id='word_1_231' title='bbox 307 1768 318 1799; x_wconf 85' lang='lat'>⁸</span> <span class='ocrx_word' id='word_1_232' title='bbox 333 1766 432 1822; x_wconf 84' lang='lat' dir='ltr'><strong>robore</strong></span> <span class='ocrx_word' id='word_1_233' title='bbox 444 1768 606 1834; x_wconf 89' lang='lat' dir='ltr'><strong>constituta,</strong></span> <span class='ocrx_word' id='word_1_234' title='bbox 620 1767 735 1839; x_wconf 87' lang='lat' dir='ltr'><strong>aliisque</strong></span> <span class='ocrx_word' id='word_1_235' title='bbox 763 1767 925 1823; x_wconf 84' lang='lat' dir='ltr'><strong>utilitatibus</strong></span> <span class='ocrx_word' id='word_1_236' title='bbox 976 1783 1047 1839; x_wconf 84' lang='lat' dir='ltr'><strong>quae</strong></span> <span class='ocrx_word' id='word_1_237' title='bbox 1079 1766 1306 1837; x_wconf 89' lang='lat' dir='ltr'><strong>contignationem</strong></span> <span class='ocrx_word' id='word_1_238' title='bbox 1337 1772 1366 1819; x_wconf 89' lang='lat' dir='ltr'><strong>et</strong></span> <span class='ocrx_word' id='word_1_239' title='bbox 1401 1763 1550 1820; x_wconf 82' lang='lat' dir='ltr'><strong>tabulatam</strong></span> <span class='ocrx_word' id='word_1_240' title='bbox 1579 1764 1768 1833; x_wconf 84' lang='lat' dir='ltr'><strong>sustinebant,</strong></span> 
     </span>
     <span class='ocr_line' id='line_1_19' title="bbox 133 1852 1767 1929; baseline -0.001 -16"><span class='ocrx_word' id='word_1_241' title='bbox 133 1866 245 1913; x_wconf 78' lang='lat' dir='ltr'><strong>mrvctae</strong></span> <span class='ocrx_word' id='word_1_242' title='bbox 272 1857 319 1911; x_wconf 85' lang='lat' dir='ltr'><strong>bei</strong></span> <span class='ocrx_word' id='word_1_243' title='bbox 340 1857 471 1912; x_wconf 89' lang='lat' dir='ltr'><strong>ecclesiae</strong></span> <span class='ocrx_word' id='word_1_244' title='bbox 494 1873 544 1929; x_wconf 93' lang='lat' dir='ltr'><strong>pro</strong></span> <span class='ocrx_word' id='word_1_245' title='bbox 570 1859 700 1929; x_wconf 88' lang='lat' dir='ltr'><strong>temporis</strong></span> <span class='ocrx_word' id='word_1_246' title='bbox 723 1859 925 1929; x_wconf 81' lang='lat' dir='ltr'><strong>opportunitate</strong></span> <span class='ocrx_word' id='word_1_247' title='bbox 976 1866 1094 1914; x_wconf 90' lang='lat' dir='ltr'><strong>transtra</strong></span> <span class='ocrx_word' id='word_1_248' title='bbox 1108 1856 1213 1926; x_wconf 77' lang='lat' dir='ltr'><strong>pondes</strong></span> <span class='ocrx_word' id='word_1_249' title='bbox 1228 1854 1337 1927; x_wconf 88' lang='lat' dir='ltr'><strong>aliquod</strong></span> <span class='ocrx_word' id='word_1_250' title='bbox 1349 1852 1422 1910; x_wconf 81' lang='lat' dir='ltr'><strong>serre</strong></span> <span class='ocrx_word' id='word_1_251' title='bbox 1435 1861 1624 1924; x_wconf 89' lang='lat' dir='ltr'><strong>nonpossent,</strong></span> <span class='ocrx_word' id='word_1_252' title='bbox 1641 1852 1767 1913; x_wconf 63' lang='lat' dir='ltr'><strong>meeum</strong></span> 
     </span>
     <span class='ocr_line' id='line_1_20' title="bbox 131 1944 1766 2021; baseline -0.001 -19"><span class='ocrx_word' id='word_1_253' title='bbox 131 1946 279 2015; x_wconf 87' lang='lat' dir='ltr'><strong>dispositis,</strong></span> <span class='ocrx_word' id='word_1_254' title='bbox 292 1944 414 2016; x_wconf 85' lang='lat' dir='ltr'><strong>pontiier</strong></span> <span class='ocrx_word' id='word_1_255' title='bbox 430 1945 557 2011; x_wconf 85' lang='lat' dir='ltr'><strong>Romam,</strong></span> <span class='ocrx_word' id='word_1_256' title='bbox 572 1947 718 2016; x_wconf 89' lang='lat' dir='ltr'><strong>imperator</strong></span> <span class='ocrx_word' id='word_1_257' title='bbox 727 1944 924 2017; x_wconf 88' lang='lat' dir='ltr'><strong>Compendium</strong></span> <span class='ocrx_word' id='word_1_258' title='bbox 976 1959 1029 2007; x_wconf 76' lang='lat' dir='ltr'><strong>tani</strong></span> <span class='ocrx_word' id='word_1_259' title='bbox 1053 1951 1169 2021; x_wconf 83' lang='lat' dir='ltr'><strong>desuper</strong></span> <span class='ocrx_word' id='word_1_260' title='bbox 1182 1949 1372 2020; x_wconf 90' lang='lat' dir='ltr'><strong>imperatorem</strong></span> <span class='ocrx_word' id='word_1_261' title='bbox 1387 1947 1475 2001; x_wconf 89' lang='lat' dir='ltr'><strong>subita</strong></span> <span class='ocrx_word' id='word_1_262' title='bbox 1496 1946 1576 2000; x_wconf 90' lang='lat' dir='ltr'><strong>mina</strong></span> <span class='ocrx_word' id='word_1_263' title='bbox 1595 1960 1662 2001; x_wconf 90' lang='lat' dir='ltr'><strong>cum</strong></span> <span class='ocrx_word' id='word_1_264' title='bbox 1675 1945 1766 2019; x_wconf 84' lang='lat' dir='ltr'><strong>viginti</strong></span> 
     </span>
     <span class='ocr_line' id='line_1_21' title="bbox 132 2035 1766 2113; baseline -0.005 -12"><span class='ocrx_word' id='word_1_265' title='bbox 132 2037 262 2108; x_wconf 78' lang='lat' dir='ltr'><strong>palatium</strong></span> <span class='ocrx_word' id='word_1_266' title='bbox 286 2036 374 2106; x_wconf 77' lang='lat' dir='ltr'><strong>petiit·</strong></span> <span class='ocrx_word' id='word_1_267' title='bbox 397 2036 436 2091; x_wconf 78' lang='lat' dir='ltr'><strong>tas</strong></span> <span class='ocrx_word' id='word_1_268' title='bbox 456 2035 925 2109; x_wconf 75' lang='lat' dir='ltr'><strong>conmemorans⁶‚1egatosan0-</strong></span> <span class='ocrx_word' id='word_1_269' title='bbox 973 2053 1003 2098; x_wconf 85' lang='lat' dir='ltr'><strong>n</strong></span> <span class='ocrx_word' id='word_1_270' title='bbox 1015 2056 1048 2097; x_wconf 87' lang='lat' dir='ltr'><strong>eo</strong></span> <span class='ocrx_word' id='word_1_271' title='bbox 1068 2042 1184 2113; x_wconf 76' lang='lat' dir='ltr'><strong>amptius</strong></span> <span class='ocrx_word' id='word_1_272' title='bbox 1204 2038 1358 2096; x_wconf 69' lang='lat' dir='ltr'><strong>horninibus</strong></span> <span class='ocrx_word' id='word_1_273' title='bbox 1375 2037 1421 2108; x_wconf 84' lang='lat' dir='ltr'><strong>qut</strong></span> <span class='ocrx_word' id='word_1_274' title='bbox 1441 2052 1496 2092; x_wconf 84' lang='lat' dir='ltr'><strong>una</strong></span> <span class='ocrx_word' id='word_1_275' title='bbox 1518 2037 1596 2092; x_wconf 81' lang='lat' dir='ltr'><strong>ibant</strong></span> <span class='ocrx_word' id='word_1_276' title='bbox 1619 2036 1657 2093; x_wconf 80' lang='lat' dir='ltr'><strong>aa</strong></span> <span class='ocrx_word' id='word_1_277' title='bbox 1670 2043 1766 2093; x_wconf 78' lang='lat' dir='ltr'><strong>omn</strong></span> 
     </span>
     <span class='ocr_line' id='line_1_22' title="bbox 132 2125 1765 2202; baseline -0.001 -19"><span class='ocrx_word' id='word_1_278' title='bbox 132 2128 303 2183; x_wconf 90' lang='lat' dir='ltr'><strong>dritornmet</strong></span> <span class='ocrx_word' id='word_1_279' title='bbox 321 2126 495 2197; x_wconf 84' lang='lat' dir='ltr'><strong>deilispania</strong></span> <span class='ocrx_word' id='word_1_280' title='bbox 513 2126 616 2197; x_wconf 88' lang='lat' dir='ltr'><strong>legatos</strong></span> <span class='ocrx_word' id='word_1_281' title='bbox 643 2125 828 2182; x_wconf 84' lang='lat' dir='ltr'><strong>dhdirahman</strong></span> <span class='ocrx_word' id='word_1_282' title='bbox 840 2126 862 2192; x_wconf 91' lang='lat'><strong>¹,</strong></span> <span class='ocrx_word' id='word_1_283' title='bbox 876 2126 924 2181; x_wconf 88' lang='lat' dir='ltr'><strong>diii</strong></span> <span class='ocrx_word' id='word_1_284' title='bbox 975 2147 1060 2202; x_wconf 78' lang='lat' dir='ltr'><strong>usque</strong></span> <span class='ocrx_word' id='word_1_285' title='bbox 1072 2130 1196 2201; x_wconf 77' lang='lat' dir='ltr'><strong>deposuit</strong></span> <span class='ocrx_word' id='word_1_286' title='bbox 1212 2130 1243 2183; x_wconf 86' lang='lat'><strong>¹¹.</strong></span> <span class='ocrx_word' id='word_1_287' title='bbox 1259 2128 1310 2196; x_wconf 82' lang='lat' dir='ltr'><strong>Qui</strong></span> <span class='ocrx_word' id='word_1_288' title='bbox 1321 2143 1401 2184; x_wconf 90' lang='lat' dir='ltr'><strong>casus</strong></span> <span class='ocrx_word' id='word_1_289' title='bbox 1411 2143 1472 2183; x_wconf 90' lang='lat' dir='ltr'><strong>cnm</strong></span> <span class='ocrx_word' id='word_1_290' title='bbox 1485 2127 1506 2158; x_wconf 83' lang='lat'><strong>¹¹</strong></span> <span class='ocrx_word' id='word_1_291' title='bbox 1519 2125 1765 2198; x_wconf 79' lang='lat' dir='ltr'><strong>plerosqueexhis</strong></span> 
     </span>
     <span class='ocr_line' id='line_1_23' title="bbox 131 2214 1763 2293; baseline -0.004 -12"><span class='ocrx_word' id='word_1_292' title='bbox 131 2216 233 2272; x_wconf 70' lang='lat' dir='ltr'><strong>Abulat</strong></span> <span class='ocrx_word' id='word_1_293' title='bbox 252 2217 335 2288; x_wconf 69' lang='lat' dir='ltr'><strong>retis,</strong></span> <span class='ocrx_word' id='word_1_294' title='bbox 349 2217 384 2272; x_wconf 59' lang='lat'><strong>³4¹</strong></span> <span class='ocrx_word' id='word_1_295' title='bbox 404 2231 434 2271; x_wconf 90' lang='lat' dir='ltr'><strong>sc</strong></span> <span class='ocrx_word' id='word_1_296' title='bbox 454 2216 553 2271; x_wconf 65' lang='lat' dir='ltr'><strong>missos</strong></span> <span class='ocrx_word' id='word_1_297' title='bbox 574 2216 712 2286; x_wconf 54' lang='grc' dir='ltr'><strong>ὓῢδῦθιὶίκ</strong></span> <span class='ocrx_word' id='word_1_298' title='bbox 728 2214 924 2285; x_wconf 79' lang='lat' dir='ltr'><strong>completisque</strong></span> <span class='ocrx_word' id='word_1_299' title='bbox 974 2223 1020 2293; x_wconf 91' lang='lat' dir='ltr'><strong>qui</strong></span> <span class='ocrx_word' id='word_1_300' title='bbox 1035 2221 1114 2277; x_wconf 90' lang='lat' dir='ltr'><strong>simul</strong></span> <span class='ocrx_word' id='word_1_301' title='bbox 1135 2220 1291 2275; x_wconf 86' lang='lat' dir='ltr'><strong>deciderant</strong></span> <span class='ocrx_word' id='word_1_302' title='bbox 1304 2218 1423 2290; x_wconf 89' lang='lat' dir='ltr'><strong>graviter</strong></span> <span class='ocrx_word' id='word_1_303' title='bbox 1436 2215 1592 2283; x_wconf 87' lang='lat' dir='ltr'><strong>adiecisset,</strong></span> <span class='ocrx_word' id='word_1_304' title='bbox 1614 2216 1657 2272; x_wconf 91' lang='lat' dir='ltr'><strong>illi</strong></span> <span class='ocrx_word' id='word_1_305' title='bbox 1676 2226 1763 2275; x_wconf 80' lang='lat' dir='ltr'><strong>tamen</strong></span> 
     </span>
     <span class='ocr_line' id='line_1_24' title="bbox 132 2304 1761 2380; baseline -0.001 -15"><span class='ocrx_word' id='word_1_306' title='bbox 132 2310 170 2365; x_wconf 91' lang='lat' dir='ltr'><strong>ibi</strong></span> <span class='ocrx_word' id='word_1_307' title='bbox 182 2309 276 2380; x_wconf 91' lang='lat' dir='ltr'><strong>viginti</strong></span> <span class='ocrx_word' id='word_1_308' title='bbox 292 2308 334 2363; x_wconf 85' lang='lat' dir='ltr'><strong>vel</strong></span> <span class='ocrx_word' id='word_1_309' title='bbox 345 2322 378 2362; x_wconf 92' lang='lat' dir='ltr'><strong>eo</strong></span> <span class='ocrx_word' id='word_1_310' title='bbox 392 2306 509 2377; x_wconf 88' lang='lat' dir='ltr'><strong>amplius</strong></span> <span class='ocrx_word' id='word_1_311' title='bbox 519 2307 624 2373; x_wconf 90' lang='lat' dir='ltr'><strong>diebus,</strong></span> <span class='ocrx_word' id='word_1_312' title='bbox 638 2307 807 2378; x_wconf 77' lang='lat' dir='ltr'><strong>hqunsgrani</strong></span> <span class='ocrx_word' id='word_1_313' title='bbox 821 2308 855 2363; x_wconf 91' lang='lat' dir='ltr'><strong>ad</strong></span> <span class='ocrx_word' id='word_1_314' title='bbox 868 2307 925 2363; x_wconf 85' lang='lat' dir='ltr'><strong>hie·</strong></span> <span class='ocrx_word' id='word_1_315' title='bbox 974 2309 1042 2364; x_wconf 90' lang='lat' dir='ltr'><strong>nihii</strong></span> <span class='ocrx_word' id='word_1_316' title='bbox 1065 2308 1132 2363; x_wconf 89' lang='lat' dir='ltr'><strong>aliut</strong></span> <span class='ocrx_word' id='word_1_317' title='bbox 1145 2307 1168 2338; x_wconf 87' lang='lat'><strong>¹¹</strong></span> <span class='ocrx_word' id='word_1_318' title='bbox 1191 2307 1318 2362; x_wconf 91' lang='lat' dir='ltr'><strong>laesionis</strong></span> <span class='ocrx_word' id='word_1_319' title='bbox 1342 2306 1433 2361; x_wconf 88' lang='lat' dir='ltr'><strong>intulit</strong></span> <span class='ocrx_word' id='word_1_320' title='bbox 1456 2314 1566 2375; x_wconf 87' lang='lat' dir='ltr'><strong>practer</strong></span> <span class='ocrx_word' id='word_1_321' title='bbox 1586 2306 1664 2376; x_wconf 86' lang='lat' dir='ltr'><strong>quod</strong></span> <span class='ocrx_word' id='word_1_322' title='bbox 1674 2304 1761 2377; x_wconf 83' lang='lat' dir='ltr'><strong>capulo</strong></span> 
     </span>
     <span class='ocr_line' id='line_1_25' title="bbox 132 2397 1758 2474; baseline 0.001 -18"><span class='ocrx_word' id='word_1_323' title='bbox 132 2402 262 2457; x_wconf 85' lang='lat' dir='ltr'><strong>mnndum</strong></span> <span class='ocrx_word' id='word_1_324' title='bbox 272 2399 410 2470; x_wconf 87' lang='lat' dir='ltr'><strong>proiectos</strong></span> <span class='ocrx_word' id='word_1_325' title='bbox 422 2407 473 2454; x_wconf 87' lang='lat' dir='ltr'><strong>est.</strong></span> <span class='ocrx_word' id='word_1_326' title='bbox 974 2402 1055 2474; x_wconf 85' lang='lat' dir='ltr'><strong>gladii</strong></span> <span class='ocrx_word' id='word_1_327' title='bbox 1068 2416 1122 2471; x_wconf 91' lang='lat' dir='ltr'><strong>quo</strong></span> <span class='ocrx_word' id='word_1_328' title='bbox 1135 2400 1273 2456; x_wconf 89' lang='lat' dir='ltr'><strong>accinctus</strong></span> <span class='ocrx_word' id='word_1_329' title='bbox 1285 2407 1354 2465; x_wconf 88' lang='lat' dir='ltr'><strong>erat,</strong></span> <span class='ocrx_word' id='word_1_330' title='bbox 1369 2398 1417 2454; x_wconf 90' lang='lat' dir='ltr'><strong>irni</strong></span> <span class='ocrx_word' id='word_1_331' title='bbox 1435 2398 1555 2470; x_wconf 87' lang='lat' dir='ltr'><strong>pectoris</strong></span> <span class='ocrx_word' id='word_1_332' title='bbox 1568 2412 1637 2468; x_wconf 89' lang='lat' dir='ltr'><strong>pars</strong></span> <span class='ocrx_word' id='word_1_333' title='bbox 1656 2397 1758 2459; x_wconf 82' lang='lat' dir='ltr'><strong>sinistra</strong></span> 
     </span>
     <span class='ocr_line' id='line_1_26' title="bbox 445 2485 1760 2559; baseline 0.001 -16"><span class='ocrx_word' id='word_1_334' title='bbox 445 2485 612 2544; x_wconf 74' lang='lat' dir='ltr'><strong>ccccxiii.</strong></span> <span class='ocrx_word' id='word_1_335' title='bbox 974 2501 1088 2547; x_wconf 88' lang='lat' dir='ltr'><strong>contusa</strong></span> <span class='ocrx_word' id='word_1_336' title='bbox 1102 2499 1145 2546; x_wconf 88' lang='lat' dir='ltr'><strong>cst</strong></span> <span class='ocrx_word' id='word_1_337' title='bbox 1158 2530 1165 2555; x_wconf 92' lang='lat'><strong>,</strong></span> <span class='ocrx_word' id='word_1_338' title='bbox 1179 2499 1206 2544; x_wconf 91' lang='lat' dir='ltr'><strong>et</strong></span> <span class='ocrx_word' id='word_1_339' title='bbox 1217 2488 1292 2544; x_wconf 88' lang='lat' dir='ltr'><strong>auris</strong></span> <span class='ocrx_word' id='word_1_340' title='bbox 1304 2488 1401 2544; x_wconf 84' lang='lat' dir='ltr'><strong>dextra</strong></span> <span class='ocrx_word' id='word_1_341' title='bbox 1416 2488 1443 2543; x_wconf 92' lang='lat' dir='ltr'><strong>in</strong></span> <span class='ocrx_word' id='word_1_342' title='bbox 1455 2495 1531 2559; x_wconf 88' lang='lat' dir='ltr'><strong>parte</strong></span> <span class='ocrx_word' id='word_1_343' title='bbox 1545 2488 1701 2558; x_wconf 87' lang='lat' dir='ltr'><strong>posteriore</strong></span> <span class='ocrx_word' id='word_1_344' title='bbox 1711 2486 1760 2543; x_wconf 87' lang='lat' dir='ltr'><strong>vol·</strong></span> 
     </span>
     <span class='ocr_line' id='line_1_27' title="bbox 166 2575 1759 2652; baseline -0.001 -19"><span class='ocrx_word' id='word_1_345' title='bbox 166 2577 260 2649; x_wconf 81' lang='lat' dir='ltr'><strong>Lngati</strong></span> <span class='ocrx_word' id='word_1_346' title='bbox 278 2576 463 2633; x_wconf 73' lang='lat' dir='ltr'><strong>abdirahman</strong></span> <span class='ocrx_word' id='word_1_347' title='bbox 476 2576 487 2608; x_wconf 82' lang='lat'>⁸</span> <span class='ocrx_word' id='word_1_348' title='bbox 500 2576 548 2630; x_wconf 86' lang='lat' dir='ltr'><strong>dlii</strong></span> <span class='ocrx_word' id='word_1_349' title='bbox 564 2576 678 2641; x_wconf 71' lang='lat' dir='ltr'><strong>abulaz,</strong></span> <span class='ocrx_word' id='word_1_350' title='bbox 696 2576 768 2647; x_wconf 80' lang='lat' dir='ltr'><strong>regis</strong></span> <span class='ocrx_word' id='word_1_351' title='bbox 795 2575 924 2631; x_wconf 87' lang='lat' dir='ltr'><strong>Sarrace-</strong></span> <span class='ocrx_word' id='word_1_352' title='bbox 973 2592 1078 2648; x_wconf 66' lang='lat' dir='ltr'><strong>iterata,</strong></span> <span class='ocrx_word' id='word_1_353' title='bbox 1095 2581 1182 2637; x_wconf 72' lang='lat' dir='ltr'><strong>sennar</strong></span> <span class='ocrx_word' id='word_1_354' title='bbox 1195 2595 1302 2652; x_wconf 86' lang='lat' dir='ltr'><strong>qunque</strong></span> <span class='ocrx_word' id='word_1_355' title='bbox 1322 2580 1448 2635; x_wconf 83' lang='lat' dir='ltr'><strong>dextrum</strong></span> <span class='ocrx_word' id='word_1_356' title='bbox 1460 2578 1603 2634; x_wconf 87' lang='lat' dir='ltr'><strong>cniusdam</strong></span> <span class='ocrx_word' id='word_1_357' title='bbox 1622 2576 1759 2650; x_wconf 89' lang='lat' dir='ltr'><strong>lignipnn·</strong></span> 
     </span>
     <span class='ocr_line' id='line_1_28' title="bbox 133 2668 1759 2743; baseline -0.001 -17"><span class='ocrx_word' id='word_1_358' title='bbox 133 2687 241 2737; x_wconf 84' lang='lat' dir='ltr'><strong>norum,</strong></span> <span class='ocrx_word' id='word_1_359' title='bbox 253 2672 286 2726; x_wconf 89' lang='lat' dir='ltr'><strong>de</strong></span> <span class='ocrx_word' id='word_1_360' title='bbox 303 2670 517 2740; x_wconf 76' lang='lat' dir='ltr'><strong>Caesaraugusta</strong></span> <span class='ocrx_word' id='word_1_361' title='bbox 532 2672 618 2737; x_wconf 88' lang='lat' dir='ltr'><strong>missi,</strong></span> <span class='ocrx_word' id='word_1_362' title='bbox 633 2672 710 2741; x_wconf 85' lang='lat' dir='ltr'><strong>pacis</strong></span> <span class='ocrx_word' id='word_1_363' title='bbox 723 2671 855 2743; x_wconf 89' lang='lat' dir='ltr'><strong>petendae</strong></span> <span class='ocrx_word' id='word_1_364' title='bbox 865 2685 925 2742; x_wconf 87' lang='lat' dir='ltr'><strong>gra·</strong></span> <span class='ocrx_word' id='word_1_365' title='bbox 974 2674 1039 2729; x_wconf 86' lang='lat' dir='ltr'><strong>dere</strong></span> <span class='ocrx_word' id='word_1_366' title='bbox 1053 2672 1128 2726; x_wconf 81' lang='lat' dir='ltr'><strong>iuxta</strong></span> <span class='ocrx_word' id='word_1_367' title='bbox 1142 2672 1252 2743; x_wconf 91' lang='lat' dir='ltr'><strong>inguina</strong></span> <span class='ocrx_word' id='word_1_368' title='bbox 1264 2671 1408 2726; x_wconf 87' lang='lat' dir='ltr'><strong>conlisum.</strong></span> <span class='ocrx_word' id='word_1_369' title='bbox 1431 2669 1485 2724; x_wconf 85' lang='lat' dir='ltr'><strong>Sed</strong></span> <span class='ocrx_word' id='word_1_370' title='bbox 1499 2669 1635 2725; x_wconf 88' lang='lat' dir='ltr'><strong>instantia</strong></span> <span class='ocrx_word' id='word_1_371' title='bbox 1649 2670 1672 2701; x_wconf 85' lang='lat'><strong>¹¹</strong></span> <span class='ocrx_word' id='word_1_372' title='bbox 1685 2668 1759 2725; x_wconf 78' lang='lat' dir='ltr'><strong>medi·</strong></span> 
     </span>
     <span class='ocr_line' id='line_1_29' title="bbox 131 2758 1759 2832; baseline -0.001 -14"><span class='ocrx_word' id='word_1_373' title='bbox 131 2764 168 2818; x_wconf 90' lang='lat' dir='ltr'><strong>tia</strong></span> <span class='ocrx_word' id='word_1_374' title='bbox 184 2772 326 2829; x_wconf 87' lang='lat' dir='ltr'><strong>venerunt,</strong></span> <span class='ocrx_word' id='word_1_375' title='bbox 348 2771 376 2818; x_wconf 88' lang='lat' dir='ltr'><strong>et</strong></span> <span class='ocrx_word' id='word_1_376' title='bbox 397 2762 562 2832; x_wconf 75' lang='lat' dir='ltr'><strong>Corripendio</strong></span> <span class='ocrx_word' id='word_1_377' title='bbox 587 2764 621 2817; x_wconf 83' lang='lat' dir='ltr'><strong>ab</strong></span> <span class='ocrx_word' id='word_1_378' title='bbox 645 2763 807 2832; x_wconf 85' lang='lat' dir='ltr'><strong>imperatore</strong></span> <span class='ocrx_word' id='word_1_379' title='bbox 827 2760 922 2825; x_wconf 91' lang='lat' dir='ltr'><strong>auditi,</strong></span> <span class='ocrx_word' id='word_1_380' title='bbox 975 2777 1069 2819; x_wconf 91' lang='lat' dir='ltr'><strong>corum</strong></span> <span class='ocrx_word' id='word_1_381' title='bbox 1090 2761 1136 2832; x_wconf 82' lang='lat' dir='ltr'><strong>qui</strong></span> <span class='ocrx_word' id='word_1_382' title='bbox 1160 2761 1184 2816; x_wconf 91' lang='lat' dir='ltr'><strong>ci</strong></span> <span class='ocrx_word' id='word_1_383' title='bbox 1203 2776 1296 2817; x_wconf 88' lang='lat' dir='ltr'><strong>curam</strong></span> <span class='ocrx_word' id='word_1_384' title='bbox 1310 2760 1485 2826; x_wconf 85' lang='lat' dir='ltr'><strong>adhibebant,</strong></span> <span class='ocrx_word' id='word_1_385' title='bbox 1501 2773 1610 2815; x_wconf 91' lang='lat' dir='ltr'><strong>summa</strong></span> <span class='ocrx_word' id='word_1_386' title='bbox 1630 2758 1759 2815; x_wconf 79' lang='lat' dir='ltr'><strong>oetedaa</strong></span> 
     </span>
     <span class='ocr_line' id='line_1_30' title="bbox 130 2848 1758 2925; baseline -0.003 -15"><span class='ocrx_word' id='word_1_387' title='bbox 130 2854 300 2925; x_wconf 85' lang='lat' dir='ltr'><strong>dquasgrani</strong></span> <span class='ocrx_word' id='word_1_388' title='bbox 323 2869 385 2908; x_wconf 91' lang='lat' dir='ltr'><strong>enm</strong></span> <span class='ocrx_word' id='word_1_389' title='bbox 408 2854 572 2922; x_wconf 82' lang='lat' dir='ltr'><strong>praecedere</strong></span> <span class='ocrx_word' id='word_1_390' title='bbox 593 2853 658 2908; x_wconf 89' lang='lat' dir='ltr'><strong>iussi</strong></span> <span class='ocrx_word' id='word_1_391' title='bbox 680 2861 752 2907; x_wconf 89' lang='lat' dir='ltr'><strong>sunt.</strong></span> <span class='ocrx_word' id='word_1_392' title='bbox 779 2851 838 2919; x_wconf 82' lang='lat' dir='ltr'><strong>Quo</strong></span> <span class='ocrx_word' id='word_1_393' title='bbox 858 2866 922 2907; x_wconf 89' lang='lat' dir='ltr'><strong>cum</strong></span> <span class='ocrx_word' id='word_1_394' title='bbox 974 2852 1120 2909; x_wconf 84' lang='lat' dir='ltr'><strong>convaluit.</strong></span> <span class='ocrx_word' id='word_1_395' title='bbox 1141 2851 1208 2906; x_wconf 88' lang='lat' dir='ltr'><strong>Nam</strong></span> <span class='ocrx_word' id='word_1_396' title='bbox 1222 2851 1355 2911; x_wconf 78' lang='lat' dir='ltr'><strong>,vicesima</strong></span> <span class='ocrx_word' id='word_1_397' title='bbox 1374 2858 1516 2922; x_wconf 85' lang='lat' dir='ltr'><strong>postquam</strong></span> <span class='ocrx_word' id='word_1_398' title='bbox 1530 2849 1559 2905; x_wconf 92' lang='lat' dir='ltr'><strong>id</strong></span> <span class='ocrx_word' id='word_1_399' title='bbox 1572 2848 1758 2905; x_wconf 86' lang='lat' dir='ltr'><strong>accideratdit</strong></span> 
     </span>
     <span class='ocr_line' id='line_1_31' title="bbox 130 2940 1757 3018; baseline -0.003 -21"><span class='ocrx_word' id='word_1_400' title='bbox 130 2944 307 3017; x_wconf 48' lang='lat' dir='ltr'><strong>perseverasset,</strong></span> <span class='ocrx_word' id='word_1_401' title='bbox 323 2943 440 3012; x_wconf 72' lang='lat' dir='ltr'><strong>legatum</strong></span> <span class='ocrx_word' id='word_1_402' title='bbox 451 2941 549 2998; x_wconf 85' lang='lat' dir='ltr'><strong>Leonis</strong></span> <span class='ocrx_word' id='word_1_403' title='bbox 561 2942 735 3012; x_wconf 87' lang='lat' dir='ltr'><strong>imperatoris</strong></span> <span class='ocrx_word' id='word_1_404' title='bbox 745 2941 778 2996; x_wconf 92' lang='lat' dir='ltr'><strong>de</strong></span> <span class='ocrx_word' id='word_1_405' title='bbox 790 2941 922 2996; x_wconf 81' lang='lat' dir='ltr'><strong>constan·</strong></span> <span class='ocrx_word' id='word_1_406' title='bbox 975 2946 1169 3018; x_wconf 77' lang='lat' dir='ltr'><strong>Noviomagum</strong></span> <span class='ocrx_word' id='word_1_407' title='bbox 1197 2944 1354 3015; x_wconf 71' lang='lat' dir='ltr'><strong>profectus,</strong></span> <span class='ocrx_word' id='word_1_408' title='bbox 1384 2950 1484 2998; x_wconf 85' lang='lat' dir='ltr'><strong>venatu</strong></span> <span class='ocrx_word' id='word_1_409' title='bbox 1516 2955 1578 2996; x_wconf 91' lang='lat' dir='ltr'><strong>sese</strong></span> <span class='ocrx_word' id='word_1_410' title='bbox 1610 2940 1757 2997; x_wconf 76' lang='lat' dir='ltr'><strong>exercebat.</strong></span> 
     </span>
     <span class='ocr_line' id='line_1_32' title="bbox 131 3018 1808 3106; baseline -0.004 -14"><span class='ocrx_word' id='word_1_411' title='bbox 131 3034 242 3105; x_wconf 85' lang='lat' dir='ltr'><strong>tinopnii</strong></span> <span class='ocrx_word' id='word_1_412' title='bbox 256 3050 305 3105; x_wconf 90' lang='lat' dir='ltr'><strong>pro</strong></span> <span class='ocrx_word' id='word_1_413' title='bbox 318 3033 558 3088; x_wconf 75' lang='lat' dir='ltr'><strong>britannicorum·</strong></span> <span class='ocrx_word' id='word_1_414' title='bbox 582 3048 664 3088; x_wconf 88' lang='lat' dir='ltr'><strong>eausa</strong></span> <span class='ocrx_word' id='word_1_415' title='bbox 684 3030 921 3099; x_wconf 81' lang='lat' dir='ltr'><strong>missom‚llieit‘o·</strong></span> <span class='ocrx_word' id='word_1_416' title='bbox 937 3019 960 3083; x_wconf 86' lang='lat' dir='ltr'>C</span> <span class='ocrx_word' id='word_1_417' title='bbox 976 3036 1053 3095; x_wconf 88' lang='lat' dir='ltr'><strong>Unde</strong></span> <span class='ocrx_word' id='word_1_418' title='bbox 1073 3050 1219 3101; x_wconf 88' lang='lat' dir='ltr'><strong>reversus,</strong></span> <span class='ocrx_word' id='word_1_419' title='bbox 1243 3032 1395 3106; x_wconf 89' lang='lat' dir='ltr'><strong>generalem</strong></span> <span class='ocrx_word' id='word_1_420' title='bbox 1417 3030 1509 3103; x_wconf 87' lang='lat' dir='ltr'><strong>populi</strong></span> <span class='ocrx_word' id='word_1_421' title='bbox 1533 3030 1575 3086; x_wconf 87' lang='lat' dir='ltr'><strong>sui</strong></span> <span class='ocrx_word' id='word_1_422' title='bbox 1604 3036 1757 3087; x_wconf 86' lang='lat' dir='ltr'><strong>conventura</strong></span> <span class='ocrx_word' id='word_1_423' title='bbox 1806 3018 1808 3025; x_wconf 73' lang='grc'><strong>’</strong></span> 
     </span>
     <span class='ocr_line' id='line_1_33' title="bbox 130 3118 1756 3201; baseline -0.003 -19"><span class='ocrx_word' id='word_1_424' title='bbox 130 3144 190 3182; x_wconf 89' lang='lat' dir='ltr'><strong>rurn</strong></span> <span class='ocrx_word' id='word_1_425' title='bbox 203 3128 321 3191; x_wconf 86' lang='lat' dir='ltr'><strong>nondnc,</strong></span> <span class='ocrx_word' id='word_1_426' title='bbox 335 3126 464 3196; x_wconf 87' lang='lat' dir='ltr'><strong>suscepit,</strong></span> <span class='ocrx_word' id='word_1_427' title='bbox 481 3140 562 3196; x_wconf 83' lang='lat' dir='ltr'><strong>quem</strong></span> <span class='ocrx_word' id='word_1_428' title='bbox 576 3124 671 3190; x_wconf 90' lang='lat' dir='ltr'><strong>ctiam,</strong></span> <span class='ocrx_word' id='word_1_429' title='bbox 685 3125 750 3194; x_wconf 85' lang='lat' dir='ltr'><strong>quia</strong></span> <span class='ocrx_word' id='word_1_430' title='bbox 761 3123 882 3181; x_wconf 64' lang='lat' dir='ltr'><strong>cadolah</strong></span> <span class='ocrx_word' id='word_1_431' title='bbox 899 3123 921 3157; x_wconf 81' lang='lat'><strong>¹¹</strong></span> <span class='ocrx_word' id='word_1_432' title='bbox 973 3126 1138 3199; x_wconf 72' lang='lat' dir='ltr'><strong>aquisgrani</strong></span> <span class='ocrx_word' id='word_1_433' title='bbox 1152 3139 1227 3181; x_wconf 87' lang='lat' dir='ltr'><strong>more</strong></span> <span class='ocrx_word' id='word_1_434' title='bbox 1246 3124 1325 3179; x_wconf 89' lang='lat' dir='ltr'><strong>solito</strong></span> <span class='ocrx_word' id='word_1_435' title='bbox 1344 3122 1449 3190; x_wconf 89' lang='lat' dir='ltr'><strong>babuit,</strong></span> <span class='ocrx_word' id='word_1_436' title='bbox 1469 3122 1496 3177; x_wconf 91' lang='lat' dir='ltr'><strong>in</strong></span> <span class='ocrx_word' id='word_1_437' title='bbox 1517 3118 1675 3201; x_wconf 66' lang='lat' dir='ltr'><strong>quoddam</strong></span> <span class='ocrx_word' id='word_1_438' title='bbox 1688 3132 1756 3177; x_wconf 82' lang='lat' dir='ltr'><strong>suun</strong></span> 
     </span>
     <span class='ocr_line' id='line_1_34' title="bbox 132 3206 1758 3289; baseline -0.006 -16"><span class='ocrx_word' id='word_1_439' title='bbox 132 3217 167 3273; x_wconf 90' lang='lat' dir='ltr'><strong>ad</strong></span> <span class='ocrx_word' id='word_1_440' title='bbox 190 3232 270 3286; x_wconf 85' lang='lat' dir='ltr'><strong>qvvem</strong></span> <span class='ocrx_word' id='word_1_441' title='bbox 293 3216 398 3269; x_wconf 80' lang='lat' dir='ltr'><strong>iiior-nvn</strong></span> <span class='ocrx_word' id='word_1_442' title='bbox 421 3214 569 3270; x_wconf 77' lang='lat' dir='ltr'><strong>condidam</strong></span> <span class='ocrx_word' id='word_1_443' title='bbox 591 3228 657 3269; x_wconf 90' lang='lat' dir='ltr'><strong>eura</strong></span> <span class='ocrx_word' id='word_1_444' title='bbox 677 3214 842 3283; x_wconf 88' lang='lat' dir='ltr'><strong>pertinebat,</strong></span> <span class='ocrx_word' id='word_1_445' title='bbox 867 3228 923 3269; x_wconf 92' lang='lat' dir='ltr'><strong>non</strong></span> <span class='ocrx_word' id='word_1_446' title='bbox 973 3217 1183 3289; x_wconf 82' lang='lat' dir='ltr'><strong>primogenitum</strong></span> <span class='ocrx_word' id='word_1_447' title='bbox 1210 3213 1380 3269; x_wconf 79' lang='lat' dir='ltr'><strong>hlotharium</strong></span> <span class='ocrx_word' id='word_1_448' title='bbox 1408 3210 1568 3277; x_wconf 87' lang='lat' dir='ltr'><strong>coronarit,</strong></span> <span class='ocrx_word' id='word_1_449' title='bbox 1594 3218 1626 3265; x_wconf 91' lang='lat' dir='ltr'><strong>et</strong></span> <span class='ocrx_word' id='word_1_450' title='bbox 1652 3206 1758 3266; x_wconf 82' lang='lat' dir='ltr'><strong>nominis</strong></span> 
     </span>
    </p>
   </div>
   <div class='ocr_carea' id='block_1_3' title="bbox 22 3294 1758 3379">
    <p class='ocr_par' dir='ltr' id='par_1_3' title="bbox 22 3294 1758 3379">
     <span class='ocr_line' id='line_1_35' title="bbox 22 3294 1758 3379; baseline -0.003 -17"><span class='ocrx_word' id='word_1_451' title='bbox 22 3294 30 3303; x_wconf 52' lang='lat'>⁸</span> <span class='ocrx_word' id='word_1_452' title='bbox 131 3307 459 3374; x_wconf 81' lang='lat' dir='ltr'><strong>adorat,ettamenbrevi</strong></span> <span class='ocrx_word' id='word_1_453' title='bbox 472 3306 766 3377; x_wconf 86' lang='lat' dir='ltr'><strong>venturusputahatur,</strong></span> <span class='ocrx_word' id='word_1_454' title='bbox 779 3307 922 3362; x_wconf 87' lang='lat' dir='ltr'><strong>adventum</strong></span> <span class='ocrx_word' id='word_1_455' title='bbox 973 3319 1055 3379; x_wconf 87' lang='lat' dir='ltr'><strong>atque</strong></span> <span class='ocrx_word' id='word_1_456' title='bbox 1076 3307 1183 3378; x_wconf 91' lang='lat' dir='ltr'><strong>imperii</strong></span> <span class='ocrx_word' id='word_1_457' title='bbox 1209 3306 1250 3361; x_wconf 93' lang='lat' dir='ltr'><strong>sui</strong></span> <span class='ocrx_word' id='word_1_458' title='bbox 1272 3304 1376 3361; x_wconf 88' lang='lat' dir='ltr'><strong>socium</strong></span> <span class='ocrx_word' id='word_1_459' title='bbox 1401 3302 1453 3359; x_wconf 89' lang='lat' dir='ltr'><strong>sibi</strong></span> <span class='ocrx_word' id='word_1_460' title='bbox 1478 3300 1632 3366; x_wconf 89' lang='lat' dir='ltr'><strong>coustituit,</strong></span> <span class='ocrx_word' id='word_1_461' title='bbox 1645 3306 1758 3357; x_wconf 78' lang='lat' dir='ltr'><strong>caeteras</strong></span> 
     </span>
    </p>
   </div>
   <div class='ocr_carea' id='block_1_4' title="bbox 129 3391 1765 4917">
    <p class='ocr_par' dir='ltr' id='par_1_4' title="bbox 129 3391 1765 4917">
     <span class='ocr_line' id='line_1_36' title="bbox 130 3391 1757 3473; baseline 0.001 -24"><span class='ocrx_word' id='word_1_462' title='bbox 130 3396 204 3453; x_wconf 88' lang='lat' dir='ltr'><strong>iilius</strong></span> <span class='ocrx_word' id='word_1_463' title='bbox 218 3397 297 3452; x_wconf 87' lang='lat' dir='ltr'><strong>iussit</strong></span> <span class='ocrx_word' id='word_1_464' title='bbox 314 3395 442 3465; x_wconf 87' lang='lat' dir='ltr'><strong>opperiri.</strong></span> <span class='ocrx_word' id='word_1_465' title='bbox 464 3395 523 3463; x_wconf 80' lang='lat' dir='ltr'><strong>Qern</strong></span> <span class='ocrx_word' id='word_1_466' title='bbox 536 3395 661 3450; x_wconf 91' lang='lat' dir='ltr'><strong>veniente</strong></span> <span class='ocrx_word' id='word_1_467' title='bbox 672 3436 679 3461; x_wconf 89' lang='lat'><strong>,</strong></span> <span class='ocrx_word' id='word_1_468' title='bbox 694 3396 764 3450; x_wconf 90' lang='lat' dir='ltr'><strong>ratio</strong></span> <span class='ocrx_word' id='word_1_469' title='bbox 777 3395 847 3451; x_wconf 88' lang='lat' dir='ltr'><strong>inter</strong></span> <span class='ocrx_word' id='word_1_470' title='bbox 860 3410 922 3452; x_wconf 86' lang='lat' dir='ltr'><strong>eum</strong></span> <span class='ocrx_word' id='word_1_471' title='bbox 973 3417 1051 3473; x_wconf 89' lang='lat' dir='ltr'><strong>reges</strong></span> <span class='ocrx_word' id='word_1_472' title='bbox 1062 3401 1209 3471; x_wconf 88' lang='lat' dir='ltr'><strong>appellatos</strong></span> <span class='ocrx_word' id='word_1_473' title='bbox 1219 3414 1300 3455; x_wconf 90' lang='lat' dir='ltr'><strong>onum</strong></span> <span class='ocrx_word' id='word_1_474' title='bbox 1312 3396 1484 3468; x_wconf 74' lang='lat' dir='ltr'><strong>Aquitaniae,</strong></span> <span class='ocrx_word' id='word_1_475' title='bbox 1496 3395 1615 3450; x_wconf 86' lang='lat' dir='ltr'><strong>atterum</strong></span> <span class='ocrx_word' id='word_1_476' title='bbox 1626 3391 1757 3450; x_wconf 68' lang='lat' dir='ltr'><strong>&amp;tanae</strong></span> 
     </span>
     <span class='ocr_line' id='line_1_37' title="bbox 130 3480 1759 3561; baseline -0.002 -20"><span class='ocrx_word' id='word_1_477' title='bbox 130 3495 158 3541; x_wconf 91' lang='lat' dir='ltr'><strong>et</strong></span> <span class='ocrx_word' id='word_1_478' title='bbox 176 3487 294 3558; x_wconf 88' lang='lat' dir='ltr'><strong>legatum</strong></span> <span class='ocrx_word' id='word_1_479' title='bbox 310 3487 481 3556; x_wconf 88' lang='lat' dir='ltr'><strong>imperatoris</strong></span> <span class='ocrx_word' id='word_1_480' title='bbox 500 3485 534 3540; x_wconf 91' lang='lat' dir='ltr'><strong>de</strong></span> <span class='ocrx_word' id='word_1_481' title='bbox 549 3487 754 3556; x_wconf 88' lang='lat' dir='ltr'><strong>quaestiouibus</strong></span> <span class='ocrx_word' id='word_1_482' title='bbox 768 3504 836 3558; x_wconf 89' lang='lat' dir='ltr'><strong>quas</strong></span> <span class='ocrx_word' id='word_1_483' title='bbox 849 3488 921 3543; x_wconf 88' lang='lat' dir='ltr'><strong>idem</strong></span> <span class='ocrx_word' id='word_1_484' title='bbox 972 3490 1113 3561; x_wconf 75' lang='lat' dir='ltr'><strong>praefecit.</strong></span> <span class='ocrx_word' id='word_1_485' title='bbox 1140 3492 1278 3545; x_wconf 76' lang='lat' dir='ltr'><strong>conventu</strong></span> <span class='ocrx_word' id='word_1_486' title='bbox 1297 3495 1408 3557; x_wconf 87' lang='lat' dir='ltr'><strong>peracto</strong></span> <span class='ocrx_word' id='word_1_487' title='bbox 1425 3486 1459 3551; x_wconf 87' lang='lat'>¹¹,</span> <span class='ocrx_word' id='word_1_488' title='bbox 1474 3499 1537 3541; x_wconf 90' lang='lat' dir='ltr'><strong>cum</strong></span> <span class='ocrx_word' id='word_1_489' title='bbox 1557 3482 1659 3556; x_wconf 76' lang='lat' dir='ltr'><strong>Vosegi</strong></span> <span class='ocrx_word' id='word_1_490' title='bbox 1672 3480 1759 3541; x_wconf 79' lang='lat' dir='ltr'><strong>salunt</strong></span> 
     </span>
     <span class='ocr_line' id='line_1_38' title="bbox 131 3570 1759 3652; baseline -0.001 -20"><span class='ocrx_word' id='word_1_491' title='bbox 131 3577 235 3644; x_wconf 89' lang='lat' dir='ltr'><strong>detulit,</strong></span> <span class='ocrx_word' id='word_1_492' title='bbox 250 3578 340 3632; x_wconf 87' lang='lat' dir='ltr'><strong>habito</strong></span> <span class='ocrx_word' id='word_1_493' title='bbox 352 3585 407 3642; x_wconf 91' lang='lat' dir='ltr'><strong>est;</strong></span> <span class='ocrx_word' id='word_1_494' title='bbox 423 3584 450 3632; x_wconf 88' lang='lat' dir='ltr'><strong>et</strong></span> <span class='ocrx_word' id='word_1_495' title='bbox 460 3577 523 3646; x_wconf 86' lang='lat' dir='ltr'><strong>quia</strong></span> <span class='ocrx_word' id='word_1_496' title='bbox 535 3591 579 3632; x_wconf 91' lang='lat' dir='ltr'><strong>res</strong></span> <span class='ocrx_word' id='word_1_497' title='bbox 591 3577 625 3632; x_wconf 89' lang='lat' dir='ltr'><strong>ad</strong></span> <span class='ocrx_word' id='word_1_498' title='bbox 638 3577 769 3647; x_wconf 84' lang='lat' dir='ltr'><strong>plurimos</strong></span> <span class='ocrx_word' id='word_1_499' title='bbox 782 3586 809 3633; x_wconf 88' lang='lat' dir='ltr'><strong>et</strong></span> <span class='ocrx_word' id='word_1_500' title='bbox 822 3578 922 3635; x_wconf 82' lang='lat' dir='ltr'><strong>itoma-</strong></span> <span class='ocrx_word' id='word_1_501' title='bbox 974 3581 1089 3637; x_wconf 90' lang='lat' dir='ltr'><strong>venandi</strong></span> <span class='ocrx_word' id='word_1_502' title='bbox 1107 3581 1193 3652; x_wconf 89' lang='lat' dir='ltr'><strong>gratia</strong></span> <span class='ocrx_word' id='word_1_503' title='bbox 1209 3587 1325 3650; x_wconf 85' lang='lat' dir='ltr'><strong>poteret,</strong></span> <span class='ocrx_word' id='word_1_504' title='bbox 1339 3577 1434 3634; x_wconf 90' lang='lat' dir='ltr'><strong>obvios</strong></span> <span class='ocrx_word' id='word_1_505' title='bbox 1446 3575 1541 3632; x_wconf 88' lang='lat' dir='ltr'><strong>hahuit</strong></span> <span class='ocrx_word' id='word_1_506' title='bbox 1554 3573 1660 3647; x_wconf 89' lang='lat' dir='ltr'><strong>legatos</strong></span> <span class='ocrx_word' id='word_1_507' title='bbox 1670 3570 1759 3630; x_wconf 80' lang='lat' dir='ltr'><strong>Leonis</strong></span> 
     </span>
     <span class='ocr_line' id='line_1_39' title="bbox 130 3666 1759 3745; baseline -0.004 -21"><span class='ocrx_word' id='word_1_508' title='bbox 130 3683 181 3727; x_wconf 92' lang='lat' dir='ltr'><strong>nos</strong></span> <span class='ocrx_word' id='word_1_509' title='bbox 191 3676 219 3723; x_wconf 93' lang='lat' dir='ltr'><strong>ct</strong></span> <span class='ocrx_word' id='word_1_510' title='bbox 236 3668 348 3725; x_wconf 81' lang='lat' dir='ltr'><strong>sclavos</strong></span> <span class='ocrx_word' id='word_1_511' title='bbox 359 3668 520 3738; x_wconf 86' lang='lat' dir='ltr'><strong>pertinebat,</strong></span> <span class='ocrx_word' id='word_1_512' title='bbox 543 3682 630 3738; x_wconf 85' lang='lat' dir='ltr'><strong>neque</strong></span> <span class='ocrx_word' id='word_1_513' title='bbox 642 3668 700 3723; x_wconf 91' lang='lat' dir='ltr'><strong>siue</strong></span> <span class='ocrx_word' id='word_1_514' title='bbox 714 3668 824 3724; x_wconf 90' lang='lat' dir='ltr'><strong>illorum</strong></span> <span class='ocrx_word' id='word_1_515' title='bbox 843 3683 923 3739; x_wconf 82' lang='lat' dir='ltr'><strong>prae·</strong></span> <span class='ocrx_word' id='word_1_516' title='bbox 975 3674 1156 3745; x_wconf 87' lang='lat' dir='ltr'><strong>imperatoris,</strong></span> <span class='ocrx_word' id='word_1_517' title='bbox 1167 3688 1235 3744; x_wconf 80' lang='lat' dir='ltr'><strong>quos</strong></span> <span class='ocrx_word' id='word_1_518' title='bbox 1246 3688 1306 3727; x_wconf 75' lang='lat' dir='ltr'><strong>cerm</strong></span> <span class='ocrx_word' id='word_1_519' title='bbox 1318 3671 1345 3725; x_wconf 92' lang='lat' dir='ltr'><strong>in</strong></span> <span class='ocrx_word' id='word_1_520' title='bbox 1356 3668 1532 3743; x_wconf 89' lang='lat' dir='ltr'><strong>lngilenheim</strong></span> <span class='ocrx_word' id='word_1_521' title='bbox 1545 3666 1569 3699; x_wconf 82' lang='lat'>¹⁸</span> <span class='ocrx_word' id='word_1_522' title='bbox 1578 3666 1682 3739; x_wconf 88' lang='lat' dir='ltr'><strong>palatio</strong></span> <span class='ocrx_word' id='word_1_523' title='bbox 1694 3666 1759 3721; x_wconf 83' lang='lat' dir='ltr'><strong>iuxta</strong></span> 
     </span>
     <span class='ocr_line' id='line_1_40' title="bbox 129 3758 1759 3841; baseline 0.001 -25"><span class='ocrx_word' id='word_1_524' title='bbox 129 3760 217 3816; x_wconf 89' lang='lat' dir='ltr'><strong>sentia</strong></span> <span class='ocrx_word' id='word_1_525' title='bbox 232 3759 304 3814; x_wconf 85' lang='lat' dir='ltr'><strong>drriri</strong></span> <span class='ocrx_word' id='word_1_526' title='bbox 317 3774 396 3829; x_wconf 57' lang='lat' dir='ltr'><strong>posse</strong></span> <span class='ocrx_word' id='word_1_527' title='bbox 411 3760 562 3825; x_wconf 88' lang='lat' dir='ltr'><strong>videbatur,</strong></span> <span class='ocrx_word' id='word_1_528' title='bbox 582 3759 629 3814; x_wconf 93' lang='lat' dir='ltr'><strong>illo</strong></span> <span class='ocrx_word' id='word_1_529' title='bbox 647 3758 818 3816; x_wconf 89' lang='lat' dir='ltr'><strong>decernenda</strong></span> <span class='ocrx_word' id='word_1_530' title='bbox 832 3759 923 3817; x_wconf 80' lang='lat' dir='ltr'><strong>differ·</strong></span> <span class='ocrx_word' id='word_1_531' title='bbox 974 3768 1174 3841; x_wconf 76' lang='lat' dir='ltr'><strong>Mogontiacum</strong></span> <span class='ocrx_word' id='word_1_532' title='bbox 1196 3766 1219 3797; x_wconf 84' lang='lat'>&#39;¹</span> <span class='ocrx_word' id='word_1_533' title='bbox 1238 3765 1376 3821; x_wconf 84' lang='lat' dir='ltr'><strong>civitatem</strong></span> <span class='ocrx_word' id='word_1_534' title='bbox 1400 3762 1530 3827; x_wconf 86' lang='lat' dir='ltr'><strong>audisset,</strong></span> <span class='ocrx_word' id='word_1_535' title='bbox 1549 3776 1582 3817; x_wconf 90' lang='lat' dir='ltr'><strong>ac</strong></span> <span class='ocrx_word' id='word_1_536' title='bbox 1605 3760 1759 3834; x_wconf 78' lang='lat' dir='ltr'><strong>legationen</strong></span> 
     </span>
     <span class='ocr_line' id='line_1_41' title="bbox 129 3848 1760 3926; baseline 0.005 -21"><span class='ocrx_word' id='word_1_537' title='bbox 129 3857 187 3916; x_wconf 90' lang='lat' dir='ltr'><strong>tur,</strong></span> <span class='ocrx_word' id='word_1_538' title='bbox 199 3851 350 3920; x_wconf 85' lang='lat' dir='ltr'><strong>missusque</strong></span> <span class='ocrx_word' id='word_1_539' title='bbox 369 3849 404 3904; x_wconf 93' lang='lat' dir='ltr'><strong>ad</strong></span> <span class='ocrx_word' id='word_1_540' title='bbox 423 3851 475 3905; x_wconf 90' lang='lat' dir='ltr'><strong>hoc</strong></span> <span class='ocrx_word' id='word_1_541' title='bbox 486 3865 549 3905; x_wconf 91' lang='lat' dir='ltr'><strong>cum</strong></span> <span class='ocrx_word' id='word_1_542' title='bbox 560 3848 697 3907; x_wconf 83' lang='lat' dir='ltr'><strong>cadolane</strong></span> <span class='ocrx_word' id='word_1_543' title='bbox 710 3851 732 3883; x_wconf 89' lang='lat'><strong>¹¹</strong></span> <span class='ocrx_word' id='word_1_544' title='bbox 744 3860 773 3907; x_wconf 93' lang='lat' dir='ltr'><strong>et</strong></span> <span class='ocrx_word' id='word_1_545' title='bbox 783 3853 923 3923; x_wconf 89' lang='lat' dir='ltr'><strong>praedicto</strong></span> <span class='ocrx_word' id='word_1_546' title='bbox 974 3876 1068 3919; x_wconf 68' lang='lat' dir='ltr'><strong>aarum</strong></span> <span class='ocrx_word' id='word_1_547' title='bbox 1086 3876 1140 3916; x_wconf 85' lang='lat' dir='ltr'><strong>nnn</strong></span> <span class='ocrx_word' id='word_1_548' title='bbox 1154 3859 1235 3914; x_wconf 86' lang='lat' dir='ltr'><strong>aliam</strong></span> <span class='ocrx_word' id='word_1_549' title='bbox 1250 3872 1320 3922; x_wconf 89' lang='lat' dir='ltr'><strong>esse,</strong></span> <span class='ocrx_word' id='word_1_550' title='bbox 1338 3855 1389 3911; x_wconf 91' lang='lat' dir='ltr'><strong>nisi</strong></span> <span class='ocrx_word' id='word_1_551' title='bbox 1403 3869 1485 3926; x_wconf 85' lang='lat' dir='ltr'><strong>qttam</strong></span> <span class='ocrx_word' id='word_1_552' title='bbox 1498 3851 1638 3911; x_wconf 77' lang='lat' dir='ltr'><strong>Nieiioms</strong></span> <span class='ocrx_word' id='word_1_553' title='bbox 1648 3852 1760 3910; x_wconf 74' lang='lat' dir='ltr'><strong>eiusdem</strong></span> 
     </span>
     <span class='ocr_line' id='line_1_42' title="bbox 129 3938 1761 4024; baseline -0.001 -21"><span class='ocrx_word' id='word_1_554' title='bbox 129 3938 219 4012; x_wconf 79' lang='lat' dir='ltr'><strong>tegata</strong></span> <span class='ocrx_word' id='word_1_555' title='bbox 239 3941 266 3995; x_wconf 80' lang='lat' dir='ltr'><strong>in</strong></span> <span class='ocrx_word' id='word_1_556' title='bbox 281 3940 442 3995; x_wconf 78' lang='lat' dir='ltr'><strong>Dalmatiam</strong></span> <span class='ocrx_word' id='word_1_557' title='bbox 458 3940 601 4011; x_wconf 77' lang='lat' dir='ltr'><strong>albgarius</strong></span> <span class='ocrx_word' id='word_1_558' title='bbox 616 3942 649 4006; x_wconf 81' lang='lat'>¹¹,</span> <span class='ocrx_word' id='word_1_559' title='bbox 662 3941 781 4005; x_wconf 81' lang='lat' dir='ltr'><strong>Uaroehi</strong></span> <span class='ocrx_word' id='word_1_560' title='bbox 794 3943 814 3975; x_wconf 82' lang='lat'><strong>¹¹</strong></span> <span class='ocrx_word' id='word_1_561' title='bbox 828 3958 922 4015; x_wconf 77' lang='lat' dir='ltr'><strong>aenos·</strong></span> <span class='ocrx_word' id='word_1_562' title='bbox 974 3952 1147 4024; x_wconf 66' lang='lat' dir='ltr'><strong>inprecaris</strong></span> <span class='ocrx_word' id='word_1_563' title='bbox 1162 3950 1267 4021; x_wconf 78' lang='lat' dir='ltr'><strong>legatus</strong></span> <span class='ocrx_word' id='word_1_564' title='bbox 1282 3947 1406 4018; x_wconf 73' lang='lat' dir='ltr'><strong>prasina</strong></span> <span class='ocrx_word' id='word_1_565' title='bbox 1418 3944 1563 4011; x_wconf 69' lang='lat' dir='ltr'><strong>nanterre,</strong></span> <span class='ocrx_word' id='word_1_566' title='bbox 1579 3943 1761 4015; x_wconf 59' lang='lat' dir='ltr'><strong>conadam.</strong></span> 
     </span>
     <span class='ocr_line' id='line_1_43' title="bbox 131 4028 1763 4107; baseline 0 -18"><span class='ocrx_word' id='word_1_567' title='bbox 131 4032 226 4103; x_wconf 86' lang='lat' dir='ltr'><strong>Legati</strong></span> <span class='ocrx_word' id='word_1_568' title='bbox 241 4032 323 4088; x_wconf 89' lang='lat' dir='ltr'><strong>etiarn</strong></span> <span class='ocrx_word' id='word_1_569' title='bbox 338 4031 533 4100; x_wconf 71' lang='lat' dir='ltr'><strong>abdirahman,</strong></span> <span class='ocrx_word' id='word_1_570' title='bbox 549 4050 612 4089; x_wconf 91' lang='lat' dir='ltr'><strong>cum</strong></span> <span class='ocrx_word' id='word_1_571' title='bbox 626 4036 714 4092; x_wconf 89' lang='lat' dir='ltr'><strong>tribus</strong></span> <span class='ocrx_word' id='word_1_572' title='bbox 727 4037 867 4095; x_wconf 90' lang='lat' dir='ltr'><strong>mensibus</strong></span> <span class='ocrx_word' id='word_1_573' title='bbox 878 4038 924 4095; x_wconf 90' lang='lat' dir='ltr'><strong>dc-</strong></span> <span class='ocrx_word' id='word_1_574' title='bbox 975 4043 1101 4099; x_wconf 90' lang='lat' dir='ltr'><strong>eeleriter</strong></span> <span class='ocrx_word' id='word_1_575' title='bbox 1114 4039 1252 4096; x_wconf 90' lang='lat' dir='ltr'><strong>absolutos</strong></span> <span class='ocrx_word' id='word_1_576' title='bbox 1273 4036 1392 4101; x_wconf 89' lang='lat' dir='ltr'><strong>dimisit,</strong></span> <span class='ocrx_word' id='word_1_577' title='bbox 1407 4042 1435 4091; x_wconf 88' lang='lat' dir='ltr'><strong>et</strong></span> <span class='ocrx_word' id='word_1_578' title='bbox 1448 4049 1502 4107; x_wconf 88' lang='lat' dir='ltr'><strong>quo</strong></span> <span class='ocrx_word' id='word_1_579' title='bbox 1515 4033 1649 4090; x_wconf 88' lang='lat' dir='ltr'><strong>tendehat</strong></span> <span class='ocrx_word' id='word_1_580' title='bbox 1661 4028 1763 4105; x_wconf 77' lang='lat' dir='ltr'><strong>proto·</strong></span> 
     </span>
     <span class='ocr_line' id='line_1_44' title="bbox 131 4124 1764 4202; baseline 0.003 -23"><span class='ocrx_word' id='word_1_581' title='bbox 131 4126 197 4179; x_wconf 91' lang='lat' dir='ltr'><strong>tenti</strong></span> <span class='ocrx_word' id='word_1_582' title='bbox 213 4132 320 4188; x_wconf 83' lang='lat' dir='ltr'><strong>esserrt,</strong></span> <span class='ocrx_word' id='word_1_583' title='bbox 338 4133 366 4178; x_wconf 91' lang='lat' dir='ltr'><strong>et</strong></span> <span class='ocrx_word' id='word_1_584' title='bbox 379 4125 432 4179; x_wconf 90' lang='lat' dir='ltr'><strong>iam</strong></span> <span class='ocrx_word' id='word_1_585' title='bbox 451 4124 486 4179; x_wconf 91' lang='lat' dir='ltr'><strong>de</strong></span> <span class='ocrx_word' id='word_1_586' title='bbox 497 4126 584 4180; x_wconf 91' lang='lat' dir='ltr'><strong>reditu</strong></span> <span class='ocrx_word' id='word_1_587' title='bbox 597 4125 745 4196; x_wconf 86' lang='lat' dir='ltr'><strong>desperare</strong></span> <span class='ocrx_word' id='word_1_588' title='bbox 755 4129 922 4198; x_wconf 89' lang='lat' dir='ltr'><strong>coepissent,</strong></span> <span class='ocrx_word' id='word_1_589' title='bbox 976 4132 1264 4202; x_wconf 70' lang='lat' dir='ltr'><strong>scitnnttnnciataque</strong></span> <span class='ocrx_word' id='word_1_590' title='bbox 1275 4125 1627 4186; x_wconf 82' lang='lat' dir='ltr'><strong>deiectionehhodritorum</strong></span> <span class='ocrx_word' id='word_1_591' title='bbox 1637 4133 1666 4183; x_wconf 86' lang='lat' dir='ltr'><strong>ct</strong></span> <span class='ocrx_word' id='word_1_592' title='bbox 1677 4124 1764 4182; x_wconf 80' lang='lat' dir='ltr'><strong>Sdat·</strong></span> 
     </span>
     <span class='ocr_line' id='line_1_45' title="bbox 131 4213 1764 4293; baseline 0.002 -24"><span class='ocrx_word' id='word_1_593' title='bbox 131 4216 237 4270; x_wconf 88' lang='lat' dir='ltr'><strong>remissi</strong></span> <span class='ocrx_word' id='word_1_594' title='bbox 252 4224 324 4269; x_wconf 89' lang='lat' dir='ltr'><strong>snnt.</strong></span> <span class='ocrx_word' id='word_1_595' title='bbox 339 4214 401 4270; x_wconf 80' lang='lat' dir='ltr'><strong>Filii</strong></span> <span class='ocrx_word' id='word_1_596' title='bbox 412 4230 519 4286; x_wconf 89' lang='lat' dir='ltr'><strong>quoque</strong></span> <span class='ocrx_word' id='word_1_597' title='bbox 534 4215 674 4273; x_wconf 85' lang='lat' dir='ltr'><strong>Godniridi</strong></span> <span class='ocrx_word' id='word_1_598' title='bbox 689 4219 760 4290; x_wconf 90' lang='lat' dir='ltr'><strong>regis</strong></span> <span class='ocrx_word' id='word_1_599' title='bbox 775 4219 922 4287; x_wconf 86' lang='lat' dir='ltr'><strong>banorum,</strong></span> <span class='ocrx_word' id='word_1_600' title='bbox 977 4224 1055 4290; x_wconf 88' lang='lat' dir='ltr'><strong>miri,</strong></span> <span class='ocrx_word' id='word_1_601' title='bbox 1068 4222 1212 4279; x_wconf 89' lang='lat' dir='ltr'><strong>comitibus</strong></span> <span class='ocrx_word' id='word_1_602' title='bbox 1225 4228 1329 4275; x_wconf 69' lang='lat' dir='ltr'><strong>motum</strong></span> <span class='ocrx_word' id='word_1_603' title='bbox 1343 4218 1390 4293; x_wconf 88' lang='lat' dir='ltr'><strong>qui</strong></span> <span class='ocrx_word' id='word_1_604' title='bbox 1403 4218 1473 4273; x_wconf 88' lang='lat' dir='ltr'><strong>iusta</strong></span> <span class='ocrx_word' id='word_1_605' title='bbox 1486 4215 1576 4272; x_wconf 80' lang='lat' dir='ltr'><strong>suin</strong></span> <span class='ocrx_word' id='word_1_606' title='bbox 1593 4216 1622 4271; x_wconf 94' lang='lat' dir='ltr'><strong>in</strong></span> <span class='ocrx_word' id='word_1_607' title='bbox 1634 4213 1764 4289; x_wconf 78' lang='lat' dir='ltr'><strong>praesidio</strong></span> 
     </span>
     <span class='ocr_line' id='line_1_46' title="bbox 130 4304 1764 4381; baseline 0.006 -22"><span class='ocrx_word' id='word_1_608' title='bbox 130 4313 240 4379; x_wconf 87' lang='lat' dir='ltr'><strong>propter</strong></span> <span class='ocrx_word' id='word_1_609' title='bbox 254 4304 390 4359; x_wconf 89' lang='lat' dir='ltr'><strong>assiduam</strong></span> <span class='ocrx_word' id='word_1_610' title='bbox 417 4305 536 4361; x_wconf 87' lang='lat' dir='ltr'><strong>llerioldi</strong></span> <span class='ocrx_word' id='word_1_611' title='bbox 558 4306 759 4363; x_wconf 80' lang='lat' dir='ltr'><strong>infestationem</strong></span> <span class='ocrx_word' id='word_1_612' title='bbox 782 4309 865 4364; x_wconf 88' lang='lat' dir='ltr'><strong>missa</strong></span> <span class='ocrx_word' id='word_1_613' title='bbox 889 4311 924 4365; x_wconf 91' lang='lat' dir='ltr'><strong>ad</strong></span> <span class='ocrx_word' id='word_1_614' title='bbox 977 4318 1097 4373; x_wconf 73' lang='lat' dir='ltr'><strong>residere</strong></span> <span class='ocrx_word' id='word_1_615' title='bbox 1117 4317 1250 4381; x_wconf 82' lang='lat' dir='ltr'><strong>solebant,</strong></span> <span class='ocrx_word' id='word_1_616' title='bbox 1266 4322 1297 4370; x_wconf 93' lang='lat' dir='ltr'><strong>nt</strong></span> <span class='ocrx_word' id='word_1_617' title='bbox 1316 4313 1446 4369; x_wconf 88' lang='lat' dir='ltr'><strong>terminos</strong></span> <span class='ocrx_word' id='word_1_618' title='bbox 1460 4311 1512 4367; x_wconf 89' lang='lat' dir='ltr'><strong>sihi</strong></span> <span class='ocrx_word' id='word_1_619' title='bbox 1529 4311 1693 4367; x_wconf 81' lang='lat' dir='ltr'><strong>commissos</strong></span> <span class='ocrx_word' id='word_1_620' title='bbox 1711 4317 1764 4365; x_wconf 73' lang='lat' dir='ltr'><strong>tue·</strong></span> 
     </span>
     <span class='ocr_line' id='line_1_47' title="bbox 131 4395 1764 4476; baseline 0 -25"><span class='ocrx_word' id='word_1_621' title='bbox 131 4397 324 4466; x_wconf 90' lang='lat' dir='ltr'><strong>imperatorem</strong></span> <span class='ocrx_word' id='word_1_622' title='bbox 337 4396 481 4467; x_wconf 87' lang='lat' dir='ltr'><strong>legatione,</strong></span> <span class='ocrx_word' id='word_1_623' title='bbox 503 4413 598 4469; x_wconf 89' lang='lat' dir='ltr'><strong>paccm</strong></span> <span class='ocrx_word' id='word_1_624' title='bbox 612 4408 720 4470; x_wconf 88' lang='lat' dir='ltr'><strong>petunt,</strong></span> <span class='ocrx_word' id='word_1_625' title='bbox 735 4415 850 4475; x_wconf 85' lang='lat' dir='ltr'><strong>eamque</strong></span> <span class='ocrx_word' id='word_1_626' title='bbox 863 4418 879 4458; x_wconf 91' lang='lat' dir='ltr'><strong>a</strong></span> <span class='ocrx_word' id='word_1_627' title='bbox 894 4420 924 4460; x_wconf 90' lang='lat' dir='ltr'><strong>se</strong></span> <span class='ocrx_word' id='word_1_628' title='bbox 976 4415 1080 4472; x_wconf 88' lang='lat' dir='ltr'><strong>rentur,</strong></span> <span class='ocrx_word' id='word_1_629' title='bbox 1105 4420 1154 4475; x_wconf 93' lang='lat' dir='ltr'><strong>per</strong></span> <span class='ocrx_word' id='word_1_630' title='bbox 1174 4404 1293 4476; x_wconf 87' lang='lat' dir='ltr'><strong>legatum</strong></span> <span class='ocrx_word' id='word_1_631' title='bbox 1317 4401 1465 4458; x_wconf 85' lang='lat' dir='ltr'><strong>mandavit.</strong></span> <span class='ocrx_word' id='word_1_632' title='bbox 1491 4397 1581 4455; x_wconf 86' lang='lat' dir='ltr'><strong>Causa</strong></span> <span class='ocrx_word' id='word_1_633' title='bbox 1607 4395 1764 4455; x_wconf 80' lang='lat' dir='ltr'><strong>delectionis</strong></span> 
     </span>
     <span class='ocr_line' id='line_1_48' title="bbox 129 4485 1765 4567; baseline 0.001 -26"><span class='ocrx_word' id='word_1_634' title='bbox 129 4485 291 4542; x_wconf 86' lang='lat' dir='ltr'><strong>servandam</strong></span> <span class='ocrx_word' id='word_1_635' title='bbox 301 4487 477 4558; x_wconf 85' lang='lat' dir='ltr'><strong>pollicentur:</strong></span> <span class='ocrx_word' id='word_1_636' title='bbox 491 4489 539 4544; x_wconf 90' lang='lat' dir='ltr'><strong>sed</strong></span> <span class='ocrx_word' id='word_1_637' title='bbox 549 4504 610 4544; x_wconf 89' lang='lat' dir='ltr'><strong>cnm</strong></span> <span class='ocrx_word' id='word_1_638' title='bbox 621 4491 688 4547; x_wconf 87' lang='lat' dir='ltr'><strong>haee</strong></span> <span class='ocrx_word' id='word_1_639' title='bbox 701 4491 827 4547; x_wconf 87' lang='lat' dir='ltr'><strong>simulata</strong></span> <span class='ocrx_word' id='word_1_640' title='bbox 838 4496 924 4566; x_wconf 89' lang='lat' dir='ltr'><strong>magis</strong></span> <span class='ocrx_word' id='word_1_641' title='bbox 974 4505 1045 4561; x_wconf 88' lang='lat' dir='ltr'><strong>crat,</strong></span> <span class='ocrx_word' id='word_1_642' title='bbox 1059 4496 1131 4567; x_wconf 90' lang='lat' dir='ltr'><strong>quod</strong></span> <span class='ocrx_word' id='word_1_643' title='bbox 1145 4497 1248 4566; x_wconf 89' lang='lat' dir='ltr'><strong>regiam</strong></span> <span class='ocrx_word' id='word_1_644' title='bbox 1261 4500 1433 4565; x_wconf 89' lang='lat' dir='ltr'><strong>potestatem,</strong></span> <span class='ocrx_word' id='word_1_645' title='bbox 1447 4505 1530 4561; x_wconf 88' lang='lat' dir='ltr'><strong>qnam</strong></span> <span class='ocrx_word' id='word_1_646' title='bbox 1546 4489 1684 4547; x_wconf 89' lang='lat' dir='ltr'><strong>Sclaomir</strong></span> <span class='ocrx_word' id='word_1_647' title='bbox 1695 4497 1765 4546; x_wconf 86' lang='lat' dir='ltr'><strong>eate-</strong></span> 
     </span>
     <span class='ocr_line' id='line_1_49' title="bbox 130 4578 1763 4659; baseline 0.004 -28"><span class='ocrx_word' id='word_1_648' title='bbox 130 4593 212 4648; x_wconf 83' lang='lat' dir='ltr'><strong>qnam</strong></span> <span class='ocrx_word' id='word_1_649' title='bbox 223 4578 331 4634; x_wconf 87' lang='lat' dir='ltr'><strong>veracia</strong></span> <span class='ocrx_word' id='word_1_650' title='bbox 344 4578 511 4645; x_wconf 89' lang='lat' dir='ltr'><strong>viderentur,</strong></span> <span class='ocrx_word' id='word_1_651' title='bbox 525 4580 598 4635; x_wconf 89' lang='lat' dir='ltr'><strong>velut</strong></span> <span class='ocrx_word' id='word_1_652' title='bbox 612 4581 703 4636; x_wconf 88' lang='lat' dir='ltr'><strong>inania</strong></span> <span class='ocrx_word' id='word_1_653' title='bbox 718 4581 838 4653; x_wconf 89' lang='lat' dir='ltr'><strong>neglecta</strong></span> <span class='ocrx_word' id='word_1_654' title='bbox 848 4594 922 4652; x_wconf 88' lang='lat' dir='ltr'><strong>sunt,</strong></span> <span class='ocrx_word' id='word_1_655' title='bbox 974 4604 1025 4644; x_wconf 89' lang='lat' dir='ltr'><strong>nns</strong></span> <span class='ocrx_word' id='word_1_656' title='bbox 1037 4596 1099 4659; x_wconf 88' lang='lat' dir='ltr'><strong>post</strong></span> <span class='ocrx_word' id='word_1_657' title='bbox 1118 4594 1233 4642; x_wconf 90' lang='lat' dir='ltr'><strong>mortem</strong></span> <span class='ocrx_word' id='word_1_658' title='bbox 1254 4584 1419 4641; x_wconf 75' lang='lat' dir='ltr'><strong>&#39;thrasconis</strong></span> <span class='ocrx_word' id='word_1_659' title='bbox 1433 4583 1507 4639; x_wconf 89' lang='lat' dir='ltr'><strong>solus</strong></span> <span class='ocrx_word' id='word_1_660' title='bbox 1527 4596 1612 4652; x_wconf 90' lang='lat' dir='ltr'><strong>super</strong></span> <span class='ocrx_word' id='word_1_661' title='bbox 1623 4580 1763 4638; x_wconf 78' lang='lat' dir='ltr'><strong>abodritos</strong></span> 
     </span>
     <span class='ocr_line' id='line_1_50' title="bbox 129 4671 1764 4746; baseline 0 -19"><span class='ocrx_word' id='word_1_662' title='bbox 129 4681 159 4727; x_wconf 92' lang='lat' dir='ltr'><strong>et</strong></span> <span class='ocrx_word' id='word_1_663' title='bbox 169 4671 298 4728; x_wconf 82' lang='lat' dir='ltr'><strong>auxilium</strong></span> <span class='ocrx_word' id='word_1_664' title='bbox 311 4682 408 4728; x_wconf 86' lang='lat' dir='ltr'><strong>eontra</strong></span> <span class='ocrx_word' id='word_1_665' title='bbox 422 4689 471 4729; x_wconf 90' lang='lat' dir='ltr'><strong>eos</strong></span> <span class='ocrx_word' id='word_1_666' title='bbox 485 4673 613 4731; x_wconf 87' lang='lat' dir='ltr'><strong>llicrnldo</strong></span> <span class='ocrx_word' id='word_1_667' title='bbox 627 4674 731 4729; x_wconf 89' lang='lat' dir='ltr'><strong>datum.</strong></span> <span class='ocrx_word' id='word_1_668' title='bbox 747 4675 823 4729; x_wconf 87' lang='lat' dir='ltr'><strong>Luna</strong></span> <span class='ocrx_word' id='word_1_669' title='bbox 838 4674 922 4733; x_wconf 79' lang='lat' dir='ltr'><strong>Nnrris</strong></span> <span class='ocrx_word' id='word_1_670' title='bbox 973 4680 1091 4743; x_wconf 72' lang='lat' dir='ltr'><strong>seriel-at,</strong></span> <span class='ocrx_word' id='word_1_671' title='bbox 1106 4691 1167 4731; x_wconf 89' lang='lat' dir='ltr'><strong>cum</strong></span> <span class='ocrx_word' id='word_1_672' title='bbox 1180 4675 1319 4746; x_wconf 88' lang='lat' dir='ltr'><strong>Ceadragn</strong></span> <span class='ocrx_word' id='word_1_673' title='bbox 1332 4674 1388 4729; x_wconf 86' lang='lat' dir='ltr'><strong>lilio</strong></span> <span class='ocrx_word' id='word_1_674' title='bbox 1398 4673 1564 4731; x_wconf 81' lang='lat' dir='ltr'><strong>Thrascouis</strong></span> <span class='ocrx_word' id='word_1_675' title='bbox 1579 4672 1678 4743; x_wconf 87' lang='lat' dir='ltr'><strong>partiri</strong></span> <span class='ocrx_word' id='word_1_676' title='bbox 1691 4672 1764 4728; x_wconf 78' lang='lat' dir='ltr'><strong>inhe-</strong></span> 
     </span>
     <span class='ocr_line' id='line_1_51' title="bbox 130 4761 1765 4838; baseline 0 -18"><span class='ocrx_word' id='word_1_677' title='bbox 130 4761 212 4821; x_wconf 83' lang='lat' dir='ltr'><strong>Fobr.</strong></span> <span class='ocrx_word' id='word_1_678' title='bbox 234 4763 301 4817; x_wconf 90' lang='lat' dir='ltr'><strong>hora</strong></span> <span class='ocrx_word' id='word_1_679' title='bbox 316 4764 404 4818; x_wconf 91' lang='lat' dir='ltr'><strong>noctis</strong></span> <span class='ocrx_word' id='word_1_680' title='bbox 426 4764 544 4820; x_wconf 72' lang='lat' dir='ltr'><strong>mcunda</strong></span> <span class='ocrx_word' id='word_1_681' title='bbox 562 4763 676 4829; x_wconf 84' lang='lat' dir='ltr'><strong>deiecit,</strong></span> <span class='ocrx_word' id='word_1_682' title='bbox 703 4772 730 4820; x_wconf 91' lang='lat' dir='ltr'><strong>et</strong></span> <span class='ocrx_word' id='word_1_683' title='bbox 755 4773 874 4822; x_wconf 86' lang='lat' dir='ltr'><strong>cometes</strong></span> <span class='ocrx_word' id='word_1_684' title='bbox 893 4768 921 4823; x_wconf 92' lang='lat' dir='ltr'><strong>in</strong></span> <span class='ocrx_word' id='word_1_685' title='bbox 972 4771 1067 4834; x_wconf 88' lang='lat' dir='ltr'><strong>batur;</strong></span> <span class='ocrx_word' id='word_1_686' title='bbox 1090 4783 1160 4838; x_wconf 80' lang='lat' dir='ltr'><strong>qrrae</strong></span> <span class='ocrx_word' id='word_1_687' title='bbox 1172 4783 1217 4822; x_wconf 92' lang='lat' dir='ltr'><strong>res</strong></span> <span class='ocrx_word' id='word_1_688' title='bbox 1229 4766 1304 4821; x_wconf 90' lang='lat' dir='ltr'><strong>illurn</strong></span> <span class='ocrx_word' id='word_1_689' title='bbox 1325 4775 1379 4821; x_wconf 70' lang='lat' dir='ltr'><strong>um</strong></span> <span class='ocrx_word' id='word_1_690' title='bbox 1398 4765 1517 4837; x_wconf 85' lang='lat' dir='ltr'><strong>graviter</strong></span> <span class='ocrx_word' id='word_1_691' title='bbox 1531 4766 1721 4831; x_wconf 76' lang='lat' dir='ltr'><strong>exacerbavit,</strong></span> <span class='ocrx_word' id='word_1_692' title='bbox 1738 4772 1765 4821; x_wconf 90' lang='lat' dir='ltr'><strong>ot</strong></span> 
     </span>
     <span class='ocr_line' id='line_1_52' title="bbox 750 4856 1159 4917; baseline 0.002 -5"><span class='ocrx_word' id='word_1_693' title='bbox 750 4856 1159 4917; x_wconf 76' lang='lat' dir='ltr'><strong>tantantustucttonus.</strong></span> 
     </span>
    </p>
   </div>
   <div class='ocr_carea' id='block_1_5' title="bbox 169 4941 1766 5071">
    <p class='ocr_par' dir='ltr' id='par_1_5' title="bbox 169 4941 1766 5071">
     <span class='ocr_line' id='line_1_53' title="bbox 169 4941 1766 5071; baseline -0.001 -70"><span class='ocrx_word' id='word_1_694' title='bbox 169 4943 260 5001; x_wconf 71' lang='grc' dir='ltr'><strong>Ι9111.</strong></span> <span class='ocrx_word' id='word_1_695' title='bbox 278 4941 331 4998; x_wconf 76' lang='lat' dir='ltr'><strong>sal.</strong></span> <span class='ocrx_word' id='word_1_696' title='bbox 349 4942 735 5001; x_wconf 65' lang='lat' dir='ltr'><strong>taruanninsae.</strong></span> <span class='ocrx_word' id='word_1_697' title='bbox 773 4946 921 5004; x_wconf 80' lang='lat' dir='ltr'><strong>&#39;ascctdo</strong></span> <span class='ocrx_word' id='word_1_698' title='bbox 933 4949 1061 5021; x_wconf 88' lang='lat' dir='ltr'><strong>migravit</strong></span> <span class='ocrx_word' id='word_1_699' title='bbox 1073 4946 1158 5018; x_wconf 76' lang='lat' dir='ltr'><strong>hono.</strong></span> <span class='ocrx_word' id='word_1_700' title='bbox 1198 4946 1308 5018; x_wconf 83' lang='lat' dir='ltr'><strong>¹potuit</strong></span> <span class='ocrx_word' id='word_1_701' title='bbox 1322 4945 1348 5001; x_wconf 83' lang='lat'><strong>9.</strong></span> <span class='ocrx_word' id='word_1_702' title='bbox 1387 4943 1766 5071; x_wconf 69' lang='lat' dir='ltr'><strong>¹oppiparel.l.liti.opi·</strong></span> 
     </span>
    </p>
   </div>
   <div class='ocr_carea' id='block_1_6' title="bbox 130 5012 1773 5583">
    <p class='ocr_par' dir='ltr' id='par_1_6' title="bbox 130 5012 1773 5583">
     <span class='ocr_line' id='line_1_54' title="bbox 130 5012 1766 5091; baseline -0.002 -19"><span class='ocrx_word' id='word_1_703' title='bbox 130 5032 197 5091; x_wconf 85' lang='lat' dir='ltr'><strong>pare</strong></span> <span class='ocrx_word' id='word_1_704' title='bbox 210 5015 238 5070; x_wconf 71' lang='grc'><strong>9.</strong></span> <span class='ocrx_word' id='word_1_705' title='bbox 254 5012 305 5084; x_wconf 75' lang='lat'><strong>(3.)</strong></span> <span class='ocrx_word' id='word_1_706' title='bbox 321 5012 423 5068; x_wconf 67' lang='lat' dir='ltr'><strong>aba</strong></span> <span class='ocrx_word' id='word_1_707' title='bbox 438 5013 568 5085; x_wconf 90' lang='lat' dir='ltr'><strong>oppidare</strong></span> <span class='ocrx_word' id='word_1_708' title='bbox 580 5014 607 5069; x_wconf 84' lang='lat'><strong>5.</strong></span> <span class='ocrx_word' id='word_1_709' title='bbox 623 5015 649 5070; x_wconf 83' lang='lat' dir='ltr'><strong>a.</strong></span> <span class='ocrx_word' id='word_1_710' title='bbox 663 5016 752 5085; x_wconf 90' lang='lat' dir='ltr'><strong>opime</strong></span> <span class='ocrx_word' id='word_1_711' title='bbox 766 5015 794 5071; x_wconf 88' lang='grc'><strong>9.</strong></span> <span class='ocrx_word' id='word_1_712' title='bbox 840 5018 1013 5075; x_wconf 85' lang='lat' dir='ltr'><strong>¹fortissimo</strong></span> <span class='ocrx_word' id='word_1_713' title='bbox 1027 5018 1054 5073; x_wconf 90' lang='grc'><strong>9.</strong></span> <span class='ocrx_word' id='word_1_714' title='bbox 1118 5018 1178 5073; x_wconf 86' lang='lat' dir='ltr'><strong>¹ibi</strong></span> <span class='ocrx_word' id='word_1_715' title='bbox 1198 5024 1429 5073; x_wconf 69' lang='lat' dir='ltr'><strong>annumeraretur</strong></span> <span class='ocrx_word' id='word_1_716' title='bbox 1487 5013 1514 5069; x_wconf 81' lang='lat' dir='ltr'><strong>l.</strong></span> <span class='ocrx_word' id='word_1_717' title='bbox 1532 5014 1559 5070; x_wconf 78' lang='grc'><strong>5.</strong></span> <span class='ocrx_word' id='word_1_718' title='bbox 1573 5014 1602 5070; x_wconf 85' lang='grc'><strong>6.</strong></span> <span class='ocrx_word' id='word_1_719' title='bbox 1615 5014 1643 5071; x_wconf 91' lang='grc'><strong>9.</strong></span> <span class='ocrx_word' id='word_1_720' title='bbox 1660 5015 1766 5072; x_wconf 79' lang='lat' dir='ltr'><strong>ibicum</strong></span> 
     </span>
     <span class='ocr_line' id='line_1_55' title="bbox 133 5080 1767 5144; baseline -0.001 -1"><span class='ocrx_word' id='word_1_721' title='bbox 133 5084 291 5144; x_wconf 71' lang='lat' dir='ltr'><strong>ntoratnrh.</strong></span> <span class='ocrx_word' id='word_1_722' title='bbox 306 5080 590 5139; x_wconf 74' lang='lat' dir='ltr'><strong>libibiconmoratus</strong></span> <span class='ocrx_word' id='word_1_723' title='bbox 605 5085 630 5139; x_wconf 89' lang='lat' dir='ltr'><strong>l.</strong></span> <span class='ocrx_word' id='word_1_724' title='bbox 645 5085 671 5139; x_wconf 84' lang='grc'><strong>7.</strong></span> <span class='ocrx_word' id='word_1_725' title='bbox 686 5085 729 5141; x_wconf 86' lang='lat' dir='ltr'><strong>tu.</strong></span> <span class='ocrx_word' id='word_1_726' title='bbox 741 5085 763 5138; x_wconf 84' lang='lat' dir='ltr'><strong>b</strong></span> <span class='ocrx_word' id='word_1_727' title='bbox 776 5085 803 5143; x_wconf 83' lang='lat' dir='ltr'><strong>t.</strong></span> <span class='ocrx_word' id='word_1_728' title='bbox 840 5089 850 5121; x_wconf 90' lang='lat'>¹</span> <span class='ocrx_word' id='word_1_729' title='bbox 866 5087 1121 5144; x_wconf 73' lang='lat' dir='ltr'><strong>aldiranananba.</strong></span> <span class='ocrx_word' id='word_1_730' title='bbox 1135 5087 1328 5143; x_wconf 87' lang='lat' dir='ltr'><strong>abdirachnran</strong></span> <span class='ocrx_word' id='word_1_731' title='bbox 1341 5086 1368 5141; x_wconf 89' lang='grc'><strong>9.</strong></span> <span class='ocrx_word' id='word_1_732' title='bbox 1406 5084 1685 5141; x_wconf 57' lang='lat' dir='ltr'><strong>&#39;abdirahamanllh</strong></span> <span class='ocrx_word' id='word_1_733' title='bbox 1697 5084 1767 5141; x_wconf 82' lang='lat' dir='ltr'><strong>abdi·</strong></span> 
     </span>
     <span class='ocr_line' id='line_1_56' title="bbox 133 5152 1765 5214; baseline -0.003 0"><span class='ocrx_word' id='word_1_734' title='bbox 133 5154 315 5214; x_wconf 84' lang='lat' dir='ltr'><strong>racmanBii.</strong></span> <span class='ocrx_word' id='word_1_735' title='bbox 362 5154 588 5209; x_wconf 81' lang='lat' dir='ltr'><strong>&#39;eialruaticorum</strong></span> <span class='ocrx_word' id='word_1_736' title='bbox 599 5154 703 5211; x_wconf 69' lang='lat' dir='ltr'><strong>aba.</strong></span> <span class='ocrx_word' id='word_1_737' title='bbox 717 5156 1020 5214; x_wconf 81' lang='lat' dir='ltr'><strong>dalmantinovumlld.</strong></span> <span class='ocrx_word' id='word_1_738' title='bbox 1036 5159 1240 5214; x_wconf 84' lang='lat' dir='ltr'><strong>dalmaticorum</strong></span> <span class='ocrx_word' id='word_1_739' title='bbox 1259 5157 1286 5210; x_wconf 81' lang='lat' dir='ltr'><strong>t.</strong></span> <span class='ocrx_word' id='word_1_740' title='bbox 1303 5155 1482 5211; x_wconf 88' lang='lat' dir='ltr'><strong>dalmatarum</strong></span> <span class='ocrx_word' id='word_1_741' title='bbox 1496 5155 1523 5211; x_wconf 90' lang='grc'><strong>9.</strong></span> <span class='ocrx_word' id='word_1_742' title='bbox 1562 5152 1765 5211; x_wconf 77' lang='lat' dir='ltr'><strong>¹·catotaasa</strong></span> 
     </span>
     <span class='ocr_line' id='line_1_57' title="bbox 131 5223 1768 5295; baseline -0.002 -12"><span class='ocrx_word' id='word_1_743' title='bbox 131 5227 328 5283; x_wconf 81' lang='lat' dir='ltr'><strong>cadolachusi.</strong></span> <span class='ocrx_word' id='word_1_744' title='bbox 336 5224 464 5281; x_wconf 89' lang='lat' dir='ltr'><strong>cadolach</strong></span> <span class='ocrx_word' id='word_1_745' title='bbox 476 5223 503 5277; x_wconf 94' lang='grc'><strong>9.</strong></span> <span class='ocrx_word' id='word_1_746' title='bbox 518 5224 704 5280; x_wconf 73' lang='lat' dir='ltr'><strong>cadolonili.</strong></span> <span class='ocrx_word' id='word_1_747' title='bbox 742 5226 763 5257; x_wconf 90' lang='lat'><strong>¹¹</strong></span> <span class='ocrx_word' id='word_1_748' title='bbox 777 5241 838 5282; x_wconf 86' lang='lat' dir='ltr'><strong>cvrrn</strong></span> <span class='ocrx_word' id='word_1_749' title='bbox 851 5229 1023 5285; x_wconf 66' lang='lat' dir='ltr'><strong>cadolachdl.</strong></span> <span class='ocrx_word' id='word_1_750' title='bbox 1039 5228 1171 5285; x_wconf 86' lang='lat' dir='ltr'><strong>hadoloae</strong></span> <span class='ocrx_word' id='word_1_751' title='bbox 1185 5227 1212 5281; x_wconf 79' lang='lat'><strong>5.</strong></span> <span class='ocrx_word' id='word_1_752' title='bbox 1228 5225 1356 5283; x_wconf 91' lang='lat' dir='ltr'><strong>cadoloue</strong></span> <span class='ocrx_word' id='word_1_753' title='bbox 1369 5226 1396 5281; x_wconf 83' lang='lat' dir='ltr'><strong>ii.</strong></span> <span class='ocrx_word' id='word_1_754' title='bbox 1411 5223 1616 5281; x_wconf 77' lang='lat' dir='ltr'><strong>cadelanehli.</strong></span> <span class='ocrx_word' id='word_1_755' title='bbox 1654 5226 1678 5257; x_wconf 85' lang='lat'><strong>¹¹</strong></span> <span class='ocrx_word' id='word_1_756' title='bbox 1689 5224 1768 5295; x_wconf 79' lang='lat' dir='ltr'><strong>abga-</strong></span> 
     </span>
     <span class='ocr_line' id='line_1_58' title="bbox 131 5294 1768 5367; baseline 0 -17"><span class='ocrx_word' id='word_1_757' title='bbox 131 5298 189 5352; x_wconf 89' lang='lat' dir='ltr'><strong>rius</strong></span> <span class='ocrx_word' id='word_1_758' title='bbox 203 5296 268 5352; x_wconf 70' lang='lat' dir='ltr'><strong>M.</strong></span> <span class='ocrx_word' id='word_1_759' title='bbox 282 5296 434 5366; x_wconf 82' lang='lat' dir='ltr'><strong>albagarius</strong></span> <span class='ocrx_word' id='word_1_760' title='bbox 446 5294 472 5348; x_wconf 85' lang='lat'><strong>5.</strong></span> <span class='ocrx_word' id='word_1_761' title='bbox 486 5295 512 5348; x_wconf 80' lang='lat'><strong>6.</strong></span> <span class='ocrx_word' id='word_1_762' title='bbox 529 5294 675 5365; x_wconf 86' lang='lat' dir='ltr'><strong>albigarius</strong></span> <span class='ocrx_word' id='word_1_763' title='bbox 688 5296 713 5349; x_wconf 86' lang='grc'><strong>7.</strong></span> <span class='ocrx_word' id='word_1_764' title='bbox 727 5296 754 5351; x_wconf 89' lang='grc'><strong>9.</strong></span> <span class='ocrx_word' id='word_1_765' title='bbox 795 5298 987 5354; x_wconf 81' lang='lat' dir='ltr'><strong>¹³mirocbii.</strong></span> <span class='ocrx_word' id='word_1_766' title='bbox 1025 5294 1411 5367; x_wconf 69' lang='lat' dir='ltr'><strong>¹¹agitatorisl.2.3.l.5.</strong></span> <span class='ocrx_word' id='word_1_767' title='bbox 1430 5294 1636 5350; x_wconf 69' lang='lat' dir='ltr'><strong>atussa.</strong></span> <span class='ocrx_word' id='word_1_768' title='bbox 1668 5295 1696 5351; x_wconf 83' lang='lat'><strong>8.</strong></span> <span class='ocrx_word' id='word_1_769' title='bbox 1726 5308 1768 5350; x_wconf 81' lang='lat' dir='ltr'><strong>ta·</strong></span> 
     </span>
     <span class='ocr_line' id='line_1_59' title="bbox 131 5362 1767 5466; baseline -0.001 -47"><span class='ocrx_word' id='word_1_770' title='bbox 131 5364 555 5466; x_wconf 77' lang='lat' dir='ltr'><strong>gitator·isaecandnmnna5.sa</strong></span> <span class='ocrx_word' id='word_1_771' title='bbox 576 5364 739 5419; x_wconf 64' lang='lat' dir='ltr'><strong>ittariiib.</strong></span> <span class='ocrx_word' id='word_1_772' title='bbox 779 5366 801 5398; x_wconf 88' lang='lat'><strong>¹¹</strong></span> <span class='ocrx_word' id='word_1_773' title='bbox 816 5367 1035 5437; x_wconf 77' lang='lat' dir='ltr'><strong>inpactuml.2.</strong></span> <span class='ocrx_word' id='word_1_774' title='bbox 1049 5369 1076 5424; x_wconf 80' lang='lat'><strong>3.</strong></span> <span class='ocrx_word' id='word_1_775' title='bbox 1092 5370 1118 5422; x_wconf 85' lang='lat'><strong>7.</strong></span> <span class='ocrx_word' id='word_1_776' title='bbox 1131 5368 1159 5422; x_wconf 94' lang='grc'><strong>9.</strong></span> <span class='ocrx_word' id='word_1_777' title='bbox 1171 5366 1288 5422; x_wconf 71' lang='lat' dir='ltr'><strong>ibba.</strong></span> <span class='ocrx_word' id='word_1_778' title='bbox 1302 5366 1328 5419; x_wconf 81' lang='grc'><strong>9.</strong></span> <span class='ocrx_word' id='word_1_779' title='bbox 1344 5366 1499 5436; x_wconf 89' lang='lat' dir='ltr'><strong>impositum</strong></span> <span class='ocrx_word' id='word_1_780' title='bbox 1510 5365 1647 5446; x_wconf 80' lang='lat' dir='ltr'><strong>intimavit</strong></span> <span class='ocrx_word' id='word_1_781' title='bbox 1677 5404 1687 5419; x_wconf 88' lang='lat'><strong>.</strong></span> <span class='ocrx_word' id='word_1_782' title='bbox 1719 5362 1767 5419; x_wconf 72' lang='lat' dir='ltr'><strong>.d.</strong></span> 
     </span>
     <span class='ocr_line' id='line_1_60' title="bbox 145 5432 1768 5507; baseline 0.002 -19"><span class='ocrx_word' id='word_1_783' title='bbox 145 5433 386 5491; x_wconf 78' lang='lat' dir='ltr'><strong>&#39;etdrmarcllii</strong></span> <span class='ocrx_word' id='word_1_784' title='bbox 434 5436 454 5468; x_wconf 92' lang='lat'><strong>¹¹</strong></span> <span class='ocrx_word' id='word_1_785' title='bbox 471 5445 535 5491; x_wconf 89' lang='lat' dir='ltr'><strong>tunc</strong></span> <span class='ocrx_word' id='word_1_786' title='bbox 565 5444 616 5489; x_wconf 78' lang='lat' dir='ltr'><strong>cest</strong></span> <span class='ocrx_word' id='word_1_787' title='bbox 634 5435 661 5490; x_wconf 90' lang='grc'><strong>9.</strong></span> <span class='ocrx_word' id='word_1_788' title='bbox 711 5435 914 5507; x_wconf 82' lang='lat' dir='ltr'><strong>¹¹depressit9.</strong></span> <span class='ocrx_word' id='word_1_789' title='bbox 960 5437 981 5468; x_wconf 78' lang='lat'>¹⁹</span> <span class='ocrx_word' id='word_1_790' title='bbox 994 5438 1044 5505; x_wconf 87' lang='lat' dir='ltr'><strong>Qui</strong></span> <span class='ocrx_word' id='word_1_791' title='bbox 1058 5453 1120 5493; x_wconf 92' lang='lat' dir='ltr'><strong>eum</strong></span> <span class='ocrx_word' id='word_1_792' title='bbox 1136 5438 1255 5492; x_wconf 86' lang='lat' dir='ltr'><strong>casusi.</strong></span> <span class='ocrx_word' id='word_1_793' title='bbox 1293 5436 1435 5490; x_wconf 81' lang='lat' dir='ltr'><strong>¹¹aliutl.</strong></span> <span class='ocrx_word' id='word_1_794' title='bbox 1453 5434 1647 5506; x_wconf 81' lang='lat' dir='ltr'><strong>relipmalind.</strong></span> <span class='ocrx_word' id='word_1_795' title='bbox 1686 5432 1768 5490; x_wconf 77' lang='lat' dir='ltr'><strong>”ted</strong></span> 
     </span>
     <span class='ocr_line' id='line_1_61' title="bbox 130 5503 1773 5583; baseline 0.003 -27"><span class='ocrx_word' id='word_1_796' title='bbox 130 5517 213 5583; x_wconf 85' lang='lat' dir='ltr'><strong>opera</strong></span> <span class='ocrx_word' id='word_1_797' title='bbox 233 5520 270 5558; x_wconf 87' lang='lat' dir='ltr'><strong>nr.</strong></span> <span class='ocrx_word' id='word_1_798' title='bbox 285 5507 312 5559; x_wconf 90' lang='grc'><strong>9.</strong></span> <span class='ocrx_word' id='word_1_799' title='bbox 349 5507 452 5561; x_wconf 87' lang='lat' dir='ltr'><strong>¹¹vero</strong></span> <span class='ocrx_word' id='word_1_800' title='bbox 477 5514 588 5576; x_wconf 89' lang='lat' dir='ltr'><strong>peracto</strong></span> <span class='ocrx_word' id='word_1_801' title='bbox 606 5503 688 5576; x_wconf 74' lang='lat' dir='ltr'><strong>harig.</strong></span> <span class='ocrx_word' id='word_1_802' title='bbox 738 5505 761 5536; x_wconf 87' lang='lat'><strong>¹¹</strong></span> <span class='ocrx_word' id='word_1_803' title='bbox 783 5506 956 5577; x_wconf 86' lang='lat' dir='ltr'><strong>ingilenhaim</strong></span> <span class='ocrx_word' id='word_1_804' title='bbox 975 5505 1096 5560; x_wconf 78' lang='grc'><strong>1995.</strong></span> <span class='ocrx_word' id='word_1_805' title='bbox 1112 5508 1138 5560; x_wconf 87' lang='lat' dir='ltr'><strong>d.</strong></span> <span class='ocrx_word' id='word_1_806' title='bbox 1163 5506 1330 5578; x_wconf 87' lang='lat' dir='ltr'><strong>ingilinheim</strong></span> <span class='ocrx_word' id='word_1_807' title='bbox 1346 5506 1371 5559; x_wconf 85' lang='lat' dir='ltr'><strong>l.</strong></span> <span class='ocrx_word' id='word_1_808' title='bbox 1390 5505 1573 5577; x_wconf 73' lang='lat' dir='ltr'><strong>ingelheirud.</strong></span> <span class='ocrx_word' id='word_1_809' title='bbox 1620 5508 1773 5581; x_wconf 84' lang='lat' dir='ltr'><strong>¹¹mogott·</strong></span> 
     </span>
    </p>
   </div>
   <div class='ocr_carea' id='block_1_7' title="bbox 130 5573 1128 5649">
    <p class='ocr_par' dir='ltr' id='par_1_7' title="bbox 130 5573 1128 5649">
     <span class='ocr_line' id='line_1_62' title="bbox 130 5573 1128 5649; baseline 0.001 -20"><span class='ocrx_word' id='word_1_810' title='bbox 130 5583 238 5629; x_wconf 65' lang='lat' dir='ltr'><strong>macuta</strong></span> <span class='ocrx_word' id='word_1_811' title='bbox 252 5573 276 5628; x_wconf 88' lang='lat' dir='ltr'><strong>l.</strong></span> <span class='ocrx_word' id='word_1_812' title='bbox 290 5574 315 5628; x_wconf 78' lang='lat' dir='ltr'><strong>a.</strong></span> <span class='ocrx_word' id='word_1_813' title='bbox 330 5574 356 5630; x_wconf 80' lang='lat' dir='ltr'><strong>d.</strong></span> <span class='ocrx_word' id='word_1_814' title='bbox 381 5578 546 5649; x_wconf 84' lang='lat' dir='ltr'><strong>magontiam</strong></span> <span class='ocrx_word' id='word_1_815' title='bbox 560 5574 617 5631; x_wconf 82' lang='lat' dir='ltr'><strong>bt.</strong></span> <span class='ocrx_word' id='word_1_816' title='bbox 635 5576 834 5646; x_wconf 86' lang='lat' dir='ltr'><strong>moguntiacum</strong></span> <span class='ocrx_word' id='word_1_817' title='bbox 847 5576 873 5630; x_wconf 93' lang='grc'><strong>9.</strong></span> <span class='ocrx_word' id='word_1_818' title='bbox 890 5579 1087 5649; x_wconf 83' lang='lat' dir='ltr'><strong>magontiacam</strong></span> <span class='ocrx_word' id='word_1_819' title='bbox 1103 5578 1128 5630; x_wconf 85' lang='lat'><strong>7.</strong></span> 
     </span>
    </p>
   </div>
   <div class='ocr_carea' id='block_1_8' title="bbox 0 0 1920 6116">
    <p class='ocr_par' dir='ltr' id='par_1_8' title="bbox 0 0 1920 6116">
     <span class='ocr_line' id='line_1_63' title="bbox 0 0 1920 6116; baseline 0 0"><span class='ocrx_word' id='word_1_820' title='bbox 0 0 1920 6116; x_wconf 95' lang='lat' dir='ltr'><strong> </strong></span> 
     </span>
    </p>
   </div>
  </div>
 </body>
</html>
