3832 6120
132 257 182 316 bil
750 263 935 321 tutbttlttbt
952 255 1100 321 ABBATIS
1711 271 1765 329 ffl

132 378 261 445 castellis,
281 382 470 452 praesidioque
485 381 512 437 in
527 382 566 438 els
586 388 680 438 contm
698 379 857 437 Selaromm
874 382 917 435 in·
932 384 958 443 Λ
969 381 1004 436 ab
1025 380 1080 436 illis
1104 380 1191 449 primo
1205 382 1227 414 '¹
1248 379 1333 437 luisse
1354 382 1519 437 inchoatam.
1538 381 1650 439 Petebat
1667 385 1766 451 etiam,

133 470 274 526 cursiones
287 472 431 540 disposito,
448 472 613 544 aquisgrani
625 470 767 538 hiemavit,
787 470 920 526 natalem-
971 478 1001 526 ut
1014 481 1165 528 conventus
1177 472 1307 527 comitum
1331 473 1540 544 ”imperatoris
1557 483 1640 544 atque
1651 491 1768 533 suorum

133 575 186 633 qne
198 564 206 595 ¹
220 563 325 619 Domini
339 571 366 618 et
380 573 503 622 sanctum
527 566 630 636 pascha
644 566 745 621 ibidem
758 563 919 622 celebrarit.
971 564 1047 619 iuxta
1063 565 1195 620 terminos
1208 565 1285 636 regui
1297 566 1339 620 sui
1353 573 1429 622 trans
1445 565 1534 621 albim
1550 566 1638 633 lieret,
1659 568 1688 623 ia
1709 584 1769 640 quo

132 651 195 725 [bv
206 653 330 708 inmutat.
343 657 407 710 εει*
423 671 528 712 numer.
546 670 643 712 annor.
659 656 688 712 in
703 655 736 709 Α.
748 654 794 709 bl
972 676 1016 717 res
1040 661 1157 716 invicem
1181 669 1274 731 gestae
1288 660 1404 731 proferri
1426 669 1454 717 et
1474 662 1665 718 emendatione
1682 663 1768 733 digna

455 745 591 803 nucum.
972 750 1044 805 inter
1066 757 1159 820 partes
1180 750 1335 805 enumerari
1348 749 1372 782 ¹⁸
1392 750 1556 822 potuissent.
1584 750 1644 806 Non
1669 751 1769 809 abnuit

166 830 266 890 cussis
287 834 322 890 de
347 832 581 906 Constantinopoli
601 834 684 892 otissa
707 837 796 906 primo
813 835 921 891 balma·
971 839 1134 908 imperatum
1166 838 1384 909 colloquiumque
1408 848 1486 895 trans
1509 839 1617 894 Albiam
1639 840 1767 897 habitum

131 923 197 977 tlam
213 922 312 979 deinde
325 922 493 980 veneciam*
507 923 620 994 appulit,
634 939 750 994 eumque
768 924 804 979 ibi
818 923 921 979 blema-
971 942 1033 982 cum
1053 926 1221 997 primoribus
1244 928 1390 994 banorum,
1411 929 1438 982 in
1453 928 1514 983 loco
1525 928 1571 998 qui
1591 928 1692 983 dicitur
1713 928 1769 984 lla-

130 1023 183 1082 ret,
197 1031 263 1088 pars
280 1016 339 1073 eius
353 1016 520 1072 Comiaelum
533 1027 547 1057 ¹
561 1016 679 1071 insulam
698 1015 824 1081 aceessit,
847 1030 922 1071 eom·
971 1018 1082 1074 denlliot
1093 1018 1117 1051 ¹⁸
1129 1017 1157 1086 d,
1179 1018 1325 1089 multisque
1340 1019 1405 1073 binc
1426 1026 1454 1074 et
1468 1018 1532 1074 inde
1549 1019 1666 1088 prolatis
1682 1029 1768 1090 atque

133 1107 377 1179 anissoqneproelio
389 1116 484 1162 eontra
496 1107 662 1177 praesidinm
672 1107 777 1177 qnodin
787 1121 820 1162 ea
831 1106 923 1178 dispe
971 1109 1140 1165 enumeratis
1149 1109 1242 1174 rebus,
1257 1110 1366 1181 negotio
1378 1110 1487 1179 penitus
1500 1108 1600 1165 iniecto
1612 1110 1767 1167 discessum

131 1201 214 1258 situm
227 1208 296 1265 erat,
311 1200 383 1256 vieta
407 1209 489 1270 atque
505 1198 599 1271 iugata
623 1200 770 1256 veneciam
795 1199 920 1255 recessit.
971 1208 1023 1256 cst.
1044 1200 1165 1256 'llrrasco
1178 1198 1202 1231 ¹⁰
1221 1214 1298 1264 nero,
1324 1199 1378 1254 dux
1395 1198 1599 1263 Abodritouun,
1619 1208 1766 1270 postqrmm

131 1291 189 1347 nux
203 1298 293 1346 antean
306 1291 353 1360 qni
367 1290 449 1347 classi
463 1299 598 1360 praeerat,
612 1291 722 1347 nomine
735 1290 847 1358 Paulus,
858 1305 922 1348 cum
972 1292 1058 1347 illium
1076 1306 1154 1348 sunm
1174 1289 1322 1361 postulanti
1337 1289 1488 1346 Godclrido
1505 1290 1628 1345 obsidem
1639 1290 1765 1358 dederat,

131 1382 165 1438 de
174 1395 241 1453 pace
254 1381 326 1437 inter
333 1380 455 1437 Francos
464 1389 493 1438 et
503 1379 623 1438 Graecos
631 1383 832 1450 constituenda,
844 1380 923 1455 quasi
972 1382 1085 1441 collecta
1098 1382 1120 1415 '¹
1135 1380 1304 1453 popularium
1317 1396 1408 1446 manu,
1424 1388 1452 1435 et
1469 1379 1568 1435 auxilio
1581 1395 1598 1435 a
1611 1378 1767 1437 &torribus

131 1474 183 1531 sibl
199 1473 253 1530 boc
279 1480 353 1530 esset
367 1473 531 1540 iniunctum,
553 1473 625 1545 apud
647 1474 791 1547 pippinum
804 1477 815 1509 ¹
829 1476 924 1535 ltaliae
973 1481 1092 1546 accepto,
1108 1472 1213 1529 ricinos
1228 1487 1292 1528 suos
1304 1471 1420 1527 Wiltzos
1436 1471 1598 1542 adgressus,
1617 1485 1701 1541 agros
1719 1484 1767 1526 eo·

132 1581 223 1638 regem
242 1580 322 1637 agere
343 1566 495 1634 moliretur,
515 1566 675 1624 Wilbareno
695 1568 750 1625 ‘et
776 1569 859 1626 beato
873 1568 925 1627 lle-
972 1582 1033 1623 rum
1057 1564 1131 1621 ferro
1151 1572 1180 1620 et
1199 1565 1255 1637 igni
1277 1571 1365 1619 uastat
1390 1564 1413 1594 ¹⁸
1436 1577 1630 1634 regressusque
1654 1563 1766 1619 domurn

133 1661 222 1717 raetiae
238 1658 351 1716 ducibus
371 1674 466 1715 omnes
486 1659 630 1717 inchoatus
654 1660 714 1715 eius
737 1661 748 1692 ¹
772 1660 923 1731 impedien-
973 1655 1271 1728 cumingentipraeda,
1288 1663 1400 1725 accepto
1414 1654 1540 1709 iterumn
1556 1650 1768 1709 Saxonibnsra·

134 1751 215 1815 tibus,
227 1759 310 1820 atque
321 1750 374 1822 ipsi
392 1749 474 1806 etiam
485 1749 599 1805 insidias
607 1750 767 1821 parantibus
779 1751 801 1818 ⁸,
815 1751 923 1823 cognita
936 1739 960 1799 B
974 1749 1063 1805 lidinri
1076 1747 1189 1813 auxilio,
1202 1746 1419 1818 smeldingorum
1433 1748 1579 1801 maximam
1590 1744 1732 1801 deitatem
1741 1744 1766 1775 ¹⁹

134 1842 242 1898 illorum
257 1840 361 1906 iraude,
378 1841 512 1897 discessit.
533 1840 569 1896 aa
582 1841 610 1896 in
623 1840 745 1897 occiduis
765 1842 889 1911 partibus
899 1841 922 1908 '‚

135 1936 250 1989 domnus
263 1932 409 1988 illudoicus
423 1946 471 1986 rex
485 1946 547 1987 cnm
568 1931 691 1986 exercitu
709 1930 867 2001 llispaniam
882 1929 924 1986 in-

134 2040 254 2097 gressus,
262 2024 405 2080 Dertosam
413 2024 455 2065 ¹⁰¹³
471 2025 611 2081 civitatem
625 2024 653 2080 in
665 2022 724 2094 ripa
736 2022 830 2079 iliberi
846 2025 866 2056 ²¹
878 2022 924 2078 llar-

134 2116 216 2172 minis
239 2116 321 2171 sitam
348 2115 475 2181 obsedit,
499 2122 714 2187 consumptoque
731 2115 758 2171 in
785 2116 924 2187 obpugna-

134 2208 208 2264 tione
218 2205 430 2281 [expugnatione
441 2207 474 2261 Α.
493 2206 538 2280 b]
552 2206 623 2263 illius
639 2207 778 2279 aliquanto
791 2217 921 2279 tempore,

131 2308 275 2372 postquam
297 2314 358 2355 eam
376 2307 432 2354 tam
450 2299 505 2356 cito
523 2299 583 2371 oapi
606 2314 659 2355 non
683 2314 765 2371 posse
786 2299 864 2366 uidit,
883 2300 924 2356 di·

972 1848 1119 1914 expngnat,
1141 1849 1225 1911 atque
1248 1839 1292 1894 his
1311 1840 1482 1896 successibus
1505 1853 1601 1895 omnes
1621 1838 1669 1908 qui
1683 1838 1719 1893 ab
1732 1851 1781 1912 co·

972 1933 1136 1996 deiecerant,
1154 1931 1188 1987 ad
1201 1947 1279 1989 suam
1294 1932 1452 1986 societatem
1474 1930 1574 1986 reuerti
1595 1930 1695 2000 coegit.
1717 1928 1769 1984 llis

972 2030 1011 2085 ita
1023 2028 1118 2101 gestis,
1132 2029 1280 2097 imperator
1292 2026 1326 2081 de
1345 2025 1492 2080 Arduenna
1506 2023 1600 2095 Aquas
1619 2037 1767 2089 reuersus,

972 2133 1067 2176 mense
1088 2116 1250 2173 Novembrio
1263 2113 1407 2170 concilium
1423 2115 1519 2169 babuit
1541 2114 1575 2168 de
1589 2113 1768 2182 processione

974 2208 1090 2280 Spiritus
1113 2206 1211 2272 sancti,
1234 2220 1315 2276 quam
1330 2205 1515 2274 quaestionem
1536 2202 1651 2258 loannes
1671 2202 1694 2234 ⁸⁸
1706 2202 1769 2272 qui·

973 2300 1035 2357 dan
1047 2299 1196 2354 monachus
1210 2295 1395 2352 llierosolimis
1406 2295 1495 2365 primo
1510 2293 1656 2350 commonit
1667 2309 1674 2357 ;
1686 2292 1768 2347 cuius

973 2389 1140 2447 definiendae
1148 2387 1430 2446 causaliernbarins⁸¹
1439 2386 1768 2457 episcopusll'ormaeen·

973 2482 1011 2537 sis
1022 2481 1044 2513 ⁸¹
1058 2488 1084 2537 et
1096 2480 1264 2536 Adalbardus
1276 2479 1300 2512 ⁸⁸
1310 2478 1394 2534 abbas
1404 2478 1427 2510 ⁸⁸
1437 2477 1594 2535 monasterii
1604 2475 1769 2533 Corbeiae⁸⁸

132 2390 215 2446 missa
234 2389 385 2455 obsidione,
406 2405 469 2445 cum
490 2388 618 2447 incolomi
641 2391 765 2447 exercitu
787 2389 814 2445 in
836 2390 922 2461 Aqui·

133 2480 234 2535 taniam
248 2495 278 2536 se
290 2481 402 2549 recepit.
418 2480 568 2551 Postquam
575 2480 701 2538 Aldnllns
709 2482 730 2513 ¹¹
741 2498 789 2539 rex
800 2481 924 2538 Nordan-

132 2571 309 2628 bumbrornm
331 2571 354 2605 ¹⁸
380 2573 507 2629 reductus
530 2574 614 2630 estin
635 2589 750 2646 regnum
771 2589 870 2639 suum,
896 2582 924 2628 et
973 2572 1086 2629 Romam
1109 2573 1141 2629 ad
1162 2573 1278 2628 Leonem
1301 2587 1400 2642 papam
1425 2572 1500 2627 missi
1524 2579 1598 2626 sunt.
1625 2569 1768 2641 Agitatum

131 2662 212 2735 legati
224 2663 397 2734 imperatoris
409 2671 492 2735 atque
504 2663 640 2734 pontilicis
652 2666 755 2721 reversi
767 2675 841 2731 sunt,
854 2681 923 2721 unus
973 2674 1015 2724 est
1027 2667 1110 2721 etiam
1125 2667 1153 2721 in
1167 2666 1262 2722 eodem
1276 2665 1392 2721 concilio
1406 2665 1440 2721 de
1458 2670 1531 2720 statu
1546 2662 1726 2719 ecclesiarum
1740 2670 1769 2719 et

132 2771 167 2810 ex
184 2755 237 2822 eis,
254 2754 380 2811 bidulfus
397 2755 663 2812 videlieetdiaeonus
679 2755 796 2828 [llrdull.
813 2756 921 2812 diacon.
972 2756 1177 2812 conversatione
1200 2770 1306 2820 eorum,
1328 2756 1373 2826 qui
1400 2756 1428 2811 in
1453 2756 1493 2811 eis
1523 2754 1578 2809 Deo
1599 2753 1705 2809 servire
1726 2753 1769 2810 di·

131 2845 165 2900 A.
179 2842 235 2917 dal,
257 2860 272 2900 a
287 2845 384 2915 piratis
399 2852 494 2915 eaptus
507 2855 562 2909 est,
587 2844 703 2901 caeteris
721 2845 781 2900 sine
803 2844 924 2914 periculo
973 2853 1146 2910 cantunaco
1167 2843 1268 2914 aliquid
1283 2852 1375 2900 tamen
1389 2844 1531 2899 definitum
1545 2852 1588 2898 est
1600 2850 1715 2914 propter
1729 2857 1771 2898 re·

132 2935 334 3002 traicientibus,
357 2936 508 3006 ductusque
532 2936 566 2990 ab
591 2936 631 2991 eis
649 2935 677 2991 in
704 2934 837 2990 Brittania
850 2934 881 3000 ¹⁸,
906 2952 922 2990 a
972 2950 1045 3001 rum,
1061 2935 1768 3007 utuidebatnr,magnitudinem.imperatorantetu,

131 3026 249 3095 quodam
264 3026 287 3059 ¹⁸
299 3024 420 3083 Coenmd
435 3026 457 3059 ¹⁶
473 3027 544 3098 regis
560 3025 671 3081 bomine
684 3024 840 3096 redemptus
858 3034 921 3093 est,
973 3041 1035 3082 eutn
1048 3027 1073 3082 ei
1087 3026 1173 3081 multa
1186 3027 1219 3083 de
1231 3027 1360 3082 iaetantia
1370 3036 1398 3081 et
1407 3027 1532 3097 snperbia
1545 3026 1617 3099 regis
1628 3026 1783 3083 banonrm·

131 3116 301 3188 Romamque
321 3131 457 3173 reuersus.
475 3118 495 3149 ⁸⁷
517 3116 547 3171 ln
568 3116 667 3172 'inscia
685 3116 861 3185 Populonium
877 3117 899 3150 ²⁸
912 3158 920 3183 ,
935 3090 958 3153 C
974 3117 1176 3182 nuntiarentur,
1188 3117 1284 3172 statuit
1294 3125 1371 3171 trans
1380 3117 1485 3172 atulam
1503 3117 1613 3172 durium
1627 3118 1768 3175 ciuitatem

132 3210 228 3267 civitas
242 3211 389 3275 maritima,
406 3226 420 3265 a
443 3210 554 3267 Graecis
572 3211 619 3280 qui
643 3207 789 3265 Orobiotae
805 3209 851 3249 ”0
875 3226 922 3266 ro·
974 3207 1131 3274 aedificare,
1146 3206 1368 3277 Francornmque
1383 3209 1409 3263 in
1425 3225 1457 3263 ea
1472 3223 1571 3279 ponere
1589 3209 1767 3279 praesidium.

131 3307 230 3355 cantur
251 3299 412 3370 depraedata
433 3309 483 3355 est.
505 3299 590 3354 blouri
607 3312 716 3370 quoque
735 3299 769 3354 de
791 3298 921 3370 llispania
974 3295 1097 3367 Cumque
1113 3296 1148 3351 ad
1164 3297 1216 3352 boe
1228 3311 1278 3366 per
1289 3297 1405 3352 Galliam
1424 3306 1506 3368 atque
1520 3297 1695 3354 Germaniam
1716 3299 1768 3354 bo·

131 3389 271 3447 Corsicam
288 3389 414 3460 ingressi,
434 3390 461 3445 in
481 3390 541 3460 ipso
557 3397 653 3445 saneto
672 3383 792 3460 paschali
807 3391 921 3447 sabbato
975 3390 1064 3445 mines
1089 3397 1281 3462 congregasset
1304 3390 1338 3457 ⁸⁶,
1355 3391 1493 3461 armisque
1516 3392 1676 3447 accaeteris
1689 3391 1712 3423 ⁸¹
1732 3390 1768 3446 ad

131 3482 268 3537 civitatem
285 3479 423 3551 quandum
442 3480 625 3551 diripuerunt,
649 3489 677 3536 et
690 3488 801 3549 praeter
814 3480 920 3550 epism·
974 3495 1054 3535 usum
1068 3481 1230 3536 necessariis
1243 3480 1267 3512 ⁸⁸
1283 3482 1366 3537 rebus
1378 3482 1525 3538 instructos
1539 3497 1588 3551 per
1599 3481 1717 3537 Frisium
1732 3483 1767 3538 ad

131 3589 196 3645 pum
220 3588 253 3628 ac
271 3587 372 3642 paucos
390 3585 469 3628 senes
493 3581 574 3641 atque
602 3570 725 3627 inlirmos
745 3570 813 3626 nibil
840 3571 868 3625 in
888 3586 921 3626 ea
973 3572 1062 3628 lccnm
1081 3573 1245 3629 destinatum
1262 3573 1362 3630 ducere
1376 3574 1510 3639 iussisset,
1533 3573 1654 3628 Thrasea
1673 3572 1696 3604 ”
1711 3572 1767 3627 dux

132 3665 309 3736 reliquerunt.
330 3664 437 3720 interea
457 3659 621 3718 Gadeiridus
645 3677 692 3718 rex
713 3661 851 3717 banomm
872 3677 923 3732 per
972 3663 1165 3719 Abodritorum
1187 3665 1215 3719 ln
1237 3666 1358 3735 emporio
1381 3664 1404 3697 ⁸⁰
1422 3664 1503 3721 lleric
1518 3663 1540 3696 ⁸¹
1556 3667 1591 3720 ab
1611 3664 1769 3720 bominibus

133 3755 317 3828 negotiatores
331 3753 463 3825 quosdam
479 3752 627 3819 mandavit,
647 3766 677 3807 se
698 3750 827 3816 audisse,
848 3751 921 3821 qaod
972 3752 1111 3810 Godolridi
1125 3770 1176 3825 per
1189 3755 1279 3811 dolum
1291 3755 1450 3812 interiectus
1463 3764 1514 3811 est.
1531 3755 1585 3810 Sed
1605 3755 1767 3825 imperator,

132 3848 280 3917 imperator
294 3845 318 3900 ei
334 3844 429 3899 inisset
451 3844 548 3908 iratus,
567 3857 616 3912 pro
630 3840 771 3916 eo[lratus
783 3856 817 3897 eo
829 3840 862 3896 d.
874 3840 920 3914 b]
972 3850 1115 3913 postquam
1129 3843 1206 3899 loeus
1227 3844 1331 3899 ciuitati
1349 3844 1555 3900 constituendae
1575 3843 1597 3876 ⁸¹
1613 3843 1702 3898 iuerat
1719 3859 1768 3899 ex-

132 3938 204 4008 qucd
216 3937 243 3991 in
256 3937 403 3993 abodritos
417 3952 489 3992 anuo
502 3936 644 4007 superiore
659 3935 734 3992 duxit
750 3933 918 3999 exercitum,
972 3932 1104 4003 ploratus,
1113 3933 1260 4004 Egbertum
1274 3933 1428 3991 ”coeuntem
1437 3935 1769 4004 lnrienegntioexsequen·

131 4035 161 4082 et
177 4042 241 4083 suas
257 4026 329 4082 ultus
352 4027 374 4059 ¹⁰
394 4034 437 4082 est
453 4026 575 4091 iniurias,
595 4026 697 4081 addens
715 4024 784 4079 selle
806 4039 835 4079 se
856 4038 921 4094 pur·
974 4024 1197 4096 dopraebciens,
1212 4026 1300 4083 Albim
1320 4028 1436 4082 traicere
1448 4036 1476 4082 et
1489 4026 1577 4082 locum
1592 4026 1671 4080 iussit
1689 4040 1770 4081 occu-

131 4117 579 4189 gareabeoquodeiobiciebatnr;
588 4116 920 4187 foederisinruptionem⁸¹
973 4130 1050 4186 pare.
1058 4116 1107 4173 Est
1115 4126 1205 4174 autem
1215 4118 1290 4175 locus
1304 4133 1386 4189 super
1397 4119 1483 4188 ripam
1496 4116 1604 4173 Sturiae
1617 4116 1767 4185 efluminis,

756 4254 951 4327 vanrnnris
969 4272 1171 4331 nannenus.

168 4384 526 4445 'natuemttntnbu
574 4384 1080 4445 ’61666εεῑε.ε.6εεειΒό.6.7.
1117 4388 1331 4447 'mutatusiib
1370 4388 1769 4456 ‘veneciamlllitlmiil

131 4456 329 4516 Venetiamlrie
349 4455 468 4527 atiniae.
506 4455 1050 4527 ⁸apnddomnumpippinumB'lMl
1086 4458 1274 4516 ’66661609-
1312 4461 1399 4517 'eius
1412 4461 1483 4515 deest
1505 4461 1530 4514 l.
1580 4461 1767 4530 ''parentibns

132 4533 158 4585 l.
177 4525 280 4585 2135.
306 4534 459 4582 tamvernnt
482 4525 545 4581 Bi.
614 4525 760 4582 'occiduis
779 4525 935 4597 regionibus
948 4526 974 4582 9.
1014 4528 1036 4560 ¹⁰
1054 4529 1301 4585 desertosamili.
1341 4531 1361 4562 ¹¹
1375 4530 1555 4586 bibeuisbl.
1572 4531 1599 4585 5.
1613 4530 1639 4584 6.
1657 4531 1724 4585 iberi
1735 4530 1766 4586 7.

131 4601 159 4655 a.
197 4599 220 4632 ¹⁸
234 4544 488 4679 nordanimbrorum
502 4596 529 4651 l.
550 4596 576 4651 6.
591 4594 956 4652 nordamhumbrorumssit.
996 4598 1018 4630 ¹⁸
1031 4598 1151 4654 ardullus
1166 4599 1192 4654 i.
1211 4599 1274 4654 Β6.
1289 4601 1421 4672 adotptms
1432 4601 1457 4656 9.
1471 4599 1672 4657 addullnsbi.
1690 4600 1767 4654 adnl-

132 4669 212 4725 insl.
251 4668 476 4723 ¹⁸brittamald.
529 4668 552 4700 ¹⁸
564 4668 681 4736 quadam
703 4665 725 4720 Β
745 4665 774 4720 Β.
824 4664 1077 4722 “cenullildlb
1138 4670 1425 4727 ¹⁷reversusestlii.
1476 4672 1498 4703 ¹³
1529 4669 1764 4739 epoloniumllii.

133 4734 315 4817 '’'npabnbem
335 4736 361 4792 9.
410 4734 684 4819 ¹⁰·suumnltusl32
735 4734 984 4836 “insumptionem
1003 4737 1026 4790 B
1046 4738 1073 4793 Β.
1119 4740 1196 4795 ”illo
1230 4742 1344 4797 rimisl.
1363 4742 1390 4796 Β.
1406 4743 1433 4797 3.
1448 4688 1570 4795 tulin
1585 4741 1611 4795 5.
1628 4740 1654 4794 6.
1674 4740 1708 4794 ab
1722 4740 1767 4798 eit

153 4813 250 4865 rimum
271 4805 299 4860 l.
315 4806 341 4861 5.
357 4805 383 4860 6.
410 4821 486 4876 prtus
501 4806 526 4862 t.
542 4806 569 4861 9.
595 4804 798 4874 prtmttusli'l.
847 4756 1272 4865 ‘eonventnseomeatumlta
1324 4811 1449 4882 ¹‘partes
1468 4811 1606 4867 emendari
1629 4808 1764 4880 (tuba.

133 4827 157 4911 ν’
170 4876 317 4937 badenfliot
339 4876 364 4930 l.
389 4875 416 4930 Β.
440 4875 467 4930 5.
483 4875 510 4930 l.
539 4876 566 4930 6.
578 4876 605 4929 t.
620 4874 643 4927 Β
659 4874 686 4927 5.
711 4874 737 4928 6.
753 4872 917 4930 badendiotb
931 4874 958 4929 5.
972 4876 1115 4934 badenlliet
1129 4881 1155 4936 6.
1177 4880 1316 4937 batenlliot
1336 4883 1378 4937 lll.
1398 4882 1484 4937 melae
1504 4880 1561 4935 B'l.
1578 4880 1650 4934 locas
1665 4895 1766 4937 aarum

132 4944 361 5003 relietm82.8.
410 4944 434 4976 ‘⁸
446 4944 640 5002 thrascul.2.
654 4943 681 4998 5.
698 4942 761 5026 13¹2.
787 4943 814 4998 5.
830 4944 857 4998 6.
883 4953 973 5001 trasco
985 4947 1011 5000 l.
1028 4948 1054 5003 6.
1069 4951 1095 5003 i.
1110 4960 1134 5004 et
1148 4950 1205 5005 olii.
1243 4952 1438 5007 ''eolleetnl
1477 4950 1500 4982 ‘⁸
1518 4949 1763 5005 vestiaritae.

131 5015 469 5074 ”maximumcivitatetn
487 5014 546 5070 ba.
586 5013 820 5070 ”iolranntsll2
859 5014 1763 5077 ”bemannstttbernnardnst.ebenurdusttbemaannstt.
1843 5040 1845 5045 ·

132 5089 156 5120 ³¹
166 5086 359 5144 wormacensis
370 5085 396 5140 l.
409 5085 437 5141 Β.
452 5084 479 5139 5.
492 5087 519 5139 7.
540 5084 600 5140 tta.
614 5084 800 5140 unrmaeensis
813 5084 836 5137 Β
851 5084 879 5139 5.
895 5083 922 5139 6.
937 5088 1017 5141 ceteri
1033 5090 1247 5153 wormaciensis,
1260 5102 1309 5145 etc.
1362 5092 1385 5123 ⁸³
1396 5090 1540 5146 adalradus
1557 5090 1584 5143 l.
1599 5088 1766 5145 adelhardus

131 5157 357 5213 ii.alabardus'l.
387 5154 542 5211 adalhartus
554 5154 726 5211 9.adlrardus
753 5153 775 5208 Β
799 5153 824 5209 6.
875 5152 897 5187 ⁸⁸
913 5154 983 5211 abba
1008 5157 1069 5212 135.
1085 5158 1284 5215 abbatemlii.
1318 5161 1502 5217 ”corbiael
1518 5159 1545 5214 5.
1566 5158 1761 5215 eorlniall2.

132 5227 271 5283 ”bomini
287 5225 518 5351 congregasset&
556 5226 578 5258 ⁸¹
601 5225 684 5279 armis
704 5239 737 5279 ne
759 5226 857 5280 ceteris
886 5223 914 5279 Β.
961 5225 985 5259 ⁸⁸
1000 5230 1168 5285 necessarias
1182 5230 1209 5283 2.
1257 5231 1281 5262 ³⁹
1298 5231 1482 5287 tnrareobe.
1535 5229 1557 5261 ⁸·
1575 5229 1764 5284 abodritarum

131 5297 379 5368 iemporiorericll
412 5336 419 5349 .
457 5294 678 5351 ιἐει·ὶε1ι6.6.
730 5294 756 5349 6.
796 5293 818 5326 ”
833 5295 936 5351 ciuitati
949 5301 1147 5356 construendae
1161 5301 1222 5354 bb.
1237 5302 1263 5354 6.
1277 5316 1301 5354 c.
1318 5311 1403 5356 castr.
1419 5301 1445 5354 l.
1485 5297 1762 5371 ”aequanimite

131 5367 281 5440 egibertnm
292 5366 319 5421 5.
334 5367 363 5422 6.
377 5368 508 5422 traiecere
521 5367 547 5420 6.
887 5433 992 5490 Now

168 5585 180 5611 ⁸
195 5572 360 5626 Comarclrio.

170 5642 182 5681 b
200 5641 317 5695 Tortoaa.

168 5722 179 5752 e
200 5710 328 5768 ilotttinnt
342 5711 444 5769 incole.

1014 5571 1025 5611 ‘¹
1043 5572 1130 5628 luens
1143 5574 1260 5644 igaratns,
1276 5582 1348 5629 certe
1365 5589 1447 5645 prope
1460 5572 1604 5645 Egidoram
1615 5571 1693 5628 situs.

1010 5653 1021 5682 ²
1040 5643 1088 5699 tlte
1104 5642 1165 5700 Stor
1179 5644 1205 5698 ln
1219 5643 1348 5706 llelsntia.
