3832 6120
696 246 857 324 Lllpol'lb'l
878 246 887 302 i
908 246 1142 304 cessaturae
1163 248 1204 302 l’ll
1727 260 1781 314 psa

136 366 237 419 limites
267 376 378 418 suorum
401 357 505 413 braium.
531 357 584 412 Sed
608 373 669 411 cerm
695 358 765 411 [arura
790 372 925 413 rumorem
941 362 965 419 Α
979 359 1060 412 retiati.
1082 358 1167 428 ilrrjrrs
1184 359 1455 416 aristeneto‹ttiantnns
1478 366 1645 434 apostolicus
1668 370 1783 427 salisia-

135 458 290 528 spmpsseg
316 468 407 523 regem
420 451 481 506 ralia
497 452 670 508 maracleensem
698 455 927 525 regnogaruissq
979 450 1063 512 citerus,
1093 465 1142 518 per
1172 451 1315 519 praedictos
1345 452 1445 508 ruissos
1472 458 1654 513 sacratissimi
1684 462 1784 521 traditis

135 548 284 616 imperator
309 543 403 597 tandiu
428 542 546 614 legatum
562 545 658 610 tenuit,
679 560 821 615 quousque
845 546 930 601 misso
978 537 1078 593 Cittisll
1092 542 1203 595 exuvias
1216 541 1299 595 misit·
1326 541 1391 609 ene
1409 546 1649 617 religiosissimae
1679 555 1783 622 predi·

136 637 257 692 Bertrieo
284 635 382 690 comite
397 634 501 707 palatii,
520 635 588 690 ialsa
600 651 661 691 esse
684 635 929 706 quaejactabautur
978 640 1022 683 ctn
1035 632 1096 686 Viro
1110 641 1252 702 susceptu,
1267 642 1348 702 atique
1360 635 1469 690 interim
1488 654 1551 693 curu
1569 640 1663 696 loculo
1684 656 1781 701 secta·

133 728 320 798 comperisset.
341 726 450 783 Rescita
465 735 558 782 autem
581 728 705 793 ueritate,
730 729 843 784 missum
859 728 928 785 inie-
979 721 1058 785 torio,
1082 730 1113 777 ul
1130 722 1218 777 ³1¹³!ae
1241 734 1314 789 sunt,
1335 722 1414 793 juxta
1445 744 1544 799 cousus
1556 731 1632 786 beati
1655 734 1781 793 llcdardi

134 827 179 874 cto
192 817 302 886 negotio
319 818 433 872 remisit.
976 817 1081 884 positae.
1095 816 1198 883 Quibus
1218 817 1254 872 ibi
1272 819 1494 887 consistentibus,
1517 832 1626 880 tantam
1642 827 1720 883 oens
1733 846 1781 899 per

169 910 231 981 lpso
255 925 327 964 anno
351 908 436 981 (826),
468 909 595 965 Kalendis
617 910 770 977 Februarii,
797 911 928 981 lippinus
977 909 1151 977 praesentiam
1180 909 1312 964 adtentus
1335 925 1430 966 curtim
1461 915 1626 972 mortalibus
1653 921 1781 977 attribuit

135 1002 206 1058 filius
219 1002 391 1072 imperatoris
402 1002 436 1056 gd
449 1009 555 1070 patrem
574 1002 660 1071 Aquis
680 1002 844 1056 hiemantem
866 1016 929 1070 pgr.
978 997 1108 1051 uirtutum
1132 998 1247 1068 copiam,
1265 1008 1295 1053 ut
1321 1001 1465 1057 multitudo
1480 1021 1627 1061 numerum
1649 1013 1778 1069 (immidi-

134 1094 219 1148 uenit.
242 1092 291 1147 Cui
305 1093 340 1147 ab
359 1093 523 1162 imperatore
536 1108 601 1147 cura
621 1093 821 1154 commendata,
837 1101 867 1146 ut
881 1107 928 1162 pa·
977 1087 1063 1142 Porro
1079 1089 1196 1158 spurcalibus
1221 1090 1300 1146 tidem
1316 1104 1436 1160 superet,
1461 1096 1512 1150 nisi
1526 1099 1567 1152 eis
1586 1101 1708 1156 auribus
1721 1118 1779 1161 cre·

134 1195 210 1242 ratus
236 1194 329 1251 esset,
351 1185 374 1240 si
398 1185 464 1254 quid
494 1200 527 1240 ex
553 1184 677 1254 partibus
703 1182 838 1252 llispnnim
862 1182 927 1237 nori
977 1176 1166 1247 tlatttrquibus
1185 1195 1345 1250 persuasum
1360 1185 1481 1239 estnihil
1507 1202 1665 1261 repungnare
1681 1192 1778 1251 diviua

133 1276 392 1346 oriretur,qualiter
404 1277 514 1331 ebriare
528 1285 630 1345 posset,
645 1289 784 1345 regressus
795 1284 847 1329 est.
874 1274 927 1329 lann-
974 1266 1101 1335 ju=sirmi.
1117 1270 1202 1324 sedet
1216 1271 1306 1325 oenatria
1320 1273 1458 1342 possibilia
1469 1291 1529 1332 esse
1540 1280 1680 1334 credenti.

135 1377 244 1440 perator
269 1383 335 1424 uero
357 1367 485 1422 liniendis
511 1365 583 1421 Jeruii
610 1367 712 1421 ratensis
729 1366 764 1421 ad
780 1365 926 1436 lngelbeim
1012 1357 1148 1413 preterea
1170 1359 1274 1415 Aizens
1295 1360 1501 1420 infestanteeos
1519 1348 1611 1436 qui'in
1627 1372 1735 1427 nostrie
1748 1373 1778 1429 fl.

135 1459 218 1524 ,quiq
233 1459 386 1528 ibidemque
398 1458 436 1512 ῑῃῑ
449 1466 597 1512 com-emus
608 1458 697 1528 populi
712 1458 765 1523 sut,
778 1457 927 1512 secundum
976 1449 1057 1504 uilms
1077 1451 1272 1517 corasistcbant,
1286 1462 1313 1507 ct
1326 1455 1461 1524 praecipue
1475 1456 1647 1515 Ceritauiam
1671 1462 1777 1521 b'allea-

136 1551 208 1620 quod
234 1556 411 1620 praeeperat,
439 1549 568 1604 occurrit.
583 1548 613 1602 ln
638 1549 733 1603 coelem
757 1547 858 1617 placito
882 1563 926 1602 se·
977 1555 1090 1611 senique
1110 1543 1249 1613 ¹⁰8501¹0¹¹¹
1273 1558 1609 1616 U⁵b¹¹⁰ll¹³ll¹¹0l³8121n¹0
1627 1568 1665 1607 <⁸0
1695 1570 1777 1625 usque

58 1686 60 1690 .
136 1638 253 1695 claudum
279 1654 381 1694 morem
399 1654 476 1693 surram
501 1638 659 1708 multaque
681 1636 810 1693 Ecclesiae
835 1645 945 1713 essent¹
978 1631 1136 1688 irnnmnitas
1161 1633 1232 1688 illius
1247 1637 1390 1705 processit,
1406 1639 1595 1696 annitentibus
1619 1643 1776 1701 ,llaurorurn

69 1704 73 1715 ’
136 1732 212 1785 utilia
237 1730 387 1796 admonuit,
410 1731 503 1785 statuit
525 1747 557 1786 ac
571 1730 703 1794 dedrriuit,
723 1729 927 1800 legationesque
942 1707 964 1766 Β
978 1729 1006 1775 θῑ
1032 1721 1230 1778 Sssfsstfflwtssffl
1253 1726 1371 1792 auxiliis,
1393 1736 1425 1782 ¹¹1
1447 1729 1530 1800 aliqui
1555 1747 1773 1793 uestrornmea·

135 1832 191 1877 tam
211 1831 332 1878 asancta
351 1823 415 1877 scale
437 1822 569 1887 Romana,
589 1838 670 1893 quam
683 1837 698 1875 a
711 1830 803 1877 monte
817 1821 926 1887 Oliveti,
977 1815 1092 1871 stellaet
1118 1818 1265 1888 rrrtrrricipia
1292 1835 1358 1889 quaa
1376 1822 1508 1878 hacteuus
1522 1833 1677 1882 tenuerant
1701 1830 1779 1885 relin-

135 1930 184 1984 pcr
195 1912 365 1968 Dominicum
386 1910 512 1968 abbaterio
525 1912 645 1982 perlatas
659 1912 789 1980 suscepit,
813 1910 925 1966 audiuit.
979 1921 1062 1976 quere
1088 1920 1260 1979 cogereratur,
1275 1910 1439 1982 plurimique
1452 1915 1534 1969 ctiam
1552 1931 1568 1971 a
1584 1918 1670 1974 nobis
1686 1919 1776 1976 debet·

134 2004 259 2060 alrsoltit.
275 2003 331 2059 b'ec
347 2018 400 2058 non
418 2002 486 2058 duos
500 2002 594 2067 (luces,
616 2001 786 2072 ceadragum
812 1999 928 2056 Abedri·
977 2008 1047 2063 rent,
1069 2008 1202 2054 eteorum
1220 2015 1251 2056 se
1263 2002 1388 2056 societati
1410 2002 1570 2060 conterrent
1593 2007 1685 2079 (827).
1709 2010 1777 2066 luter

133 2103 233 2157 torum,
251 2102 279 2148 et
294 2091 460 2164 Tunglonem
485 2091 661 2157 soraborum,
688 2107 748 2147 curu
764 2105 928 2146 accusareu-
976 2106 1044 2161 quos
1058 2090 1258 2148 willemundus
1278 2093 1355 2148 Berae
1378 2092 1575 2160 erroneorum
1597 2099 1776 2168 perduellioni

134 2192 186 2245 tur,
201 2190 229 2237 et
252 2183 377 2253 probatio
396 2183 464 2238 satis
478 2181 552 2237 clara
574 2182 717 2249 emineret,
729 2182 878 2254 castigatos
892 2182 926 2238 ad
978 2182 1175 2252 complurimis
1186 2172 1381 2240 laceratorum
1395 2185 1535 2255 sejunxit.
1550 2188 1680 2260 Adqnos
1691 2200 1777 2247 motus

133 2275 242 2345 propria
263 2275 379 2330 remisit.
404 2272 461 2329 Nec
475 2288 530 2329 non
544 2272 715 2328 llerioldusa
740 2273 926 2329 Nortmanniae
976 2274 1205 2345 comprimendos,
1233 2283 1396 2346 nostrosque
1424 2277 1606 2345 roborandos,
1637 2280 1705 2337 dum
1727 2281 1776 2336 int-

131 2366 254 2436 partibus
272 2381 333 2420 carna
349 2378 434 2419 uxore
446 2363 568 2430 ueniens,
580 2365 772 2434 banorumquc
784 2379 838 2419 non
863 2379 927 2433 par·
976 2370 1087 2432 perator
1097 2364 1247 2418 exercitum
1258 2363 1323 2420 illue
1335 2366 1495 2421 mittendum
1507 2367 1632 2432 ordinat,
1645 2371 1776 2441 premisit

133 2471 166 2510 ra
192 2470 283 2521 runnu,
297 2454 457 2526 Mogontiaci
472 2454 543 2525 apud
564 2462 688 2509 sanetum
700 2454 847 2519 Albanum,
863 2470 926 2509 cum
976 2455 1116 2511 Elisaebar
1127 2455 1263 2520 abbatem,
1281 2464 1308 2511 et
1331 2455 1543 2511 llildebrandum
1559 2459 1706 2525 conritem,
1727 2475 1776 2515 nce

133 2548 191 2603 suis
203 2548 339 2612 omnibns,
357 2547 428 2602 sacri
446 2546 619 2617 baptismatis
640 2546 712 2601 tenda
734 2554 776 2601 cst
790 2546 926 2616 pcrlusus,
976 2563 1030 2602 non
1044 2556 1072 2602 et
1083 2547 1227 2603 Donatum.
1251 2548 1303 2615 Qui
1317 2550 1513 2618 precedentes,
1529 2551 1638 2621 junctis
1651 2553 1703 2609 sibi
1723 2553 1774 2609 Go-

132 2640 310 2712 plurimisque
322 2639 481 2693 muneribus
502 2639 537 2693 ab
552 2637 716 2707 impcmtore
731 2637 857 2693 durratus.
874 2635 928 2692 l'e·
978 2640 1087 2694 tberum
1116 2640 1352 2711 Hispanorumque
1375 2642 1478 2713 copiis,
1493 2643 1604 2700 illorum
1630 2648 1775 2716 proterviae

133 2750 196 2789 rens
210 2743 300 2790 autem
324 2732 462 2803 piissimus
479 2731 626 2801 imperator
644 2745 678 2785 ne
692 2730 726 2785 ob
750 2729 802 2784 tale
824 2728 925 2784 lactum
975 2730 1152 2800 pertinaciter
1167 2731 1335 2798 restiterunt,
1346 2731 1485 2788 Bernardo
1496 2738 1708 2803 quammaxime
1716 2736 1775 2791 Bar·

58 2806 76 2823 ’
131 2833 277 2898 negaretur
290 2825 315 2881 ei
328 2824 460 2880 habitatio
474 2824 524 2879 soli
541 2823 684 2888 naturalis,
698 2821 772 2875 dedit
784 2821 808 2875 ci
832 2836 926 2889 quem·
976 2822 1081 2876 cinereae
1094 2822 1194 2876 comite
1212 2830 1327 2878 conatus
1338 2838 1432 2878 eorrrm
1448 2824 1476 2878 in
1489 2825 1601 2879 irritum
1615 2827 1773 2883 deducente.

132 2920 194 2974 dam
222 2919 382 2975 comitatum
408 2918 436 2972 in
463 2916 561 2982 Frisia,
594 2914 672 2983 cuijus
699 2912 857 2969 uocabulum
884 2921 927 2968 est
976 2911 1053 2979 Quod
1067 2912 1275 2979 cernensium,
1298 2916 1478 2971 exercituma
1498 2917 1650 2973 Saracenis
1665 2920 1772 2990 petitum

132 3013 257 3068 Riusui:
279 3026 333 3081 quo
358 3025 388 3066 so
413 3024 541 3079 suosque,
568 3009 591 3063 si
619 3007 769 3063 necessitas
794 3005 924 3076 erigeret,
976 3004 1043 3058 abiit
1056 3005 1258 3072 praetorianum.
1278 3005 1363 3072 Quem
1376 3007 1551 3076 impetratum
1564 3025 1630 3064 curu
1652 3012 1773 3067 deresuo

131 3110 191 3157 tuto
208 3103 330 3172 recipcre
344 3109 446 3172 posset.
461 3100 567 3154 interca
585 3114 647 3153 eum
668 3097 856 3152 baldrieus'et
871 3093 925 3150 Ge.
976 3094 1142 3150 liburnorum
1171 3094 1358 3171 [amaruan]
1397 3097 1640 3171 Caesaraugustam
1666 3112 1696 3158 ct
1716 3102 1771 3157 inde

132 3191 244 3256 raldus,
271 3191 416 3260 ceterique
442 3189 644 3243 Pannoniarum
674 3188 802 3242 custodes
830 3185 924 3240 sanium
977 3200 1062 3255 enseque
1087 3186 1120 3240 ad
1143 3187 1322 3244 barcinonam
1349 3191 1485 3260 perduxit.
1514 3189 1604 3248 l'orro
1630 3193 1771 3264 imperatur

132 3282 267 3346 admsent,
280 3280 392 3335 adduxit
404 3278 545 3334 baldricus
559 3280 667 3334 donuino
680 3278 835 3347 impemteri
848 3294 925 3347 pres·
975 3275 1118 3345 Pippinum
1132 3278 1310 3335 siliumsuum
1324 3281 1477 3351 Aquitaniae
1493 3296 1586 3351 regem
1603 3295 1704 3341 eontra
1727 3300 1771 3343 eut

132 3372 258 3442 lnytenun
277 3370 424 3439 quemdam
445 3369 554 3424 nomine
571 3368 740 3438 Gergouiam,
766 3367 924 3422 bonevitae
975 3371 1059 3435 misit,
1079 3371 1213 3441 simulque
1230 3375 1373 3430 missoscx
1397 3375 1482 3432 latere
1504 3391 1555 3433 suo
1577 3377 1724 3449 llugorrcm
1746 3386 1771 3434 et

132 3463 281 3528 bominem,
304 3462 350 3530 qui
384 3461 487 3516 diceret
511 3475 642 3530 organum
669 3474 744 3513 more
767 3459 924 3514 Graecorum
975 3461 1131 3517 lintfridum
1150 3463 1274 3519 comites.
1301 3464 1406 3531 Quibus
1420 3467 1610 3523 meticulosius
1625 3485 1708 3539 quam
1728 3469 1769 3525 tle-

130 3568 210 3624 posse
219 3566 393 3622 componere.
408 3550 494 3618 Quem
510 3551 659 3621 imperator
670 3560 810 3622 gratanter
830 3565 922 3606 susee-
975 3552 1032 3607 cuit
1045 3555 1264 3621 occurrentibus,
1279 3555 1372 3610 tandiu
1385 3571 1468 3611 naorae
1480 3556 1589 3612 innexae
1602 3568 1670 3615 sunt
1682 3561 1767 3623 merit,

129 3645 188 3715 pit:
201 3644 304 3713 etqnia
321 3644 391 3698 Deus
402 3643 441 3697 illi
453 3657 514 3712 qum
526 3648 591 3698 ante
604 3658 633 3697 se
651 3643 780 3698 irrrtsitata
797 3650 876 3698 erarrt
895 3644 924 3699 iu
974 3657 1115 3713 quousque
1127 3645 1165 3698 illi
1180 3653 1287 3701 uastata
1301 3646 1460 3702 llareinonae
1476 3656 1558 3718 atque
1572 3649 1710 3709 Gerunda
1731 3667 1768 3707 re·

131 3751 214 3805 regno
234 3735 400 3790 Francorum
429 3734 604 3799 attribuebat,
630 3735 779 3806 gratiarum
805 3736 925 3792 actiones
974 3738 1071 3808 gimo,
1087 3738 1322 3810 Caesaraugustam
1344 3757 1404 3797 sese
1419 3754 1594 3813 receperunt.
1624 3745 1767 3803 Praecesse-

131 3829 256 3891 reddidit,
271 3842 304 3882 ae
327 3827 457 3883 Tarrcullo
480 3842 621 3883 sacrorum
636 3829 799 3884 scriniorum
812 3829 924 3898 praelato
975 3838 1038 3883 runt
1049 3846 1114 3886 saue
1128 3831 1198 3886 banc
1222 3831 1325 3887 cladem
1354 3833 1490 3888 terribiles
1504 3833 1560 3888 ibn
1584 3836 1641 3891 sub
1657 3845 1768 3907 tempera

131 3921 341 3984 ‹temerendauit‚
362 3919 531 3990 publicisque
558 3920 702 3992 stipendiis
722 3935 819 3975 curare
843 3919 925 3989 jussit
974 3927 1107 3974 nocturno
1120 3921 1202 3987 acies,
1218 3922 1336 3977 humatio
1353 3924 1485 3994 sanguiue
1505 3925 1670 3992 rutilantes,
1692 3927 1767 3998 ignis·

131 4021 157 4066 et
173 4027 204 4067 ea
218 4008 279 4083 quae
301 4012 365 4067 buic
387 4013 464 4082 operi
488 4012 642 4068 necessaria
665 4011 756 4067 lorent
771 4028 925 4083 preparare
974 4023 1027 4077 que
1041 4010 1143 4079 pallore
1168 4010 1324 4082 flagrantes.
1348 4013 1498 4083 imperator
1522 4030 1610 4084 porro
1637 4016 1765 4072 vertatioui

131 4103 277 4159 inundauit.
293 4103 354 4173 lpso
372 4104 477 4159 interea
502 4120 573 4159 auno
587 4106 676 4160 medio
698 4104 808 4161 Octobri
822 4115 923 4161 coetrtm
975 4099 1136 4171 [imperator
1151 4118 1232 4171 porro
1249 4103 1415 4174 Conamendio
1436 4120 1527 4160 areuna
1551 4109 1706 4178 suscipiens
1727 4107 1768 4162 de

142 252 196 309 aaa

35 4244 38 4249 .
130 4194 221 4264 propudi
242 4193 433 4249 Germanicum
458 4194 532 4249 coire
545 4194 626 4263 jussit
648 4205 723 4251 trans
745 4196 880 4262 libennm,
895 4198 923 4251 in
973 4210 1018 4258 na,
1035 4196 1078 4249 bis
1091 4198 1248 4267 corrupertis,
1272 4199 1306 4253 ad
1332 4213 1414 4268 supra
1428 4199 1532 4254 dietam
1549 4217 1677 4258 marcam
1700 4209 1768 4256 tuta·

130 4285 193 4339 etita
206 4284 284 4353 carius
299 4284 458 4340 vocabulum
483 4295 525 4341 est
542 4285 614 4341 Sala„
630 4285 659 4341 ln
674 4303 727 4358 qua
752 4288 921 4354 consistenti,
974 4284 1036 4337 darn
1049 4285 1147 4339 auxilia
1161 4286 1316 4349 destinauit,
1333 4296 1360 4343 ct
1372 4290 1500 4357 usquead
1513 4289 1633 4345 biberua
1650 4300 1764 4362 tempora

130 4374 244 4446 pertidia
259 4382 340 4444 atque
355 4375 592 4433 delectiobiaonis
609 4380 732 4434 numiata
746 4388 798 4445 est,
825 4381 871 4450 qui
891 4381 924 4436 dc
936 4412 963 4472 D
976 4376 1123 4439 ι’θῐιῐιῑῑθηῑ,
1138 4376 1203 4448 ⁰10]
1217 4378 1243 4431 in
1266 4378 1380 4433 &tillitus
1405 4378 1573 4447 C⁰¹¹¹lle¹¹di⁰
1587 4391 1618 4436 θῑ
1635 4381 1765 4437 (ἷθῑὶὲῑω

131 4466 230 4538 padatlo
257 4466 359 4522 dourrini
390 4467 562 4537 imperatoris
590 4468 708 4539 lugiens,
735 4471 768 4526 acl
784 4471 923 4527 ciuitatem

130 4562 267 4615 :insonum
293 4559 375 4626 uenit,
391 4560 482 4630 ibique
498 4570 633 4632 receptus,
653 4562 757 4618 Rodum
773 4565 921 4631 suln'ertit;

130 4653 217 4707 sedet
231 4652 358 4708 resistere
368 4653 517 4708 nitentibus
529 4669 582 4708 non
602 4670 698 4725 parum
719 4656 924 4712 incommodita-

131 4747 166 4801 tis
178 4744 277 4800 intulit.
290 4744 406 4800 castella
421 4761 481 4815 quae
496 4747 647 4816 irrumpere
660 4749 749 4817 potuit
763 4749 921 4805 custodibus

131 4836 264 4906 impositis
291 4833 397 4890 lortiter
416 4836 601 4890 communiuit.
621 4835 715 4892 Sedet
739 4839 822 4894 misso
837 4838 921 4895 fratre

130 4943 181 4984 suo
195 4927 229 4982 ad
241 4941 332 4997 regern
344 4926 542 4981 Saracenorum
559 4926 725 4983 abdiraman
739 4931 855 4995 rtonrine,
871 4947 919 4985 ua·

131 5019 215 5075 lidum
231 5027 326 5074 eontra
338 5033 388 5073 rius
402 5017 540 5073 exercitus
552 5018 635 5072 robur
644 5020 756 5089 accepit.
772 5020 837 5087 Quare
856 5022 920 5091 qui·

131 5111 191 5165 dem
206 5109 378 5180 imperatoris
397 5108 517 5163 animaru
535 5118 749 5164 commoverunt.
767 5110 809 5164 Nil
830 5119 920 5167 tamen

129 5214 245 5270 propere
276 5199 424 5271 gerendum
449 5209 535 5266 ratus,
566 5199 782 5256 consiliariorum
809 5218 920 5259 surorum

131 5294 304 5358 sententiam,
315 5293 379 5364 quid
390 5293 436 5349 tali
450 5292 522 5350 iacto
531 5308 600 5363 epus
610 5302 692 5359 esset,
707 5295 919 5366 statuitoperiri.

130 5383 182 5439 l’er
200 5386 269 5441 idem
284 5396 392 5460 tempus
407 5388 549 5446 llilduinus
569 5390 654 5446 abbas
666 5393 825 5447 monasterii
848 5393 920 5448 beati

131 5474 251 5548 llionysii
265 5479 380 5536 Romam
394 5485 541 5540 monachos
553 5483 693 5555 petitionis
704 5499 759 5540 stre
771 5482 877 5552 lurjulos
888 5486 921 5540 ad

131 5563 280 5636 Eugenium
306 5580 406 5627 sanetae
428 5574 556 5630 Romane
579 5575 807 5646 sedispraesulem
836 5575 920 5641 misit,

131 5650 256 5725 tingitana
270 5662 415 5719 ossabeati
436 5663 588 5721 sebastiani
614 5664 742 5738 martyris
760 5666 811 5721 sibi
832 5674 922 5721 trans·

976 4464 1110 4535 coutiguis
1124 4465 1232 4521 institit.
1247 4467 1348 4523 Eodem
1370 4484 1442 4523 atauo
1462 4483 1557 4524 ratense
1571 4469 1698 4543 Auguste
1715 4471 1763 4526 liu-

975 4558 1069 4627 genius
1084 4573 1152 4629 ptapa
1170 4560 1242 4614 diem
1263 4561 1388 4615 ultimum
1403 4560 1509 4615 clausit.
1531 4561 1695 4620 l‘alentinus
1710 4562 1763 4617 dia·

975 4664 1059 4702 coraus
1071 4648 1131 4704 loco
1145 4649 1204 4720 ejus
1217 4651 1360 4707 srrccessit.
1376 4652 1434 4718 Quo
1449 4653 1493 4705 uir
1521 4668 1576 4707 utto
1606 4670 1703 4710 mense
1723 4668 1763 4709 su·

974 4741 1097 4809 prestita,
1109 4741 1168 4797 loeo
1183 4743 1255 4799 illius
1270 4745 1418 4816 Gregorius
1431 4745 1577 4815 presbyter
1591 4748 1665 4802 tituli
1685 4746 1763 4803 satuti

975 4830 1059 4886 llarci
1071 4832 1174 4889 electus
1196 4843 1254 4899 cst,
1280 4834 1362 4890 dilata
1385 4835 1595 4891 consecratione
1607 4837 1669 4907 ejus
1687 4849 1763 4906 usqae

974 4922 1008 4976 ad
1023 4923 1177 4979 consultum
1187 4925 1369 4996 imperatoris.
1386 4927 1445 4994 Quo
1458 4939 1607 4993 aunuente,
1625 4939 1654 4987 et
1662 4930 1762 4989 eurus

974 5030 1035 5070 nem
1054 5016 1119 5072 cleri
1138 5028 1165 5074 et
1178 5020 1267 5089 populi
1280 5021 1420 5090 probante,
1441 5023 1586 5079 ordinatus
1602 5035 1646 5081 est
1669 5028 1696 5082 in
1710 5027 1762 5081 lora

974 5109 1082 5179 prioris.
1104 5109 1195 5181 Legati
1216 5110 1387 5180 imperatoris
1410 5111 1551 5170 llicbaelis
1577 5118 1677 5174 eodem
1698 5132 1762 5173 aueo

973 5218 1066 5259 mense
1080 5204 1252 5281 Septembrio
1267 5205 1464 5276 Compendinm
1490 5219 1641 5279 venerunt,
1655 5226 1761 5269 munera

974 5293 1141 5349 attuleurnt:
1159 5296 1286 5351 nobiliter
1301 5298 1430 5368 suseepti,
1445 5300 1657 5371 opulentissime
1669 5302 1761 5368 curati,

975 5387 1123 5443 liberaliter
1136 5390 1282 5451 munerati.
1297 5398 1325 5445 ct
1342 5405 1473 5462 prospere
1484 5401 1548 5448 sunt
1563 5398 1693 5467 regressi.
1708 5394 1762 5466 lpse

975 5499 1045 5538 anno
1059 5483 1208 5540 lleiuardus
1224 5483 1429 5556 [Eginbardusl,
1442 5485 1565 5542 eirenem
1575 5491 1620 5544 sui
1640 5486 1763 5559 ternporis

974 5574 1210 5643 prudentissimus,
1224 5584 1324 5632 sancte
1344 5575 1496 5631 derationts
1516 5579 1618 5635 aratore
1630 5580 1762 5638 inritatus.

976 5667 1089 5724 bennam
1112 5666 1196 5735 misit,
1210 5677 1237 5722 et
1250 5682 1364 5739 roqrnra
1387 5676 1545 5727 sanctorum
1568 5671 1717 5729 llareellini
1738 5678 1763 5725 et
