3832 6120
130 295 184 355 963
698 274 857 332 tbbdt'tt't
875 273 885 326 l
905 267 1139 328 COGNOMENTO
1157 264 1201 320 Pll
1587 298 1591 303 .
1712 254 1766 309 em

133 420 187 464 tam
200 404 390 474 imperatorem
402 408 484 465 quam
500 392 642 462 episcopos
660 386 916 442 excommunicatio
932 389 954 446 ,t
969 381 1048 436 libuit
1070 392 1261 440 commorans,
1287 382 1317 429 et
1337 388 1397 444 quac
1409 373 1465 428 visa
1480 379 1543 426 sunt
1565 368 1721 433 ordinans,
1733 386 1765 425 ac

132 500 175 555 nis
188 491 301 549 vinurlis
311 487 419 543 irretire
429 483 520 549 vellet,
536 483 559 537 si
573 481 618 551 qni
630 478 815 535 inobedientes
826 482 918 530 essent
967 471 1095 543 populum
1110 468 1271 531 absolvens,
1288 464 1337 520 sed
1347 474 1376 520 et
1392 471 1556 520 contentum
1571 461 1676 533 populo
1687 463 1765 517 Conr-

133 604 188 646 suae
205 584 375 649 liliorumque
388 574 561 648 imperatoris
576 571 708 627 voluntati
721 589 727 623 :
741 583 837 640 parum
853 567 918 637 quid
967 565 1056 635 pendit
1072 564 1214 624 indicens,
1239 559 1375 628 Vosagum
1394 570 1443 626 por
1464 553 1764 610 Mauri-lionastetiutn

131 674 266 745 subripuit
287 670 421 741 episeopis
444 663 617 736 imperatoris
640 661 815 733 presumptio
836 657 919 711 auda·
968 655 1088 720 transiit,
1104 662 1133 708 et
1145 649 1393 713 lledinmatricum,
1408 662 1469 716 quae
1482 646 1569 701 altero
1582 645 1699 699 nornine
1712 643 1764 700 lle·

131 768 188 829 oia,
205 761 389 821 asserentibus
401 758 475 815 nullu
494 757 574 811 modo
587 770 617 809 se
630 753 698 807 velle
715 750 773 819 ejus
786 749 918 803 voluntati
968 747 1003 800 tis
1015 753 1141 806 coeatur,
1160 741 1293 813 pervenit.
1314 739 1372 806 Qua
1394 739 1488 794 relicta
1501 738 1632 802 civitate,
1655 735 1764 793 l‘iride·

132 855 321 913 succumbere.
346 850 401 906 Sed
423 850 446 904 si
468 845 750 904 excommunicaturus
768 840 917 904 adveniret,
969 853 1033 893 num
1048 836 1169 905 appulit,
1189 843 1217 889 et
1231 833 1405 889 Suessionum
1420 832 1515 886 urbem
1529 830 1609 884 adiit
1629 830 1763 900 lbiqneia

132 945 382 1005 excommunicatus
399 941 501 1002 abiret,
523 952 584 992 cum
599 935 678 990 aliter
692 949 721 988 sc
736 933 836 987 babeat
849 928 920 984 anti·
968 927 1135 984 monasterio
1152 926 1240 981 sancti
1263 923 1383 978 lledardi
1396 930 1502 994 patrem
1519 922 1573 976 sub
1587 929 1670 977 arcta
1681 930 1763 977 custo

133 1051 247 1106 quorum
263 1047 397 1088 canonum
412 1028 570 1084 auctoritas.
591 1023 710 1079 Tandem
724 1036 788 1092 ergo
802 1033 920 1074 conven-
969 1020 1012 1074 dia
1023 1035 1081 1074 esse
1089 1019 1216 1089 pracepit
1227 1038 1234 1072 z
1245 1015 1496 1073 etCaroloPrumia
1503 1016 1763 1083 commendatanet

132 1137 191 1180 tum
203 1133 246 1179 est
265 1120 412 1177 lestivitate
433 1117 520 1173 saneti
535 1112 712 1185 praecursoris
725 1109 827 1165 Christi
836 1106 920 1161 loan-
970 1119 1058 1165 tamen
1068 1119 1185 1173 attonso,
1200 1111 1257 1179 lpse
1273 1109 1408 1164 venationi
1420 1108 1529 1172 institit,
1541 1109 1634 1164 donec
1646 1109 1762 1166 autumni

133 1218 177 1272 nis
194 1216 220 1270 in
237 1198 325 1269 locum
338 1212 396 1281 qui,
406 1210 441 1264 ab
455 1224 488 1264 eo
498 1206 570 1277 quod
583 1205 619 1260 ibi
635 1211 740 1276 gestum
754 1208 812 1266 est,
824 1213 920 1269 perpe-
970 1211 1102 1271 temporo,
1113 1199 1139 1254 id
1148 1209 1190 1256 est
1197 1200 1324 1255 llalendis
1331 1199 1467 1264 Octobris,
1477 1201 1625 1256 sicuterat
1636 1202 1763 1257 constitu-

134 1313 181 1359 tua
195 1301 312 1357 nominis
323 1298 469 1371 ignominia
482 1304 592 1351 notatus
606 1303 662 1357 est,
675 1299 705 1347 ut
720 1299 830 1345 vocetur
843 1289 920 1344 Cam·
970 1300 1041 1356 tum,
1065 1300 1168 1361 patrem
1182 1307 1272 1347 seeum
1287 1293 1404 1358 ducens,
1419 1292 1619 1362 compendium
1631 1294 1715 1349 venit.

133 1393 337 1466 pus-lientitus.
367 1389 435 1456 Quia
461 1387 534 1442 enim
553 1385 570 1439 ιι
594 1385 641 1454 qui
662 1383 741 1437 noem
764 1378 920 1450 imperatori
1005 1383 1097 1452 ibique
1110 1383 1269 1438 consistenti
1288 1383 1387 1453 legatio
1406 1382 1707 1455 Constantinopolitani
1720 1387 1764 1442 irn-

133 1487 338 1558 promittcbaut,
356 1482 462 1536 mentiti
479 1487 553 1544 sunt,
568 1478 644 1533 locus
662 1477 689 1531 in
703 1491 757 1545 quo
769 1476 795 1530 id
807 1471 921 1543 contigit
970 1474 1124 1542 peratoris,
1150 1473 1256 1529 llarcus
1274 1475 1494 1547 archiepiscopus
1514 1475 1639 1546 Ephesi,
1662 1488 1690 1532 et
1701 1477 1761 1535 Pro

135 1577 213 1633 testis
228 1575 355 1644 nequitia·
369 1573 395 1627 in
413 1570 580 1627 suonomine
594 1568 732 1622 remansit.
749 1564 815 1620 Cum
829 1573 919 1619 autem
971 1564 1155 1633 tospatltarins
1166 1565 1347 1634 imperatoris,
1356 1566 1389 1619 ad
1402 1573 1509 1635 patrem
1523 1567 1627 1634 missa,
1638 1570 1759 1633 oncanit,

135 1666 206 1719 liaud
219 1663 310 1734 procul
324 1662 385 1716 inde
399 1661 508 1715 aciebus
520 1658 653 1712 ordinatis
664 1651 919 1720 consisterent,1'am
972 1668 1084 1707 moenera
1098 1654 1149 1709 sibi
1168 1655 1294 1723 deputata
1310 1656 1423 1721 obtulit,
1436 1656 1508 1726 patri
1521 1657 1610 1713 missa
1624 1659 1760 1715 subtraxit.

132 1756 244 1826 jarrtque
257 1753 387 1806 ruendum
404 1751 431 1805 in
449 1765 525 1804 arma
538 1756 691 1819 putaretur,
708 1746 861 1800 rturrtiatum
880 1751 922 1798 est
935 1741 959 1800 B
973 1742 1058 1809 Onam
1074 1743 1131 1809 ille,
1155 1743 1218 1798 licet
1239 1744 1273 1799 ad
1291 1752 1396 1814 patrem
1411 1745 1504 1809 missa,
1518 1747 1554 1801 ad
1572 1762 1607 1803 so
1623 1757 1762 1806 tamense

135 1841 293 1912 imperatori
307 1838 435 1893 advenire
450 1852 547 1908 papam
561 1836 755 1890 Romanorum.
776 1832 861 1899 Quem
877 1846 924 1887 ve·
975 1836 1093 1889 aientem
1109 1837 1245 1905 suscepit,
1269 1836 1372 1890 audivit
1392 1838 1615 1907 tragoediamque
1631 1852 1761 1911 reportate

136 1935 255 1990 trientem
269 1933 417 2002 imperator
437 1930 463 1984 ln
478 1930 535 1999 ipsa
549 1929 606 1982 acie
619 1928 772 1981 eortsistens
794 1924 922 1993 snserpit,
976 1932 1028 1977 tem
1051 1940 1119 1993 prone
1141 1925 1288 1979 inauditam
1310 1926 1423 1981 remisit.
1449 1925 1479 1980 ln
1505 1928 1608 1983 eodem
1635 1940 1759 1986 conventu

136 2025 199 2080 licet
214 2023 381 2078 indecentius
404 2035 486 2089 qnam
511 2018 617 2077 debuit:
644 2017 779 2084 imputans
803 2014 827 2068 ei
851 2011 924 2081 qnod
974 2030 1035 2067 curn
1048 2014 1125 2067 multi
1141 2014 1362 2069 insimularentur
1375 2015 1529 2072 devotionis
1543 2018 1570 2072 in
1586 2027 1709 2089 patrem,
1722 2022 1761 2077 de

136 2114 195 2184 ipse
211 2113 262 2167 sibi
278 2110 359 2164 talem
372 2108 570 2177 susceptionem
584 2104 788 2175 praeparaverit,
799 2102 845 2173 qni
864 2102 925 2155 iuu·
975 2100 1100 2155 lectionis
1113 2102 1139 2155 ln
1151 2101 1255 2168 lilium,
1270 2104 1380 2172 quidam
1397 2105 1486 2160 verbis
1505 2107 1698 2178 simplicibus,
1711 2113 1761 2181 qni-

136 2206 218 2260 sitato
235 2205 314 2258 vitudu
337 2202 371 2256 ad
393 2215 423 2256 se
438 2199 552 2254 venerit.
582 2198 683 2251 Ductus
703 2204 792 2250 antem
813 2209 881 2264 papa
897 2194 925 2248 in
975 2194 1037 2248 darn
1052 2192 1214 2261 juramentis
1226 2193 1332 2262 obiecta
1348 2194 1493 2250 diluerunt.
1524 2196 1761 2257 lliseratiotatnea

137 2297 332 2352 lralritationem
348 2299 530 2356 castrensem,
541 2288 640 2347 ¹multis
655 2286 852 2341 assertionibus
864 2299 926 2353 per·
975 2283 1160 2352 berinsccmodi
1172 2284 1223 2347 rei,
1237 2293 1264 2339 et
1278 2284 1339 2340 talis
1351 2300 1441 2341 rerum
1454 2290 1639 2356 permutatio,
1652 2292 1761 2361 exceptis

138 2387 241 2449 (latonii,
255 2400 310 2439 non
325 2399 354 2439 se
372 2391 477 2438 tantum
492 2381 544 2435 lter
556 2379 591 2435 ob
605 2379 676 2434 alind
690 2366 857 2448 suscepisse,
873 2375 925 2431 nisi
976 2375 1147 2438 auctoribus,
1170 2389 1264 2429 omnes
1278 2374 1403 2431 babebat.
1426 2375 1505 2432 Unde
1517 2388 1652 2435 verentes
1663 2382 1761 2436 sceleris

136 2481 199 2548 «paria
225 2478 366 2534 dicebatur
389 2478 459 2546 quod
487 2473 646 2530 inexorabili
672 2472 805 2527 discordia
830 2477 926 2526 contra
975 2464 1176 2535 conspiratores
1191 2465 1321 2531 inauditi,
1339 2481 1373 2522 ne
1384 2481 1462 2522 versa
1475 2468 1539 2523 viee
1551 2471 1708 2541 retrolapsa
1719 2470 1761 2526 ler-

137 2569 206 2624 filios
219 2568 373 2633 laboraret,
387 2567 500 2636 ideoque
517 2580 611 2636 pacem
627 2565 652 2618 ιιι
668 2573 926 2632 utramquepartem
976 2564 1071 2611 rentur
1084 2563 1160 2625 gesta
1182 2569 1243 2625 quse
1264 2563 1357 2621 eleni,
1373 2555 1479 2622 11111111οι
1501 2558 1600 2613 11181111
1617 2559 1705 2615 visum
1716 2571 1760 2617 ⁶1·

141 2673 232 2714 serere
244 2657 334 2713 vellet.
354 2655 451 2710 Audita
467 2670 531 2711 vern
542 2662 618 2724 parte
631 2652 811 2721 imperatoris,
826 2650 928 2706 mansit
976 2660 1038 2701 eum
1060 2644 1195 2715 aliquibus
1215 2645 1404 2716 episcoporum
1419 2653 1535 2702 utuntur
1553 2659 1761 2719 argumentost

141 2763 203 2802 rum
216 2761 249 2800 eo
260 2745 362 2815 aliquot
372 2745 477 2800 dicbus.
499 2743 638 2798 llemissns
653 2750 742 2796 autem
759 2741 793 2796 ab
810 2740 927 2810 impera·
976 2749 1027 2805 pto
1041 2735 1084 2790 his
1098 2735 1131 2790 de
1143 2735 1242 2805 quibua
1254 2735 1311 2805 iam
1330 2736 1528 2805 plenitudinem
1548 2749 1677 2811 gesserat
1688 2740 1761 2811 impr·

140 2846 198 2890 tore
210 2834 244 2889 ad
262 2833 343 2898 lllios,
356 2841 387 2887 ut
404 2848 497 2903 pacem
515 2840 637 2886 mutatam
651 2836 770 2885 necteret
785 2846 791 2883 :
808 2844 869 2884 cum
880 2843 928 2899 po·
977 2833 1061 2890 rator,
1078 2825 1176 2880 iterum
1191 2826 1298 2896 publica
1321 2828 1502 2896 penitentia,
1528 2832 1619 2886 armis
1633 2832 1759 2903 depositis.

138 2940 172 2981 ne
184 2926 274 2980 omnis
293 2923 407 2994 populus
425 2924 525 2993 partim
546 2923 624 2978 donis
641 2923 807 2985 abstractus,
827 2920 926 2993 partim
978 2915 1191 2989 irrevocabiliter
1201 2917 1400 2988 quodammodo
1412 2918 1542 2976 Ecclesiae
1557 2923 1717 2979 satisfacere
1727 2923 1761 2992 je

138 3013 281 3085 promissis
295 3012 412 3078 illectus,
427 3014 525 3082 partim
541 3012 622 3067 minis
638 3011 759 3076 territus,
774 3011 809 3066 ad
822 3026 870 3065 eos
880 3025 929 3080 pe·
978 3005 1137 3062 dicaretur:
1163 3023 1224 3062 cum
1247 3021 1282 3063 ne
1309 3007 1432 3064 lorenses
1448 3010 1562 3079 quidem
1589 3011 1666 3085 leges
1678 3022 1758 3069 eontra

139 3104 286 3174 pnlumqne
297 3117 359 3158 cum
373 3103 414 3159 eis
431 3105 626 3159 consistentem
647 3118 722 3157 ntore
737 3102 864 3159 torrentis
876 3097 961 3160 de·C
977 3110 1058 3150 11111111
1079 3096 1185 3164 culpam
1201 3097 1283 3151 8111111
1306 3099 1480 3154 commiss-'¹¹¹¹
1498 3100 1543 3156 bis
1565 3101 1697 3158 invehant
1708 3105 1757 3158 titt·

141 3192 255 3258 flueret,
277 3207 445 3261 nequaquam
460 3203 489 3247 ut
501 3193 591 3248 fuerat
602 3195 708 3262 jussus,
722 3202 764 3249 est
776 3194 926 3264 permissus
975 3186 1088 3251 dictitat,
1103 3195 1130 3240 el
1142 3194 1233 3241 ndstra
1248 3187 1291 3242 lex
1304 3188 1403 3243 halteal
1418 3204 1472 3244 tlon
1484 3190 1616 3261 judicare
1629 3193 1711 3249 bern
1725 3195 1758 3250 bis

138 3286 237 3340 redire.
259 3286 309 3341 'lot
324 3301 388 3357 crgo
403 3287 487 3356 copiis
502 3287 568 3340 inibi
582 3285 717 3350 adductis,
731 3294 758 3339 ct
768 3285 924 3355 imperatori
976 3276 1144 3347 inidipsum.
1164 3277 1213 3333 Cui
1232 3278 1336 3349 1111110111
1349 3280 1427 3349 pauci
1442 3284 1660 3349 fflssllssdltssle.
1681 3286 1758 3356 1111111

139 3377 296 3441 subductis,
313 3378 379 3431 adeo
394 3376 509 3432 delectio
525 3377 551 3430 in
570 3377 627 3431 dics
644 3375 772 3441 invaluit,
798 3384 828 3429 nt
841 3376 869 3431 in
884 3375 924 3431 le·
976 3382 1116 3423 assensum
1131 3369 1282 3437 prebuere,
1296 3371 1414 3425 1111111111
1425 3386 1500 3440 pars,
1516 3381 1547 3427 111
1566 3375 1672 3431 assolet
1687 3377 1713 3432 in
1728 3386 1757 3429 ta

139 3468 260 3522 stivitate
275 3468 361 3521 satncti
385 3465 470 3530 Pauli,
493 3465 590 3537 plebeii
605 3474 700 3520 corrtra
720 3466 924 3535 imperatorem,
975 3457 1056 3523 libus,
1072 3472 1106 3513 ne
1119 3459 1253 3528 primores
1263 3459 1443 3526 offenderent,
1462 3463 1550 3518 verbo
1565 3474 1648 3522 teum
1661 3481 1757 3522 coaoere

141 3558 275 3613 :tiltrlando
287 3559 349 3613 liliis
364 3559 432 3629 eius,
450 3558 626 3628 irruptionem
640 3557 729 3610 lacere
744 3556 923 3610 minarentur.
974 3565 1044 3605 sere.
1064 3550 1254 3622 Atljudicatum
1273 3567 1338 3622 crgo
1351 3566 1413 3607 cum
1425 3553 1590 3619 absentem,
1618 3570 1647 3611 et
1665 3556 1756 3611 inaudi-

139 3648 243 3715 Quibus
267 3648 370 3702 siribus
392 3649 540 3716 imperator
557 3646 642 3702 obniti
668 3662 721 3701 ιιοιι
736 3646 839 3712 valens,
863 3645 925 3702 liliis
975 3650 1042 3706 turn,
1054 3657 1104 3697 nce
1118 3642 1401 3713 confitentem,neqne
1414 3647 1586 3713 covrvictnm,
1601 3658 1756 3719 anteuorpus

139 3737 276 3793 nrandavit
291 3752 369 3794 nese
383 3737 505 3808 populari
521 3737 664 3807 direptioni
680 3744 856 3806 exponerent.
876 3736 923 3790 (iul
975 3734 1061 3789 sancti
1085 3732 1204 3789 llerlardi
1230 3734 1410 3800 corrlcssnris,
1443 3746 1473 3791 ct
1499 3742 1593 3796 salicti
1621 3738 1755 3797 Sebastiam

139 3827 301 3882 remandant
318 3834 347 3881 ut
360 3826 459 3881 castris
474 3825 577 3880 relictis
589 3825 622 3880 ad
638 3840 667 3881 sc
680 3825 779 3886 vestiat,
792 3840 822 3879 sc
834 3833 925 3879 autern
974 3825 1112 3896 martyris,
1128 3841 1204 3880 arma
1219 3826 1367 3897 deponere,
1390 3835 1417 3882 ct
1432 3839 1497 3885 ante
1511 3829 1606 3889 altare
1617 3846 1754 3903 ponerem

138 3921 318 3977 maturissime
328 3921 434 3976 obviam
446 3919 497 3989 ipsi
511 3933 695 3988 processuros.
713 3917 815 3984 Quibus
830 3916 925 3971 altrin-
973 3924 1058 3986 gunt:
1072 3916 1197 3986 pullaque
1215 3917 1338 3972 indutum
1351 3927 1441 3984 veste,
1463 3920 1594 3977 adbibita
1609 3939 1704 3993 magna
1717 3937 1754 3975 ea

140 4027 219 4067 secus
231 4011 339 4066 sibimet
350 4008 571 4073 occurrentibus,
587 4009 736 4076 imperator
754 4006 822 4061 filios
833 4005 924 4060 admo-
978 4007 1076 4072 stedia,
1092 4007 1142 4061 snb
1156 4015 1255 4063 tectum
1269 4009 1403 4078 quoddam
1416 4010 1576 4067 retrudunt.
1595 4014 1754 4084 Erpteutot

138 4101 208 4164 nuit,
223 4100 299 4167 equis
313 4098 484 4160 desilientes,
506 4105 534 4151 et
554 4096 607 4151 sibi
619 4105 806 4160 occurrentes,
822 4103 850 4148 ut
863 4112 924 4165 pre
974 4097 1091 4166 negotio,
1111 4097 1193 4152 missa
1216 4098 1303 4153 sancti
1327 4098 1451 4165 llartini,
1470 4101 1593 4171 populus
1607 4104 1711 4159 licentia
1721 4117 1755 4156 ae·

139 4188 277 4242 missionis
291 4203 347 4241 suae
359 4200 509 4249 memores,
525 4194 581 4240 tam
594 4186 645 4241 sibl
659 4201 738 4256 apuam
756 4185 810 4239 filio
824 4194 851 4239 et
862 4200 925 4240 uro
974 4197 1050 4256 cepta
1064 4202 1113 4257 pro
1126 4188 1222 4243 talibus
1242 4190 1327 4259 gestis
1340 4198 1452 4246 nroestus
1471 4191 1507 4247 ad
1531 4196 1646 4264 propria
1660 4194 1756 4251 reverti

141 4277 186 4341 ri,
211 4275 313 4329 illibata
342 4292 403 4345 qum
426 4275 491 4333 olim
516 4277 698 4344 promiserant
719 4285 921 4331 corrservarent.
974 4287 1028 4333 tur.
1047 4278 1293 4335 Lethariusautem
1307 4288 1413 4350 patrem
1432 4298 1512 4338 suum
1527 4285 1652 4352 ducens,
1672 4286 1756 4357 Aquis

137 4368 212 4434 Quos
227 4382 345 4438 congrue
365 4367 558 4437 respondentes
578 4369 726 4435 osculatus,
741 4368 815 4423 etad
831 4378 922 4423 castra
974 4370 1050 4439 grani
1066 4369 1212 4424 hiematum
1226 4371 1387 4441 regreditur.
1409 4371 1484 4427 lutra
1505 4374 1593 4446 bajus
1613 4377 1755 4433 nientstu

137 4457 245 4512 illorum
261 4465 303 4512 est
319 4458 464 4527 proiectus.
486 4458 544 4525 Otto
562 4459 728 4529 pervenienti
742 4474 809 4512 visor
823 4460 922 4514 subdu·
934 4433 961 4493 Ῑ)
975 4463 1117 4528 rationem,
1131 4463 1264 4532 gregatim
1277 4463 1366 4532 populi
1379 4471 1433 4517 tam
1447 4463 1594 4532 Franciae,
1609 4485 1688 4539 queam
1700 4468 1753 4522 linr-

136 4553 217 4614 citur,
233 4558 259 4604 ct
273 4552 307 4605 ad
318 4549 447 4606 ludovici
458 4551 632 4606 tabernacula
644 4553 819 4606 convertitur.
834 4552 921 4621 lpsum
973 4554 1088 4625 guudise,
1100 4568 1151 4608 nee
1163 4568 1217 4608 non
1228 4553 1445 4624 Aquitaniae,sed
1459 4566 1488 4611 et
1498 4556 1658 4615 Germaniae
1669 4574 1752 4615 cosan

136 4653 202 4693 vero
216 4638 362 4694 Lotbarius
379 4638 414 4693 ad
428 4654 475 4694 sua
488 4654 549 4695 cum
566 4640 664 4696 Carolo
681 4640 823 4696 admodum
836 4656 922 4710 puero
973 4654 1035 4709 tes,
1059 4643 1224 4699 calamitosis
1242 4645 1361 4714 querelis
1376 4644 1410 4700 do
1422 4645 1604 4716 imperatoris
1616 4647 1750 4705 mtoranto

136 4730 267 4794 «tardarit,
289 4738 317 4783 et
339 4744 401 4783 curn
422 4731 593 4798 paucissimis
613 4732 640 4785 in
661 4731 795 4801 papilione
813 4733 847 4787 ad
870 4732 921 4787 boc
973 4735 1166 4805 querebantur.
1198 4735 1232 4788 Et
1252 4735 1361 4805 quidem
1379 4735 1408 4790 in
1425 4734 1576 4792 Franciam
1591 4736 1751 4810 Eggebardus

136 4819 265 4887 deputatu
288 4819 438 4874 consistere
452 4817 526 4874 lecit.
548 4820 611 4874 Post
633 4821 689 4877 bace
706 4832 795 4877 antem
806 4824 862 4892 jam
877 4838 923 4892 pe
973 4839 1074 4890 comes,
1088 4833 1116 4881 ct
1134 4824 1287 4880 Willelmus
1304 4840 1393 4880 comes
1415 4825 1532 4892 stabuli,
1557 4844 1628 4898 quos
1640 4836 1751 4899 poterant

136 4908 200 4978 paulo
219 4908 382 4979 juramentis
405 4909 547 4975 obstricto,
567 4911 710 4981 imperinm
732 4913 801 4966 inter
821 4912 921 4969 iratres
972 4914 1024 4972 sibi
1047 4916 1075 4971 in
1096 4916 1197 4971 unione
1224 4915 1369 4972 voluntatis
1396 4915 1561 4973 restituendi
1591 4916 1751 4989 imperatoris

137 5009 213 5053 terna
229 4999 349 5054 sectione
362 5000 488 5069 partitur.
515 5001 865 5073 ttxorpatrtsatntovieo
880 5022 921 5062 re-
972 5007 1171 5063 coadunabant.
1206 5005 1392 5062 AGerrrrania
1415 5021 1497 5076 porro
1520 5005 1605 5078 llugo
1627 5005 1750 5063 ειιιιωίιι

136 5108 169 5160 ge
183 5099 300 5161 recepta,
324 5091 420 5148 exsilio
442 5092 541 5147 iterum
565 5094 722 5164 deportatur
741 5097 920 5153 inuisitatem
971 5096 1145 5166 Aquitaniam
1159 5097 1289 5152 missusa
1311 5094 1464 5155 Ludovieo.
1484 5104 1513 5150 et
1527 5098 1565 5151 ab
1584 5099 1626 5153 eis
1640 5098 1687 5167 qni
1698 5094 1750 5151 illae

135 5181 219 5237 ltaliae
229 5181 387 5238 Tartouam.
407 5181 553 5254 Gregorius
563 5200 631 5255 papa
644 5186 707 5239 talia
720 5202 921 5252 remeassem
972 5185 1189 5258 malagmata
1204 5187 1327 5256 Orogone
1340 5186 1444 5241 scilieet
1457 5187 1591 5257 episeopo
1602 5186 1751 5257 etreliqua

136 5276 256 5331 maximo
282 5290 398 5331 moerore
421 5274 536 5330 llomam
563 5275 729 5347 regretlitur;
755 5287 783 5332 et
806 5277 920 5333 duorum
972 5278 1115 5348 Pippinum
1128 5278 1156 5333 in
1169 5277 1319 5346 bocipsuut
1332 5277 1486 5347 instigabat.
1508 5276 1753 5335 Parrollentardat

135 5362 252 5419 lratrunt
264 5364 394 5436 Pippinns
408 5367 435 5420 in
448 5365 639 5435 Aquitaniam,
660 5364 812 5423 ludovicus
831 5369 858 5422 ιιι
875 5368 921 5422 lla·
971 5376 999 5422 et
1030 5367 1156 5421 ll'arinus
1181 5366 1208 5421 in
1228 5365 1384 5436 burgundia
1410 5366 1608 5422 consistentem
1635 5365 1751 5437 populun

132 5451 250 5521 joariam
264 5457 419 5511 revertitur.
433 5456 517 5513 Porro
531 5458 675 5514 Lotharins
685 5468 760 5528 patre
770 5466 919 5529 assumpto,
972 5459 1142 5515 suasionibus
1152 5457 1345 5523 accendebant,
1357 5455 1587 5527 promissionibus
1596 5457 1751 5515 alliciebant,

135 5551 163 5596 et
179 5558 299 5599 seorsum
313 5563 374 5601 eum
392 5548 527 5617 deputatis
543 5552 681 5619 otpritaute
696 5559 776 5620 atque
796 5552 920 5621 privatim
969 5545 1750 5618 paramentisastringebant,etinrtnvrmvclleltndcrabattt

137 5645 279 5699 innuente,
305 5636 461 5706 liet-legium
484 5639 574 5694 villam
596 5640 717 5703 devenit,
736 5641 826 5709 ilique
841 5652 922 5710 prout
1008 5640 1093 5713 (Sil.)
1114 5639 1207 5694 lliemc
1229 5648 1320 5696 autem
1338 5648 1445 5707 exacta,
1466 5648 1495 5695 et
1508 5641 1641 5713 verejan
1655 5650 1750 5695 noscant
