3832 6120
150 121 207 176 199
891 116 1058 178 abbates.
1727 113 1782 169 179

149 247 230 290 ruam
241 231 275 286 de
286 228 434 301 llirpuniue
443 230 542 301 gmnei,
553 228 641 299 primo
652 226 806 284 Sardiniam
817 224 940 296 adpulsi¹
954 251 979 310 Λ
992 224 1133 280 cuiusdam
1147 223 1238 294 oppidi
1252 236 1314 281 cunr
1328 221 1454 293 plurimis
1465 222 1602 279 hamram
1616 221 1781 293 panariam

150 331 237 386 rant,
266 320 357 389 ibique
378 334 440 374 curn
468 316 564 373 Sardis
593 318 697 389 proelio
725 317 889 381 eourmisso,
914 325 942 370 et
994 313 1150 371 interiectus
1171 323 1224 371 est.
1246 313 1436 369 Filiusautenr
1454 310 1630 382 imperatoris
1641 310 1744 369 bertus
1757 314 1778 345 ¹¹

149 412 245 469 multis
262 426 373 467 suonam
391 411 549 467 19911ςί5-
563 426 625 465 iram
649 410 700 465 tria
717 410 791 464 milia
814 409 850 463 ihi
871 407 942 463 ecci-
991 405 1097 460 dlhiam
1111 413 1192 475 ponte
1206 405 1294 459 iunxit
1308 405 1341 470 ¹¹,
1352 411 1379 459 et
1394 403 1543 459 exercitum
1557 401 1603 458 cui
1615 410 1739 473 praeerat
1751 402 1779 457 in

147 502 224 558 disse
233 502 410 572 perhibentur
424 502 498 556 —in
512 501 649 557 Corsicam
666 511 739 555 recto
750 514 831 555 eursu
844 512 940 569 perro·
991 491 1107 549 Lirroaes
1122 494 1144 525 ¹⁸
1155 502 1183 549 et
1196 492 1367 563 smeldingos
1383 493 1405 525 ¹³
1423 493 1450 559 ¹³,
1464 493 1511 562 qui
1530 501 1558 548 et
1576 491 1627 563 ipsi
1641 493 1676 548 ud
1688 493 1778 551 eodo

146 601 259 648 uerunt.
275 591 313 650 ihi
328 591 426 646 iterum
442 592 470 645 in
483 591 600 660 quodam
610 599 689 660 portu
700 590 822 645 eiusdem
835 587 941 644 insulae
991 583 1090 639 lridum
1115 599 1207 655 regem
1230 583 1398 650 deiecerant,
1414 593 1516 654 quanta
1535 583 1623 653 potuit
1637 583 1777 638 eeleritate

146 698 211 739 eum
221 682 309 738 classe
319 682 363 736 eui
374 682 546 737 Bnrclmrdus
556 682 567 713 ⁸
579 688 717 751 praeerat,
731 679 834 750 proelio
846 680 941 735 decer·
991 676 1362 748 rrmsposairpoputatisqoe
1368 676 1578 746 circumquaque
1588 691 1684 732 eorum
1693 677 1777 748 agris,

146 779 287 837 tenentur,
304 771 422 840 victique
436 787 469 826 ac
488 771 573 842 fugati
592 779 672 835 sunt,
687 771 795 827 antissio
810 770 940 826 tredecim
992 767 1107 823 trarrsito
1123 768 1222 822 iterum
1235 765 1355 831 humine,
1371 781 1433 822 eunt
1456 766 1583 822 ineolumi
1605 767 1729 823 exercitu
1751 768 1778 821 in

145 863 264 917 navibus
288 869 315 916 et
338 862 462 932 plurimis
481 878 590 918 surorum
613 862 775 919 interiectis.
795 862 870 918 tideo
894 863 940 917 illo
991 854 1138 912 Saxoniam
1152 872 1182 913 se
1197 856 1309 927 recepit.
1321 858 1405 913 lirant
1418 855 1640 913 cuanodolrhlo
1654 857 1681 913 in
1695 872 1777 929 expc-

144 966 220 1007 anno
233 951 260 1005 in
277 953 402 1006 omnihus
414 953 483 1009 loeis
496 953 610 1008 adversa
627 951 737 1008 fortuna
748 952 852 1024 fatigati
863 964 936 1021 sarit,
989 948 1089 1005 ditione
1101 950 1239 1019 praedicta
1253 949 1342 1005 Selari
1356 948 1403 1020 qui
1416 949 1546 1004 dicuntur
1560 948 1653 1005 wiltzi
1676 949 1708 1014 ¹¹,
1722 949 1770 1019 qui

144 1050 177 1095 ut
193 1041 243 1111 ipsi
258 1041 309 1096 sihi
320 1042 514 1099 hoeuceidisse
533 1043 624 1098 testati
637 1044 692 1099 siud
706 1044 728 1107 ⁸,
742 1060 774 1098 eo
785 1046 939 1114 quodaano
988 1047 1099 1109 prepter
1117 1041 1243 1110 antiquas
1265 1040 1421 1095 inimicitias
1433 1055 1501 1110 quas
1514 1055 1576 1096 cunr
1591 1039 1729 1095 abodritis
1753 1040 1774 1071 ¹⁸

143 1130 286 1201 superiore
303 1140 399 1186 eontra
417 1148 526 1188 amnem
550 1133 732 1190 iustitiamde
750 1135 885 1191 ltatelariu
898 1135 937 1178 a.
988 1129 1089 1187 hahere
1115 1130 1253 1198 solebant,
1277 1139 1373 1200 sponte
1396 1145 1426 1185 se
1449 1129 1608 1201 copiiseius
1627 1130 1775 1187 coniunxc-

143 1221 234 1278 insata
247 1224 387 1295 sexaginta
404 1227 550 1281 murelos
572 1234 727 1296 asperatus
737 1228 764 1282 tn
783 1227 938 1299 hispania⁸
988 1231 1054 1276 runt
1066 1223 1097 1286 ¹⁷,
1113 1223 1227 1293 imoque
1240 1223 1267 1277 in
1288 1237 1401 1292 reguum
1414 1238 1493 1278 suum
1518 1232 1686 1288 revertente,
1711 1241 1775 1280 eum

143 1313 335 1379 uendiderunt,
357 1329 474 1384 quorum
486 1316 569 1386 aliqui
588 1331 639 1387 per
653 1317 844 1374 liberalitatem
864 1320 875 1352 ⁸
887 1321 938 1375 im-
987 1312 1085 1384 pruela
1100 1330 1182 1384 quana
1206 1318 1234 1371 iri
1248 1314 1388 1371 abodritis
1402 1329 1501 1384 capere
1514 1324 1673 1385 putuerunt,
1685 1326 1712 1373 et
1725 1318 1780 1388 ipsi·

142 1404 282 1473 peratoris
300 1406 399 1460 iterum
415 1406 449 1461 ad
469 1423 517 1461 sua
533 1407 642 1479 [iterum
657 1409 685 1464 in
701 1409 798 1464 suad.
816 1410 861 1484 1.]
877 1412 938 1468 loca
988 1405 1096 1459 dentum
1120 1407 1238 1477 regressi
1253 1414 1327 1461 sunt.
1341 1404 1506 1462 Godolridus
1524 1422 1600 1472 vcro,
1616 1408 1774 1477 priusquam

141 1496 247 1551 merei
261 1506 335 1552 aaut.
356 1497 450 1554 Nicaea
464 1500 615 1570 patricius,
630 1501 677 1570 qut
691 1516 753 1556 cum
765 1503 852 1559 clause
869 1519 935 1559 eon-
987 1503 1178 1561 reverteretur,
1194 1497 1333 1552 destructo
1347 1496 1370 1527 ¹⁸
1391 1497 1524 1566 emporio,
1537 1498 1608 1567 quod
1623 1498 1650 1552 in
1675 1501 1772 1553 occurri

140 1588 384 1659 metropopolim
395 1592 507 1647 wquuaq
522 1593 548 1647 iu
566 1593 689 1658 Venena,
701 1608 770 1664 pace
786 1593 858 1651 sacia
872 1611 936 1651 cum
949 1612 973 1671 B
986 1583 1065 1641 litore
1077 1588 1263 1652 constitutum,
1280 1588 1372 1658 lingua
1386 1587 1523 1644 hunorum
1546 1589 1627 1643 llerie
1640 1599 1650 1629 e
1665 1589 1777 1645 diceba·

140 1677 256 1749 Plppino
265 1694 338 1751 rege,
351 1689 379 1735 et
393 1681 505 1737 indutiis
516 1683 641 1750 usquead
652 1698 772 1739 uueuuam
784 1673 935 1756 pugnarum
987 1683 1040 1740 tur,
1053 1685 1081 1731 et
1093 1692 1221 1749 uragnaut
1239 1693 1323 1748 regno
1337 1678 1409 1732 illius
1424 1678 1642 1734 eontmoditatcar
1656 1681 1774 1750 n‘ectiga-

139 1771 313 1836 maurium,
326 1773 442 1827 saonae
456 1772 814 1845 sotumeonsramtuopomn
828 1790 934 1847 agree
984 1764 1051 1821 liam
1064 1767 1246 1837 persolutione
1257 1768 1425 1839 praestabat,
1443 1767 1635 1838 translatisque
1646 1769 1709 1825 inte
1724 1785 1773 1824 ne·

140 1874 189 1917 rus
209 1869 261 1917 est.
278 1860 335 1917 lloc
349 1878 420 1918 anno
440 1864 449 1895 ⁷
470 1864 619 1934 imperator
638 1865 738 1933 paseha
754 1865 841 1936 Aquis
862 1867 934 1923 0010.
984 1857 1783 1930 gotiatorihue,solutuclaseeadportumquiSliesthorpst'

139 1951 231 2007 brevit
250 1967 301 2008 nec
315 1969 368 2008 non
382 1962 411 2007 et
427 1954 544 2009 nantem
556 1954 672 2009 homiui.
692 1953 737 2026 [Ει
748 1955 873 2015 inuium.
891 1967 934 2015 eur
984 1946 1084 2003 dicitur
1101 1962 1163 2031 eum
1176 1947 1303 2004 uniuerso
1315 1948 1437 2004 exercitu
1459 1947 1543 2003 renit.
1558 1948 1597 2004 lhi
1620 1948 1642 1980 ⁸⁰
1661 1964 1711 2020 per
1725 1948 1774 2003 ali-

139 2059 272 2100 uumerus
288 2060 385 2099 aanor.
405 2046 431 2099 in
443 2047 475 2098 d.
489 2044 533 2116 1.]
983 2045 1051 2107 quot
1064 2037 1121 2093 dies
1139 2046 1271 2103 moratus,
1285 2037 1399 2093 limitem
1413 2038 1490 2109 regni
1504 2037 1547 2095 sui
1563 2038 1609 2109 qui
1625 2037 1772 2094 saxoniam

460 2136 614 2192 peccaut,
984 2128 1105 2199 respicit,
1121 2128 1192 2183 uallo
1215 2129 1321 2185 munire
1343 2130 1547 2195 nonantulano
1573 2130 1664 2197 modo,
1687 2139 1718 2186 ut
1738 2132 1772 2186 ah

177 2228 288 2299 nunqu
302 2228 460 2283 mdttssnna
477 2230 528 2282 rue
544 2229 674 2299 macareus
696 2228 747 2284 run
763 2230 790 2284 ru
805 2230 853 2285 rao
867 2239 935 2286 nu·
983 2221 1106 2277 orientali
1122 2223 1291 2288 nnrtssinn.
1307 2221 1618 2292 quadriremibus
1633 2221 1648 2262 a
1667 2222 1771 2288 dicunt,

139 2331 226 2387 pore,
253 2331 371 2385 vereque
393 2317 540 2371 inchoante
565 2317 715 2385 imperator
739 2317 933 2391 Nos'lomagum
984 2327 1069 2383 usque
1081 2313 1115 2367 ad
1127 2313 1322 2370 occidentalem
1337 2329 1469 2371 oceanum
1484 2322 1570 2369 totam
1588 2312 1769 2386 hegidorae·

142 2406 293 2474 proiectus,
310 2415 450 2461 trausacto
467 2407 503 2462 ihi
518 2406 744 2477 quendragesimali
760 2408 874 2475 ieiunio,
890 2426 935 2466 ce-
984 2402 1103 2461 fluminis
1111 2405 1298 2475 dquilonalem
1311 2405 1397 2476 ripam
1412 2406 1609 2460 munimentum
1619 2404 1681 2461 valli
1692 2420 1772 2477 prac-

139 2497 248 2552 lehrnto
272 2499 354 2553 etiarn
374 2507 468 2555 salicto
491 2500 603 2569 paseha,
626 2500 727 2555 iterum
748 2501 864 2570 Aquas⁸
890 2519 933 2560 re-
984 2503 1099 2561 tereret,
1121 2511 1173 2551 una
1189 2505 1292 2552 mnium
1306 2497 1328 2527 ¹¹
1350 2505 1426 2567 parta
1439 2497 1563 2563 dimissa,
1585 2511 1634 2568 per
1653 2499 1770 2567 quara¹³

140 2605 252 2661 gressus
268 2600 320 2646 est.
338 2591 373 2646 Et
396 2592 459 2660 quia
477 2591 669 2657 nunciabatur,
692 2591 869 2650 Godoiridnm
890 2611 933 2652 re-
984 2600 1062 2641 ⁰⁸³³
1075 2592 1104 2640 0⁸
1116 2585 1223 2655 equites
1237 2587 1324 2642 emitti
1339 2597 1367 2642 ⁰²
1387 2588 1471 2658 recipi
1489 2589 1642 2659 ll⁰²⁰i⁸⁵⁰¹¹¹
1662 2587 1773 2643 31111150

138 2695 200 2751 gent
216 2681 354 2736 hunorum
368 2682 394 2735 in
406 2681 553 2737 abodritos
565 2697 627 2737 eum
641 2683 762 2737 exercitu
779 2685 930 2752 traiecisse,
983 2678 1073 2748 itaque
1097 2693 1181 2747 there
1203 2677 1275 2733 inter
1289 2679 1371 2735 tlttcts
1385 2680 1536 2749 copiarum,
1556 2680 1665 2736 domum
1678 2692 1770 2735 revcrc

138 2767 248 2823 diarium
266 2769 350 2824 lilium
367 2785 444 2825 suum
460 2769 495 2824 ad
508 2769 616 2826 Allriam
628 2786 692 2826 crini
708 2771 796 2827 ualida
806 2772 829 2828 F
833 2789 931 2829 ranco-
983 2783 1030 2824 sus
1048 2776 1101 2824 est.
1119 2768 1224 2824 laterea
1240 2784 1288 2823 rex
1310 2768 1599 2827 hordauhumhrorum
1614 2770 1636 2801 '²
1655 2771 1688 2826 de
1701 2769 1773 2826 Brit·

138 2868 200 2913 runr
217 2868 246 2914 et
263 2858 403 2914 &uxorium
422 2854 503 2914 inarru
524 2860 608 2926 ruisit,
631 2860 727 2916 iubens
741 2876 859 2917 vaesano
872 2865 930 2935 regi
981 2859 1054 2915 tauia
1073 2861 1172 2927 insula,
1186 2861 1295 2917 nomine
1306 2861 1420 2917 barduli
1428 2863 1460 2929 ¹⁸,
1477 2878 1559 2934 regno
1571 2871 1599 2918 et
1611 2863 1700 2933 patria
1714 2862 1773 2934 pul·

139 2949 283 3010 resistere,
298 2950 322 3004 si
346 2948 481 3005 Saxorriac
500 2950 632 3004 terminos
646 2948 755 3020 adgredi
771 2960 926 3022 temptaret.
940 2959 963 3021 (ζ
978 2963 1035 3016 sus,
1048 2950 1083 3005 ad
1095 2951 1286 3020 imperatorem
1300 2950 1364 3007 dum
1378 2953 1466 3007 adhno
1479 2951 1635 3025 Noviomagi
1648 2966 1770 3008 morare-

138 3039 193 3097 Sed
214 3041 259 3096 ille
274 3042 380 3097 statiuis
398 3056 448 3110 per
467 3040 570 3110 aliquot
584 3041 643 3097 dics
659 3041 685 3095 in
707 3041 786 3097 litore
811 3044 928 3110 habitis,
982 3048 1027 3096 tur
1040 3041 1125 3106 uenit,
1148 3050 1176 3097 et
1198 3040 1334 3111 patefacto
1350 3044 1481 3098 adrentus
1508 3044 1550 3098 sui
1574 3044 1693 3116 negotio,
1715 3044 1769 3098 llo-

137 3133 299 3202 expuguatis
313 3131 396 3186 etiam
411 3139 438 3186 et
452 3146 534 3185 manu
548 3130 635 3200 captis
648 3130 752 3201 aliquot
770 3132 929 3191 Seianorum
981 3146 1053 3185 umor
1073 3129 1266 3202 proficiscitur,
1292 3133 1431 3205 Romaque
1452 3133 1578 3201 rediens,
1598 3151 1646 3207 per
1666 3136 1769 3208 legatos

137 3220 268 3285 castellis,
284 3235 346 3275 cum
366 3235 464 3291 magno
477 3221 617 3291 copiarum
632 3235 744 3277 suarum
764 3222 930 3281 detrimento
981 3221 1098 3279 Romani
1122 3222 1257 3295 pontilicis
1268 3231 1297 3280 et
1310 3223 1402 3281 donini
1413 3225 1587 3297 imperatoris
1605 3227 1632 3281 ia
1653 3241 1767 3297 reguum

137 3324 265 3367 reversus
289 3319 342 3365 est.
359 3309 426 3364 Naro
450 3310 513 3366 licet
533 3311 700 3368 [truaconem
711 3310 732 3377 ⁸,
748 3312 844 3368 ducem
857 3313 930 3372 bho-
981 3331 1060 3373 suum
1083 3314 1233 3370 reducitur.
1248 3314 1270 3346 ¹⁸
1284 3313 1412 3371 Praeerat
1426 3325 1491 3373 tunc
1503 3317 1633 3388 temporis
1648 3317 1769 3373 eeclesia

137 3399 284 3464 driterum,
299 3399 470 3469 popularium
485 3399 546 3455 hdei
560 3400 723 3458 diffidentem
740 3402 799 3459 loco
808 3403 929 3473 pepulis—
981 3404 1120 3460 Mmanae
1139 3404 1195 3460 Leo
1209 3404 1316 3470 tertius,
1329 3405 1417 3462 'euius
1429 3405 1534 3477 legatus
1554 3406 1589 3461 ad
1607 3406 1766 3461 Brittaniam

135 3499 190 3557 ret,
204 3489 381 3546 Godelaihum
394 3492 428 3557 ¹⁸,
440 3491 524 3547 ahorn
537 3493 646 3559 ducem,
660 3493 721 3549 delo
739 3502 847 3564 captum
863 3496 930 3563 pati·
979 3497 1099 3553 directus
1116 3504 1159 3553 est
1172 3497 1295 3554 hidulfus
1305 3498 1328 3529 ¹¹
1339 3498 1469 3554 diurnum
1478 3498 1512 3553 de
1525 3496 1721 3569 ipsaBrittauia
1733 3500 1768 3561 ¹⁹²,

134 3579 200 3637 boto
213 3581 407 3652 suspendisset,
426 3582 619 3639 abodritorum
630 3584 697 3640 duas
707 3594 800 3654 partes
816 3584 867 3640 sihi
884 3600 930 3640 re
980 3586 1089 3641 audone
1104 3585 1187 3652 Saxo,
1200 3597 1229 3642 et
1240 3603 1304 3642 cum
1321 3603 1354 3643 eo
1371 3588 1404 3643 alt
1420 3588 1584 3657 imperatore
1595 3586 1618 3618 u
1631 3588 1707 3643 missi
1720 3591 1768 3643 rih-

135 3672 250 3744 ctigales
263 3673 383 3740 lecisset,
397 3675 515 3745 optimos
531 3683 620 3730 tamen
633 3676 750 3731 militurn
767 3690 880 3730 suorum
900 3686 928 3732 et
979 3672 1058 3731 botes
1079 3675 1131 3730 duo
1145 3675 1301 3732 llrotlridus
1314 3677 1336 3708 ⁸⁰
1357 3678 1479 3732 notarius
1497 3676 1506 3715 ¹
1523 3686 1551 3733 et
1564 3677 1730 3736 Narrdmrius
1746 3680 1767 3711 ³¹

136 3777 218 3817 uranu
231 3765 448 3834 promptissimos
470 3764 571 3829 amisit,
586 3773 615 3819 et
633 3780 696 3819 eom
716 3765 757 3820 cis
772 3764 857 3820 illium
871 3766 928 3819 lra-
977 3763 1061 3818 albas
1074 3764 1107 3818 de
1120 3774 1214 3819 saneto
1226 3765 1381 3821 Audenmro
1396 3766 1429 3819 ¹¹.
1444 3766 1595 3838 lmperatur
1608 3783 1672 3824 reru
1692 3770 1765 3824 acdi-

135 3853 188 3909 tris
202 3854 255 3920 eui,
270 3855 380 3910 nomine
408 3854 596 3923 tteginotdum,
611 3854 658 3924 qui
679 3854 707 3908 in
728 3856 929 3926 obpugnatione
979 3854 1067 3909 iieatis
1081 3870 1130 3924 per
1144 3855 1248 3926 legatos
1268 3870 1332 3913 suos
1344 3873 1426 3928 super
1438 3856 1528 3915 Albini
1540 3856 1650 3914 durium
1661 3858 1765 3915 duntur,

745 3964 942 4025 99999199
960 3966 1160 4024 metientis.

174 4063 520 4134 ¹eardiniaminpatsttta.
558 4063 826 4136 'burgharduslta
874 4066 1178 4123 'wstatisunthliii
1218 4065 1661 4192 *patellariaBihKatelarialiti.
1700 4072 1767 4125 'hi-

186 4134 337 4191 niamB'i.
385 4134 638 4189 ‘libertatemli'h
686 4134 771 4190 'lloc
786 4136 814 4189 in
827 4136 971 4191 barraba.
1008 4136 1197 4206 ‘Aquislih
1245 4137 1442 4194 ’drasoeonem
1498 4142 1525 4196 8.
1539 4141 1766 4195 trasconemlli.

135 4207 319 4261 trasiconem
333 4205 360 4260 9.
411 4205 432 4237 ¹⁰
451 4205 620 4275 godelaibum
642 4204 669 4259 3.
722 4206 743 4235 ¹¹
766 4206 883 4260 dornrms
904 4206 1082 4263 liarluslli.
1122 4208 1142 4238 ¹¹
1159 4207 1338 4263 irrirexirtta.
1389 4208 1716 4265 η11919955911991993
1739 4214 1765 4266 9.

136 4274 341 4377 ⁸‘smeldignos
359 4273 418 4329 115.
465 4274 620 4328 ¹”uilzzili
642 4274 835 4331 5919197.
875 4276 992 4346 ”qurum
1014 4277 1189 4335 abodritisl.
1238 4279 1257 4310 ¹'
1272 4279 1486 4334 corriuuereront
1499 4279 1522 4332 11
1533 4278 1560 4332 h.
1601 4281 1768 4335 ¹⁸=distnrcto

133 4342 196 4401 119.
209 4346 236 4401 7.
287 4345 466 4415 'suesthorp
483 4345 509 4399 5.
526 4345 675 4416 lliesthorp.
698 4346 726 4399 1.
745 4346 888 4416 sliestorph
905 4346 931 4401 5.
970 4348 1125 4418 siliestorph
1139 4347 1166 4401 9.
1183 4346 1297 4403 liesthor
1309 4347 1356 4401 alii
1369 4348 1498 4404 sliesthor
1520 4348 1567 4402 ,7.
1591 4349 1723 4405 stimmrtl
1737 4352 1763 4405 9.

133 4414 355 4488 sliesthroplib.
372 4415 748 4488 shestorbliti.scicstlrrop.
768 4417 791 4473 b
812 4417 838 4472 7.
855 4416 1026 4489 liesthorpB
1051 4418 1077 4473 9.
1094 4417 1304 4474 sliesniettta.
1343 4418 1366 4448 ¹⁰
1383 4418 1474 4488 lhique
1520 4417 1547 4471 9.
1584 4419 1606 4449 ¹¹
1621 4419 1768 4475 ostharsalt

133 4484 163 4541 2.
179 4487 356 4544 orstulsaltb.
371 4486 531 4541 ostarsaltus
541 4485 568 4540 5.
580 4487 716 4542 ostersalt.
731 4488 758 4542 9.
775 4490 801 4542 9.
816 4489 962 4544 ostarhsalt
977 4488 1026 4543 olii
1039 4486 1196 4544 lestarhsalt
1212 4488 1239 4541 7.
1253 4486 1383 4543 ostarsalz
1399 4488 1462 4541 lta.
1474 4487 1590 4542 ostarsal
1605 4486 1664 4543 115.
1682 4498 1767 4544 estar-

132 4555 266 4613 1111117.
282 4556 425 4614 ostarsaltz
439 4557 461 4610 B
474 4558 501 4611 8.
527 4565 581 4611 etc.
619 4557 641 4587 ’¹
656 4564 746 4612 tanuen
769 4558 792 4612 11
805 4558 832 4610 7.
847 4574 901 4613 uno
922 4566 941 4613 t.
955 4565 1036 4630 portu
1050 4559 1163 4615 dimisso
1176 4572 1319 4629 perquem
1333 4557 1359 4610 1.
1372 4557 1399 4611 5.
1415 4558 1441 4612 9.
1495 4558 1519 4588 ¹¹
1541 4573 1681 4628 perquem
1698 4559 1721 4612 l.
1738 4560 1764 4613 9.

133 4626 159 4659 ¹⁸
171 4628 484 4685 uurdidanbumhroruur
505 4625 532 4680 9.
548 4626 795 4682 nordhumbrorum
819 4630 846 4684 5.
863 4629 889 4683 9.
912 4628 1167 4687 rrordanirnhrorum
1182 4627 1210 4682 1.
1225 4628 1493 4685 northanimbrorum
1508 4626 1535 4682 5.
1552 4629 1766 4684 nordauurnhro·

134 4712 196 4753 rum
211 4698 238 4754 6.
253 4698 552 4755 norddanhamhrorunt
568 4698 593 4750 7.
642 4697 1303 4756 ’199199119919911959797999119.
1341 4698 1591 4754 '‘deduciturlid.
1631 4700 1652 4730 ¹⁷
1669 4698 1765 4753 aridul-

133 4766 249 4825 ruer.
264 4770 397 4839 adolphus
408 4768 434 4822 tt.
472 4768 495 4799 ¹⁸
508 4768 542 4823 de
557 4767 614 4836 ipsa
627 4768 816 4823 brisinialib’.
856 4769 878 4801 ¹⁰
894 4770 928 4825 ad
944 4768 1290 4859 1991919101·9ηι1.5.9.9.
1328 4768 1351 4800 ⁸⁰
1369 4768 1599 4825 matfridesibi.
1617 4768 1766 4824 bertfridus
1820 4768 1823 4773 ’

131 4836 162 4893 a.
179 4838 205 4898 9.
222 4840 352 4895 rotfridus
366 4838 390 4892 7.
407 4837 539 4893 rotfridus
559 4840 586 4892 9.
610 4837 779 4895 hruotfridus
797 4838 859 4894 tta.
873 4840 899 4895 7.
925 4839 1083 4913 lrroutiidus
1097 4838 1158 4892 119.
1173 4838 1201 4892 9.
1240 4839 1262 4870 ⁸¹
1278 4839 1428 4894 attularius
1451 4839 1478 4894 5.
1493 4841 1634 4895 nantarius
1647 4838 1674 4893 l.
1692 4855 1762 4893 nram

133 4908 245 4967 eharius
260 4912 287 4967 9.
325 4911 347 4942 ⁸¹
363 4910 511 4966 audomaro
523 4907 550 4962 2.
565 4908 591 4961 7.
606 4908 629 4963 B
649 4908 676 4964 9.
699 4909 725 4964 5.
742 4910 908 4967 audemauro
922 4910 948 4966 5.
970 4911 1060 4967 sancti
1070 4909 1228 4967 andcumuri
1238 4908 1266 4966 9.
1278 4918 1385 4966 otmaro
1397 4912 1415 4966 5
1427 4908 1450 4965 B
1463 4909 1489 4963 7.
1500 4909 1624 4965 othmaro
1638 4910 1663 4965 9.

170 5157 184 5186 ι
199 5142 273 5199 irater
286 5141 407 5196 Siciliam
423 5147 450 5194 et
465 5139 583 5195 Africam
599 5140 660 5196 sita,
970 5146 1158 5216 geographicis
1171 5146 1243 5201 haud
1259 5141 1377 5201 itttettio.

171 5215 185 5255 h
203 5213 276 5268 luter
289 5209 392 5265 Wilzos
408 5219 434 5265 et
447 5209 591 5265 abodritos
608 5210 678 5262 altra
693 5209 796 5264 ,illaiam
812 5211 917 5265 hahita-
1005 5213 1018 5252 a
1034 5216 1081 5270 1qu.
1092 5216 1191 5270 oum·

132 5286 211 5348 hard,
226 5281 373 5352 Smeldingi
388 5280 472 5335 binae
495 5281 632 5349 rropiores.
645 5279 685 5334 tlt.
701 5281 826 5334 tiltruniei
843 5280 921 5335 999-
1009 5296 1019 5323 e
1036 5286 1082 5339 llio
1107 5286 1205 5349 hidem
1220 5286 1255 5341 ui.
1287 5305 1294 5336 ι
1312 5280 1402 5342 liiuier
1421 5278 1556 5345 blattea»
1583 5291 1647 5336 terit.
1664 5279 1715 5345 lv,
1731 5296 1758 5354 p,

134 5354 261 5409 nicensis
274 5352 383 5418 Prode,
395 5349 427 5413 ll,
440 5297 502 5403 hill.
971 5353 987 5407 ὦ
1000 5355 1033 5407 ᾗ.

169 5422 356 5485 ‘Golthardio
372 5421 439 5475 thst.
456 5420 547 5474 Durriae
558 5436 585 5489 p.
602 5420 663 5483 iat,
680 5431 721 5474 est
737 5421 918 5483 liurirlt,rilla
1010 5428 1015 5462 t
1035 5425 1124 5479 ‘qums
1142 5426 1170 5480 5·
1185 5425 1307 5480 31„de

132 5509 216 5563 llil?la
243 5506 326 5563 prope
349 5490 532 5557 Wistttariartt,
557 5506 636 5556 tptatrt
655 5502 743 5545 taratra
765 5492 789 5543 ia
816 5506 919 5559 trrqqns
