3832 6120
117 305 152 360 bi
692 295 757 352 Lte.
778 294 857 353 nbi.
878 292 1027 350 reticent
1047 293 1196 351 umente.
1722 298 1758 358 38

119 427 165 472 tus
179 427 304 486 pugnans
316 427 366 481 pro
380 411 514 477 veritate,
529 418 622 481 ageret
637 419 734 464 contra
748 407 893 464 veritatem
907 411 954 474 ;·Α
967 406 1019 461 bus
1032 405 1121 472 lectis,
1142 403 1268 476 promisit
1282 419 1312 459 se
1326 405 1416 461 omnis
1438 405 1635 464 emendationis
1648 408 1760 484 diligen·
1857 416 1860 421 ’

118 506 167 578 quui
182 505 245 559 drvm
261 502 323 557 istis
342 499 485 556 catholicis
505 500 637 570 placeret,
663 498 717 554 illis
735 498 914 568 displiceret:
967 497 1032 552 tiam
1050 496 1158 551 sibimet
1172 496 1365 550 adhibiturum.
1378 495 1493 566 Propter
1511 510 1592 566 qrtarn
1607 514 1665 553 rem
1680 499 1761 556 silen-

118 594 192 665 quod
207 599 312 655 tamen,
334 590 391 644 beo
406 588 568 654 auxiliante,
583 587 702 645 loannes
717 595 744 643 et
759 587 853 659 Cyrilli
874 587 917 641 iu·
968 596 1010 643 ter
1032 603 1094 643 eum
1119 586 1268 651 dimittens,
1296 602 1350 641 non
1377 586 1470 656 putavi
1496 589 1681 645 necessarium
1699 606 1762 648 esse

120 686 227 743 dustria
240 690 396 737 correctum
417 689 470 736 est.
966 681 1076 736 easdem
1092 680 1274 749 blasphemias
1297 679 1355 749 ejus
1382 681 1410 736 iu
1434 691 1545 740 exteros
1570 685 1758 757 publicandas,

156 778 188 831 v.
211 774 274 828 lime
302 757 396 840 itaque
423 771 527 826 ideireo
550 768 584 824 ad
607 767 727 824 medium
750 766 861 832 deduxi,
886 772 917 820 ut
967 771 1030 841 quia
1053 781 1131 826 tneo
1149 770 1240 825 adme
1257 770 1419 840 pertinebat.
1735 836 1738 843 Ι

120 882 203 940 quam
216 862 367 930 subtiliter,
389 878 470 932 quam
490 860 641 926 humiliter,
668 875 750 931 qrram
769 860 916 926 veraciter,
1003 861 1048 917 vl.
1064 860 1078 900 ι
1096 859 1161 915 Post
1180 867 1296 915 mortem
1315 874 1380 914 vero
1393 859 1465 929 ejus,
1490 864 1604 933 cognovi
1617 880 1668 935 per
1680 882 1762 937 qnos-

119 975 202 1032 quam
223 955 318 1012 timide
340 954 404 1009 ildei
424 954 525 1009 veritas
546 953 706 1025 inquirenda
731 951 777 1017 sit,
802 951 917 1008 sollicite
967 950 1030 1006 dam
1044 949 1138 1005 ildeles
1154 948 1263 1015 iratres,
1277 949 1323 1020 qui
1343 949 1378 1004 ab
1398 951 1445 1005 illo
1458 953 1611 1019 audierant,
1627 955 1698 1026 quod
1719 956 1762 1011 di·

119 1048 332 1121 perpendamus.
350 1043 434 1113 igitur
447 1053 594 1114 antequam
619 1044 653 1101 de
673 1042 714 1098 eis
735 1057 796 1111 quae
818 1042 918 1111 praedi·
968 1040 1038 1095 xerit
1052 1039 1137 1095 ileum
1150 1039 1199 1094 Dei
1212 1040 1301 1094 Patris
1314 1039 1413 1094 Filium
1424 1041 1580 1098 nullatenus
1591 1044 1645 1099 diei
1660 1046 1761 1101 debere

120 1148 182 1193 etus
194 1135 269 1189 Felix
284 1134 387 1202 scripta
412 1132 521 1202 reliquit
545 1133 724 1203 disputemus,
749 1131 916 1202 praemitton-
966 1142 1078 1197 passum
1101 1136 1149 1183 aut
1162 1127 1333 1194 crucifixum,
1348 1130 1395 1184 sed
1409 1130 1444 1185 ab
1459 1146 1492 1184 eo
1505 1132 1642 1188 hominem
1656 1150 1760 1189 assum·

121 1230 186 1283 dum
200 1225 280 1280 video
293 1222 429 1293 utromodo
441 1222 561 1292 propriis
575 1222 666 1278 verbis
681 1221 853 1291 quibusdam,
869 1221 916 1274 ad-
966 1225 1061 1287 ptutn;
1076 1217 1238 1272 confirmare
1261 1218 1312 1273 boc
1330 1219 1421 1274 nitens
1440 1222 1564 1291 exemplo
1578 1223 1664 1287 lsaao,
1685 1225 1730 1294 qui
1745 1241 1761 1280 a

121 1318 175 1370 huc
189 1316 295 1373 vivens.
307 1312 398 1381 aliqua
418 1311 597 1381 improbanda
620 1311 786 1381 persuadere
799 1317 916 1368 conatus
966 1316 1044 1375 patre
1059 1306 1155 1362 ductus
1171 1306 1203 1362 ad
1224 1307 1429 1376 immolandum,
1453 1326 1509 1366 non
1527 1313 1596 1382 ipse,
1619 1315 1667 1370 sed
1691 1316 1762 1372 aries

121 1415 174 1463 est.
188 1404 281 1473 Coepit
301 1401 456 1471 aliquando,
471 1409 501 1456 ut
514 1401 583 1466 dixi,
598 1401 731 1471 quosdam
755 1403 864 1468 docere,
887 1408 917 1456 ut
966 1414 1015 1470 pro
1029 1415 1062 1455 eo
1075 1409 1117 1455 cst
1131 1401 1301 1468 immolatus,
1324 1411 1452 1474 tauquam
1476 1407 1503 1461 in
1528 1407 1604 1464 isaac
1629 1410 1761 1482 figuratus

121 1496 271 1551 crederent
292 1491 434 1546 Dominum
459 1499 582 1546 nostrum
603 1490 698 1547 desum
711 1491 861 1555 Christum,
874 1507 917 1547 se·
966 1489 997 1543 lit
1011 1488 1082 1544 itlius
1099 1489 1159 1554 Dei,
1176 1498 1203 1546 et
1221 1491 1248 1546 in
1261 1493 1347 1551 ariete
1362 1493 1433 1549 iilius
1445 1496 1572 1552 hominis.
1594 1497 1657 1555 Hac
1670 1509 1761 1556 autem

120 1584 241 1639 cundum
263 1595 373 1636 earnem
395 1581 533 1636 veraciter
553 1580 675 1636 nescisse
694 1581 848 1652 sepulcrum
861 1581 915 1635 La·
967 1579 1762 1661 iaciebatsaepedictusFelix,quianullatenusacquiesce·

122 1676 190 1738 rari,
205 1689 266 1728 eum
278 1675 381 1729 diceret
399 1673 539 1728 sororibus
554 1673 614 1744 ejus
629 1691 635 1726 :
652 1670 702 1726 eat
718 1673 842 1743 posuistis
855 1689 915 1727 enm
967 1670 1014 1724 bat
1029 1671 1140 1735 sentire,
1160 1686 1210 1726 nee
1223 1672 1338 1728 suadere
1349 1674 1459 1730 sibimet
1471 1676 1508 1730 ita
1521 1678 1640 1746 valebat,
1655 1688 1685 1734 ut
1701 1696 1762 1737 cre.

121 1763 215 1834 (Joan.
230 1780 268 1828 ur,
289 1762 346 1834 di),
362 1769 390 1818 et
400 1764 564 1819 veraciter·
583 1763 710 1834 ignorare
724 1763 797 1818 diem
808 1762 915 1831 judieii,
933 1751 954 1810 Β
968 1760 1045 1814 deret
1058 1761 1085 1815 in
1105 1776 1160 1815 uno
1181 1761 1297 1816 Domino
1321 1770 1415 1818 nostro
1437 1763 1501 1820 lesu
1517 1766 1626 1823 Christo
1647 1770 1760 1827 duarum

123 1853 257 1907 veraciter
269 1853 353 1907 etiam
367 1852 509 1923 ignorasse
519 1852 584 1922 quiid
596 1852 916 1918 conferreturaduobus
968 1858 1126 1905 naturarum
1157 1850 1308 1906 unitionem
1340 1853 1557 1911 substantialiter
1588 1858 1700 1925 laetam,
1734 1862 1783 1914 et·

122 1942 262 2012 discipulis
277 1942 481 1998 ambulantibus
495 1942 523 1997 in
537 1945 581 1997 via
595 1945 629 1998 de
646 1943 760 2013 hisquae
773 1943 846 2000 lancta
859 1944 918 2001 lue-
967 1939 1053 1995 Deum
1068 1942 1187 1996 Verbum
1213 1941 1362 1996 secundum
1384 1943 1586 2002 subsistentiam
1602 1950 1678 2002 carni
1702 1951 1761 2004 uni-

124 2045 186 2087 f¹¹¹¹¹
218 2033 245 2087 111
270 2033 455 2097 Hierusalem:
482 2033 618 2089 veraciter
646 2049 753 2103 unoque
778 2035 918 2104 ignorasse
968 2037 1043 2096 tum,
1058 2032 1131 2085 sicut
1148 2031 1250 2101 liquido
1271 2031 1298 2085 in
1321 2035 1550 2103 consequentibus
1564 2052 1598 2091 ex
1612 2039 1703 2094 verbis
1728 2040 1760 2094 il-

124 2129 214 2176 utrum
232 2120 292 2190 plus
302 2121 489 2192 diligeretura
508 2119 601 2184 Petro,
617 2135 699 2189 quam
712 2121 748 2175 ab
761 2120 824 2174 aliis
836 2120 918 2176 disei-
969 2119 1020 2175 lius
1033 2121 1184 2190 apparebit.
1202 2121 1302 2176 Contra
1316 2137 1376 2190 quse
1390 2131 1417 2176 et
1431 2139 1479 2178 nos
1496 2126 1633 2181 obviantia
1647 2129 1700 2182 sibi
1720 2140 1760 2184 te-

124 2214 206 2283 polis,
219 2230 281 2268 eum
295 2214 417 2268 diceret:
441 2212 534 2267 Simon
550 2211 637 2277 Petne,
658 2227 733 2265 omos
750 2227 791 2264 me
803 2210 863 2281 plur
877 2210 918 2265 tris
968 2211 1097 2266 stimouia
1121 2221 1278 2266 sanctorum
1301 2212 1424 2279 Patrem,
1442 2214 1497 2270 lieo
1512 2218 1670 2284 auxiliante,
1689 2221 1764 2290 post-

123 2303 215 2374 (Joon.
230 2320 293 2368 uxr,
316 2303 379 2373 toti
401 2302 458 2357 lloc
477 2309 507 2356 ut
520 2302 647 2372 cognovi,
661 2303 675 2341 1
689 2301 795 2357 accessi
807 2299 841 2354 ad
856 2315 919 2355 eum
969 2299 1024 2354 turi
1037 2315 1140 2356 sumus.
1162 2301 1273 2357 Timeus
1287 2304 1360 2358 enim
1375 2306 1583 2373 permixtionem
1603 2308 1763 2380 Eutyrbetis

122 2409 217 2448 eoram
242 2393 310 2461 ipsis
335 2392 435 2460 utribus
460 2392 514 2444 ista
536 2391 678 2456 suadebat,
699 2399 727 2447 et
753 2390 918 2462 interrogari
969 2386 1121 2454 incurrere,
1145 2390 1248 2444 eomuit
1265 2390 1293 2444 in
1320 2402 1332 2431 ⁶
1361 2392 1522 2448 divisionem
1548 2395 1678 2452 Nestorii.
1708 2396 1763 2454 Sed

123 2497 189 2535 eum
207 2490 298 2535 utrum
314 2481 351 2534 ita
365 2494 478 2550 prorsus
493 2479 617 2534 sentiret.
641 2478 718 2547 Quod
742 2496 803 2536 cum
817 2481 919 2537 conssr-
969 2481 1034 2550 quia
1048 2496 1122 2547 eum,
1145 2482 1179 2537 de
1201 2497 1255 2552 quo
1272 2497 1361 2538 sermo
1375 2493 1426 2550 est,
1442 2485 1578 2540 corruisse
1599 2486 1717 2545 diximus
1732 2490 1761 2546 in

126 2588 201 2626 ’ΜΝ
226 2578 355 2635 “mise‘’
378 2568 519 2640 01Ἱιῐιιιιιιῑ
542 2583 615 2634 eum,
641 2576 671 2625 ct
693 2569 844 2625 detestatus
857 2585 919 2626 sum
970 2571 1088 2626 Nestorii
1114 2573 1262 2641 pessimam
1289 2574 1460 2642 divisionem,
1490 2587 1673 2648 opportunum
1694 2592 1762 2651 puto

125 2678 224 2732 WWS
239 2676 380 2716 5⁶¹¹¹¹⁰¹¹⁰⁵
393 2661 467 2731 ejus,
483 2659 644 2729 ⁰⁸10¹¹diilue
666 2660 919 2730 11ῑι101111,οιιιι·ιιι
969 2676 1030 2717 esse
1050 2663 1077 2716 iu
1092 2662 1144 2717 hoc
1166 2662 1227 2718 looo
1249 2678 1351 2734 ponere
1366 2667 1516 2722 sententias
1537 2668 1665 2735 Nestorii,
1685 2681 1762 2728 anto-

125 2769 181 2822 ΨΜ
205 2751 330 2807 cumdii
352 2752 404 2806 5⁸¹³
430 2750 615 2820 repudiarem,
640 2759 667 2811 ιι
685 2764 738 2820 (tuo
753 2766 835 2806 sensu
860 2749 919 2806 loca
969 2755 1051 2823 quam
1068 2753 1102 2807 ad
1116 2752 1196 2823 huius
1209 2755 1280 2811 dicta
1298 2755 1467 2812 discutienda
1481 2759 1635 2825 veniamus;
1650 2768 1680 2815 ut
1693 2777 1758 2831 pru·

126 2844 173 2897 illa
191 2843 391 2912 seripturarum
410 2841 562 2912 intelligere
576 2841 724 2908 debereut;
742 2842 847 2913 ipsique
866 2843 919 2898 Fe·
970 2845 1037 2901 dens
1059 2843 1145 2900 lector
1165 2859 1328 2916 cognoscere
1347 2846 1435 2902 valeat
1450 2862 1530 2917 quam
1549 2864 1670 2905 consona
1684 2851 1760 2907 felix

127 2934 173 2988 ¹1⁰5
199 2941 322 3003 sumitis
351 2942 508 2986 ⁵²⁰⁰²0f¹¹¹¹¹
532 2931 645 2986 Ρ11111111
672 2933 833 2996 sententias,
859 2949 920 3005 quae
970 2934 1094 2990 Nestoris
1107 2936 1234 3001 senserit,
1250 2945 1278 2992 et
1295 2936 1448 3007 ubicunque
1471 2939 1542 2993 male
1567 2949 1712 3012 utramque
1735 2943 1764 2998 in

128 3026 302 3095 blasphemiis
315 3023 373 3094 eius
386 3024 555 3080 contrairent
588 3023 718 3095 legendas
739 3023 835 3080 direxi.
855 3023 920 3092 Qui·
971 3026 1150 3081 unobomino
1164 3026 1260 3081 dividit
1272 3027 1452 3081 substantiam
1478 3035 1507 3082 et
1519 3027 1644 3099 confugit
1665 3031 1764 3087 iterum

806 3149 944 3207 13thle
960 3150 1078 3207 NO'FAE.

165 3290 317 3362 argaman
331 3289 398 3342 diem
409 3285 517 3357 judicii.
536 3285 611 3341 idem
630 3284 734 3339 crimen
761 3282 844 3338 Felici
876 3290 958 3353 ene
974 3285 1001 3340 in
1013 3284 1099 3340 aliena
1111 3286 1261 3355 provincia,
1281 3288 1306 3343 ιιι
1333 3287 1502 3346 Narbonensi
1529 3292 1667 3349 nimirum.
1694 3295 1762 3353 Nam

149 3361 240 3416 robra't
250 3360 333 3414 etiam
350 3358 480 3416 dicuinus
494 3357 522 3411 in
538 3356 606 3410 libro
621 3370 637 3407 v
651 3355 783 3408 adversus
796 3354 921 3408 eumdem
977 3366 1045 3419 ttrnr,
1060 3365 1122 3425 post
1139 3357 1293 3413 hlaurorum
1310 3359 1335 3412 in
1350 3359 1493 3429 Hispanias
1506 3363 1660 3430 adveutum,
1674 3368 1764 3423 excisa

129 3378 267 3486 Felicem:
285 3447 294 3480 t
311 3428 487 3495 Tarrdemque
497 3425 561 3480 illue
572 3423 733 3495 pervenisti,
764 3423 863 3494 inquit,
879 3423 924 3477 ubi
975 3427 1139 3489 Tarracone,
1155 3427 1274 3498 episcopi
1289 3429 1394 3483 illarum
1414 3431 1532 3498 partium
1548 3435 1598 3488 sub
1609 3438 1765 3506 metropoli-

129 3501 162 3555 de
182 3502 225 3555 die
251 3499 338 3554 ultimi
368 3496 501 3551 evantinis
529 3496 599 3550 idem
620 3493 750 3548 llomiuus
777 3493 922 3563 loquitur:
975 3505 1040 3550 tano
1051 3495 1218 3553 Narbonensi
1238 3508 1378 3564 erarrt;ut
1400 3501 1521 3568 pluribus
1546 3503 1647 3558 dictum
1671 3514 1713 3560 est
1737 3508 1765 3563 iu

129 3569 207 3638 cujus
223 3570 274 3625 diei
288 3568 470 3637 cognitionem
493 3566 614 3627 Christo,
635 3564 663 3618 iu
688 3572 821 3633 qutautuur
843 3564 925 3618 lrorrro
975 3567 1048 3621 rrotis
1060 3568 1094 3620 ad
1116 3568 1263 3623 concilium
1293 3568 1467 3626 Narbonense
1485 3572 1605 3627 habitum
1635 3575 1766 3632 adversus

131 3651 182 3703 est,
200 3640 333 3709 denegare
346 3637 465 3697 laboras,
476 3645 507 3689 ut
521 3651 554 3693 ex
569 3636 623 3690 tuis
638 3632 729 3713 verbis
744 3634 854 3714 agriosci
868 3649 924 3714 ‘po-
975 3638 1103 3692 Feiicem.
1123 3637 1168 3692 Sic
1184 3638 1329 3694 Faustinus
1354 3640 1496 3710 episcopus
1523 3641 1710 3711 Lugdunensis
1731 3647 1765 3702 de

132 3720 194 3764 test.
215 3730 225 3762 ι
241 3710 309 3762 Τιιιιι
328 3708 411 3761 verba
424 3705 522 3760 Felicis
542 3705 662 3769 adducit,
677 3719 705 3756 m
730 3703 829 3784 qtrrbus
850 3705 924 3757 vnio
975 3722 1056 3761 causa
1073 3707 1205 3763 biturclani
1218 3708 1385 3764 Arelatensis
1398 3711 1516 3780 episcopi
1532 3726 1695 3781 cognoscere
1717 3731 1766 3770 no-

132 3781 212 3835 batur
223 3781 259 3833 ita
272 3777 437 3847 scripsisse:
460 3775 544 3844 «lpse
563 3783 606 3829 est
635 3772 720 3838 enim,
745 3774 847 3841 irinum,
877 3773 924 3842 qtti
975 3776 1765 3848 luit,eoquodessctepiscopusinaliouaproviueia,in
1801 3840 1804 3845 .

130 3848 280 3905 secundum
292 3846 490 3918 praescientiam
520 3845 634 3899 Deitatis
658 3843 730 3898 diem
751 3840 847 3910 judieii
875 3859 925 3912 per
975 3845 1143 3902 litarbouensi
1158 3848 1296 3909 nimirum,
1311 3855 1340 3899 ut
1353 3847 1475 3915 pluribus
1486 3848 1603 3915 explicat
1616 3850 1765 3909 illustrissi-

133 3919 293 3988 propbetam
316 3916 452 3988 praedixit.
471 3915 534 3968 Dies
562 3915 635 3968 enim
659 3913 768 3966 ultionis
791 3913 817 3965 in
843 3913 925 3966 cordo
975 3931 1036 3968 rrius
1052 3915 1093 3968 vir
1102 3915 1201 3968 Petrus
1219 3915 1252 3968 de
1267 3915 1358 3968 llarea
1372 3916 1591 3986 archiepiscopus
1603 3919 1765 3979 Parisieusis

134 4005 205 4051 roeo,
222 4003 308 4040 arrnus
325 3984 518 4054 redemptionis
532 3998 600 4037 meae
613 3981 696 4036 venit.
712 3980 771 4050 lpse
787 3980 925 4033 nihilomi·
974 3982 1002 4036 in
1019 3983 1089 4036 libro
1104 3983 1191 4051 primo
1206 3983 1239 4037 de
1260 3981 1574 4043 ConcordiaSaeerdotti
1595 3998 1624 4044 et
1646 3991 1764 4062 imperii,
1830 4058 1833 4065 ι
1865 4008 1872 4017 ·

134 4074 185 4112 rrrrs
198 4066 240 4111 est
250 4065 361 4127 propter
372 4052 550 4109 hunmuitatis
567 4060 709 4115 naturam,
720 4049 771 4172 gui
784 4049 811 4102 in
837 4048 925 4102 Evan-
975 4066 1034 4123 eap.
1053 4052 1097 4116 10,
1109 4052 1123 4125 ᾖ
1136 4053 1170 4118 8;
1185 4061 1212 4107 et
1226 4052 1271 4108 lib.
1289 4069 1338 4117 vu,
1352 4069 1410 4125 cap.
1426 4060 1450 4118 l,
1466 4056 1480 4129 ᾖ
1494 4055 1520 4110 5.

133 4129 202 4195 gotio
215 4127 362 4181 secuudum
379 4125 496 4179 ilarcum
511 4128 679 4192 protestatur
694 4134 701 4172 ε
769 4118 812 4171 die
836 4128 924 4172 antem
1009 4123 1023 4162 d
1038 4122 1102 4176 Post
1116 4131 1225 4177 mortem
1237 4140 1297 4177 nero
1308 4124 1374 4194 rjus.
1392 4126 1461 4182 ilinc
1473 4127 1533 4182 colli
1554 4128 1560 4181 i
1577 4137 1667 4197 potest
1682 4132 1765 4203 (quod

133 4196 181 4249 illo
193 4207 215 4249 ot
226 4197 291 4248 horo
303 4210 380 4251 ncnto
390 4196 451 4257 scit,
464 4209 544 4262 neone
566 4190 653 4262 angeli
678 4188 812 4254 celorum,
843 4205 925 4259 neque
974 4201 1002 4247 et
1014 4193 1073 4247 hdo
1086 4193 1179 4264 tradit)
1192 4192 1308 4250 Felicem
1321 4204 1455 4250 mortuum
1468 4212 1529 4253 esse
1536 4144 1676 4267 ffittgduni.
1688 4202 1765 4268 Quod

134 4264 229 4329 Filius,
241 4263 292 4318 nisi
309 4263 389 4317 Potor
406 4264 489 4317 solus.
510 4282 519 4314 r
974 4263 1055 4317 etium
1071 4272 1144 4331 putet
1159 4277 1191 4317 cx
1204 4263 1263 4333 ipso
1276 4262 1337 4319 libri
1354 4264 1433 4321 istius
1455 4267 1533 4321 initio
1549 4284 1555 4319 :
1569 4268 1596 4321 iu
1622 4284 1676 4338 quo
1698 4271 1767 4342 Ago-

169 4336 183 4375 b
197 4334 344 4390 dccesaied
355 4349 426 4398 cant,
438 4333 566 4387 nimirum
579 4331 606 4384 in
620 4331 728 4384 civitate
739 4328 923 4400 Lugdunerrsi,
974 4332 1075 4387 bardus
1091 4334 1129 4386 ait
1144 4343 1279 4401 repertam
1296 4349 1310 4386 a
1328 4349 1356 4388 se
1370 4344 1432 4404 post
1445 4346 1559 4391 mortem
1569 4337 1667 4393 Felicis
1681 4339 1766 4397 luisse

133 4406 178 4460 rubi
196 4405 336 4460 exsulasse
355 4418 416 4457 eum
448 4402 529 4455 tradit
545 4401 604 4453 hdo
627 4401 668 4454 his
694 4398 820 4453 verbis«
849 4398 924 4453 Felix
975 4400 1129 4456 schedulam
1140 4402 1285 4470 quamdam
1301 4404 1335 4456 ab
1350 4418 1383 4457 eo
1406 4405 1506 4459 editam
1533 4406 1582 4460 sub
1610 4408 1699 4476 specie
1724 4411 1765 4465 in·

137 4476 321 4545 b'rgellitauus
332 4474 475 4542 episcopus
491 4471 635 4525 harreticus
650 4472 674 4523 tlt
684 4469 846 4539 prehensus,
861 4469 926 4522 ado·
976 4472 1168 4540 terrogatiouis
1182 4479 1211 4523 et
1224 4473 1418 4540 responsionis.
1446 4475 1485 4527 Ex
1506 4474 1637 4544 Lugduuo
1661 4486 1764 4545 autem,

153 4547 236 4599 tivum
248 4558 301 4599 nou
312 4543 451 4614 proprium
466 4541 563 4596 Filium
576 4540 623 4595 bet
640 4539 783 4593 [loruiuum
800 4549 925 4593 nostrum
976 4556 1030 4610 quo
1042 4556 1103 4595 eunt
1119 4540 1266 4611 relegatum
1278 4550 1368 4608 putoa
1383 4543 1480 4598 Carolo
1503 4544 1599 4612 blaguo
1624 4562 1696 4601 anno
1714 4549 1766 4605 tea

133 4562 225 4668 gestum
239 4613 377 4670 Christum
403 4612 588 4682 dogmatirans
604 4628 610 4662 ε
624 4610 669 4679 qtri
693 4609 726 4662 ad
750 4606 924 4688 praesentiam
939 4626 962 4689 υ
976 4619 1036 4735 post
1050 4610 1180 4681 synodum
1195 4608 1441 4680 hquisgrauensem
1453 4613 1582 4683 scriptam
1608 4616 1727 4671 arbitror
1750 4633 1767 4673 a

134 4684 244 4738 hdriani
256 4683 394 4754 pontilicis
416 4680 530 4735 Rotnani
541 4680 682 4741 deductus,
700 4677 924 4732 haeresrmverbrs
988 4681 1065 4736 'elice
1076 4680 1220 4751 epistolam
1232 4681 1264 4736 de
1282 4681 1344 4735 lidei
1361 4681 1532 4737 confessione
1554 4685 1588 4739 ag
1610 4684 1712 4741 elegum
1740 4696 1769 4743 02

134 4755 303 4808 solummodo
324 4752 466 4807 abdicavit.
484 4751 609 4820 synodus
622 4751 721 4808 iterum
737 4747 807 4801 iacta
829 4755 925 4801 contra
1011 4750 1104 4820 pulum
1128 4749 1323 4822 Urgelleusem,
1339 4767 1400 4821 quae
1425 4753 1497 4808 edita
1521 4762 1562 4807 est
1588 4751 1661 4808 lnt'or
1685 4772 1767 4827 opera

135 4825 234 4879 dictauu
255 4822 381 4877 haeresim
394 4822 422 4874 ιιι
435 4818 644 4885 Francouoiurt,
658 4817 754 4888 legatis
768 4815 924 4887 apostolica
999 4821 1092 4875 leuini.
1108 4822 1158 4875 Diu
1172 4836 1204 4874 er
1221 4830 1313 4891 opost
1326 4821 1520 4890 depositionem
1536 4839 1613 4878 suam
1628 4837 1768 4896 superstes

135 4894 208 4948 sodis
227 4891 434 4963 presidentibus
456 4889 656 4960 Theophylaoto
673 4895 700 4942 et
712 4886 849 4967 Stephano
867 4885 926 4954 epi·
962 4890 1060 4946 ‘fuisse
1071 4891 1180 4945 videtur
1214 4890 1278 4956 elix,
1292 4891 1420 4947 nimirum
1435 4909 1522 4965 usque
1539 4894 1574 4950 ad
1588 4896 1695 4950 initium
1714 4897 1767 4951 im·

137 4963 236 5032 scopis,
248 4971 276 5017 et
287 4961 613 5017 auctoritatesanotorum
623 4959 733 5012 Petrum
746 4964 887 5011 convictus
897 4963 926 5010 et
976 4960 1045 5030 perii
1060 4961 1187 5016 Ludovici
1203 4960 1254 5014 Pii.
1839 5017 1843 5025 ,

137 5030 449 5087 damuatuecstlterum
468 5031 543 5085 Felix
559 5045 621 5084 cum
636 5035 827 5095 erroresuope
862 5036 926 5080 etuo
1017 5029 1205 5084 ebtatstmnm
1224 5028 1352 5087 Nestorii.
1363 5032 1493 5088 dicuinus
1507 5034 1534 5087 in
1556 5032 1645 5087 libror
1671 5034 1769 5089 adver-

138 5102 234 5156 exsilio
259 5103 328 5172 apud
342 5099 503 5171 Lugdunum
515 5100 649 5171 relegatus
668 5108 721 5163 est,
735 5112 816 5167 quem
847 5103 927 5149 erunt
976 5115 1024 5156 sus
1034 5100 1152 5154 Felicem
1167 5117 1174 5151 ι
1197 5118 1206 5151 ι
1225 5099 1280 5156 Nos
1290 5119 1344 5157 non
1358 5105 1498 5173 sequimur
1512 5117 1562 5156 nee
1576 5101 1768 5160 Nestoriauam

138 5173 165 5224 iu
183 5171 242 5239 ipso
259 5185 409 5227 suoerrore
423 5179 569 5226 mortuum.
586 5189 596 5222 ι
614 5169 659 5224 Sic
672 5170 744 5221 enim
759 5167 926 5247 habetvetus
976 5170 1148 5231 divisionem,
1162 5168 1207 5239 qui
1217 5182 1327 5242 propter
1341 5173 1408 5228 duas
1421 5181 1534 5227 naturas
1556 5172 1623 5228 duras
1636 5187 1770 5241 personas

139 5241 236 5305 editio,
249 5242 343 5296 melius
356 5239 478 5311 proiecto
493 5254 574 5311 quam
591 5254 690 5309 eaquae
703 5238 774 5308 typis
782 5235 927 5291 Semurium
976 5241 1003 5295 in
1015 5240 1124 5295 Christo
1134 5239 1255 5296 inserere
1264 5242 1358 5307 voluit,
1373 5258 1423 5297 nec
1445 5241 1604 5312 Eutyrhctis
1628 5243 1768 5299 eonhrsio·

138 5327 240 5366 uvcrrsa
255 5320 296 5365 est
312 5310 423 5366 Parisiis
433 5326 506 5366 auno
519 5309 587 5365 1583
611 5324 677 5364 eura
692 5307 829 5361 Laurentii
852 5307 885 5360 do
901 5305 927 5359 la
976 5325 1049 5376 nem,
1063 5311 1109 5379 qui
1126 5318 1237 5380 propter
1251 5328 1331 5367 unam
1343 5327 1486 5381 personam
1502 5327 1580 5364 unam
1592 5324 1715 5368 nauteam
1740 5315 1768 5369 in

138 5380 231 5440 harro,
245 5383 271 5435 in
287 5396 339 5452 qua
351 5389 486 5454 postrema
497 5381 579 5436 verba
594 5377 924 5449 lrttjuslocisieleguutttr:
976 5379 1085 5436 Christo
1097 5380 1218 5435 intexere
1234 5382 1326 5436 voluit.
1342 5381 1429 5435 hurbo
1448 5396 1464 5435 a
1485 5383 1618 5437 catholica
1644 5384 1697 5438 ilde
1719 5384 1768 5439 de·

139 5454 307 5506 consisteret
319 5451 460 5506 damnatur
472 5460 510 5505 est
532 5452 625 5504 iterum
647 5447 725 5501 Felix
750 5465 809 5501 cam
838 5462 928 5526 errore
979 5452 1096 5513 uiantes,
1115 5450 1253 5520 impietate
1277 5466 1367 5522 pares,
1391 5451 1456 5519 quia
1484 5451 1563 5508 iidem
1588 5464 1688 5508 rectam
1715 5469 1770 5509 non

138 5538 197 5586 1110,
213 5533 388 5593 perpetuoque
398 5521 502 5584 exsilio,
516 5533 569 5583 ete,
583 5519 654 5588 huod
668 5517 756 5572 111111ιί
768 5517 818 5572 luit
832 5513 926 5571 6111111·
981 5529 1142 5584 tenueruut;
1154 5521 1202 5576 sed
1221 5535 1315 5577 erroro
1329 5521 1456 5590 iurgares,
1469 5522 1532 5593 quia
1544 5525 1596 5580 iste
1616 5522 1767 5589 cortiundit,

141 5592 246 5648 tissime
257 5593 316 5647 viro
330 5590 570 5647 loanailiarianae.
980 5592 1025 5648 ille
1037 5591 1141 5648 dividit.
1160 5611 1170 5643 ι

176 5675 189 5703 1
208 5663 265 5719 Nec
276 5663 310 5718 ad
324 5679 363 5718 rrte
375 5659 528 5735 pertinebat.
544 5659 564 5715 F
566 5659 619 5717 clix
630 5660 702 5717 enirn
716 5666 775 5717 erat
785 5657 928 5730 episcopus
