3832 6120
134 269 188 335 ¹8⁵
705 265 1184 330 erusteusantturrunncu.
1711 274 1763 330 ,35

133 393 245 457 ceptum
258 381 443 454 evangelicum
457 390 485 440 et
502 387 688 457 apostolicum,
705 384 884 459 cumjcjtnriis
897 394 925 442 et
937 389 965 450 A
977 385 1110 440 dicentem
1127 404 1133 438 :
1154 383 1282 454 Nunquid
1304 385 1412 453 offeram
1434 380 1486 437 Deo
1512 382 1722 438 lrolocantoruote
1739 394 1764 439 et

134 475 318 542 orationibus;
337 474 435 546 quibus
455 476 553 534 sociari
570 478 651 537 debet
661 479 840 550 eleemosyna.
855 479 924 534 Nam
974 477 1068 530 obulos
1080 476 1236 530 cuniculos?
1250 475 1377 548 Nuuqnid
1390 474 1491 546 placari
1502 483 1585 546 potest
1596 473 1724 528 lloruiuur
1735 475 1763 528 iu

137 572 160 629 si
180 576 271 626 essent
285 567 362 638 sigua
385 567 547 634 sanitatum,
562 585 622 640 quoe
645 571 700 626 Deo
722 570 855 640 largiente
874 585 925 640 per
975 564 1091 620 millibus
1113 569 1236 631 arietum,
1258 574 1304 620 ant
1327 566 1354 620 iu
1380 563 1468 620 multis
1492 563 1606 617 millibus
1629 563 1762 618 hircorum

136 661 236 718 merita
259 667 416 716 sanctorum
440 674 569 714 concesse
595 660 758 726 viderentur,
776 677 925 718 concursus
974 662 1128 735 pingnium?
1154 661 1281 734 Nunqur'd
1304 664 1372 717 dubo
1395 665 1594 735 prirrroqeuitum
1610 680 1697 718 meum
1717 679 1765 734 pra

136 754 172 809 ad
187 752 282 808 eadem
297 750 357 805 loca
370 764 538 819 consequens
552 758 641 815 esset;
653 759 681 805 et
696 752 718 806 si
731 752 832 822 aliquid
850 752 926 807 obla·
975 756 1070 811 scelere
1092 773 1159 823 meo,
1175 757 1290 826 fructum
1312 757 1409 810 uerutis
1424 757 1474 809 mei
1490 773 1538 827 pro
1550 766 1654 827 peccato
1668 757 1764 810 anime

140 847 242 901 donum
255 844 293 898 ibi
307 843 420 896 daretur
435 857 510 897 more
524 842 720 909 ecclesiastico,
736 853 764 899 et
776 844 926 900 secundum
975 848 1061 901 mee?
1079 849 1189 902 Etcum
1214 848 1241 901 iu
1257 847 1299 902 his
1312 846 1438 900 omuibus
1452 855 1573 917 negetur,
1598 847 1765 900 subinfertur

140 935 342 1007 dispositionem
356 932 477 996 Patrum,
493 941 565 987 esset
578 934 670 1002 utique
685 933 853 989 fructuosum
868 936 926 1002 ipso
976 936 1048 991 illico
1062 937 1201 1006 inquibus
1215 937 1345 991 bertuinus
1365 937 1467 1007 placari
1481 938 1575 1007 possit,
1593 952 1654 990 cnm
1677 937 1765 991 dicit:

140 1042 190 1084 usu
205 1024 409 1081 misericordiae.
428 1022 506 1079 Nunc
519 1033 611 1081 autem
629 1027 692 1096 quia
707 1026 847 1096 cupiditati
860 1041 928 1097 quo-
976 1025 1102 1081 ludicalro
1116 1028 1173 1094 tibi,
1190 1044 1204 1081 o
1219 1028 1307 1090 tronto,
1320 1026 1382 1098 quid
1396 1026 1548 1089 altbertum,
1562 1025 1659 1094 etquid
1674 1024 1763 1077 llouri·

139 1118 261 1174 rumdam
274 1123 303 1171 et
316 1113 437 1170 avaritiae
453 1112 627 1183 iaruulautur,
650 1130 704 1170 non
730 1115 826 1170 exinde
840 1116 926 1170 bono·
978 1133 1026 1171 nus
1038 1126 1138 1188 qureret
1158 1134 1174 1171 a
1194 1127 1228 1171 te.
1245 1105 1338 1186 Utique
1351 1116 1436 1186 fucere
1450 1116 1592 1186 judicium,
1609 1125 1633 1168 et
1656 1113 1765 1183 diliqcre

139 1217 217 1263 ratur
234 1207 349 1273 Deus·
375 1221 425 1261 nec
452 1205 615 1274 pauperibus
644 1205 821 1261 succurritur.
853 1203 928 1260 llauc
977 1208 1233 1273 misericordiane
1254 1206 1394 1261 sollicitum
1411 1206 1615 1261 ambularecnm
1638 1205 1691 1259 Deo
1708 1216 1764 1260 tuo.

137 1300 211 1354 enirn
238 1313 297 1353 rem
319 1297 342 1351 si
365 1296 512 1352 secundnm
536 1295 702 1350 voluntatem
729 1293 776 1349 Dei
805 1301 926 1366 agerent,
978 1296 1055 1351 Sicut
1075 1297 1148 1351 enim
1175 1297 1386 1367 reprehensibile
1407 1305 1450 1352 est
1468 1311 1525 1352 rem
1547 1311 1696 1367 pauperum
1711 1310 1766 1350 nou

134 1389 212 1459 juxta
227 1387 297 1457 quod
311 1402 361 1457 per
374 1400 467 1442 omues
480 1393 589 1441 sanctas
604 1384 759 1454 Scripturas
773 1399 833 1438 eam
856 1383 928 1440 neus
977 1388 1140 1456 pauperibus
1154 1388 1331 1453 distribuere;
1347 1387 1609 1454 siciulructuosum,
1623 1388 1689 1442 sica
1704 1402 1767 1456 quae

138 1482 294 1537 bominibus
307 1480 391 1536 voluit
403 1479 534 1545 iudicari;
559 1479 661 1534 scirent
676 1478 768 1547 utique
781 1492 863 1545 quam
882 1492 928 1530 su·
978 1479 1108 1534 deberent
1125 1479 1253 1535 Ecclesiae
1271 1481 1390 1535 rlebitam
1409 1480 1587 1534 reverentiam
1614 1478 1768 1533 exbibeuti·

138 1576 259 1632 blimiter
271 1584 298 1630 et
311 1572 508 1630 admirabiliter
519 1571 599 1643 hujus
609 1571 649 1626 rei
664 1570 787 1626 semitam
799 1568 928 1624 Dominus
976 1569 1038 1634 bus,
1063 1570 1179 1640 erogari,
1205 1570 1360 1640 cupiditatis
1385 1576 1451 1625 aestu
1482 1568 1687 1631 anhelantibus,
1716 1565 1763 1622 vel

138 1666 325 1722 demonstrare
340 1665 465 1736 diguatus
480 1663 515 1718 sit
533 1677 582 1733 per
604 1661 744 1717 bliehaeam
767 1659 927 1730 prophetam
977 1675 1059 1715 avare
1077 1659 1208 1717 servanda
1226 1661 1268 1717 vel
1285 1662 1418 1717 abutenda
1433 1660 1544 1731 prodige
1558 1657 1740 1714 conferantur.
1804 1658 1808 1665 “

815 1763 950 1822 BALUle
968 1765 1083 1823 NOTAE.

175 1874 188 1903 ¹
208 1859 264 1916 Nec
284 1861 440 1932 pauperibus
463 1863 634 1915 succurritur.
659 1856 838 1912 Existimabat
862 1872 927 1927 ergo
942 1863 964 1922 Β
978 1862 1170 1916 conservandis
1182 1877 1235 1917 non
1246 1862 1368 1917 laborent
1382 1870 1508 1932 tanquam
1520 1876 1570 1932 pro
1581 1861 1635 1916 aris
1643 1871 1669 1917 et
1683 1861 1767 1917 focis?

138 1933 295 2004 Agobardus
306 1931 455 1986 oblationes
468 1946 528 2002 quae
541 1930 609 1984 stunt
623 1929 656 1984 ad
667 1928 811 1983 memorias
824 1935 927 1997 marty·
977 1927 1099 1998 Denique
1109 1931 1226 2001 plurima
1239 1933 1296 1987 loca
1310 1942 1381 1997 sunt,
1397 1933 1494 2003 inclyta
1508 1941 1581 1987 certe
1594 1948 1643 2003 per
1660 1933 1765 2002 indige-

140 2018 199 2056 ruru
220 2017 276 2056 rem
299 2017 358 2057 esse
379 2015 541 2072 pauperum,
565 2015 652 2068 neque
673 1999 795 2052 inventas
816 2011 875 2050 esse
893 1998 927 2053 ad
977 2015 1027 2053 nas
1043 2001 1230 2071 advenasque,
1247 2003 1344 2074 quibus
1360 2020 1411 2057 nou
1427 2005 1495 2059 alius
1515 2004 1614 2057 certior
1633 2012 1678 2058 aut
1693 2003 1767 2058 lucu-

140 2073 263 2127 aleudam
275 2071 478 2141 praepositorum
492 2072 645 2132 avaritiam,
661 2077 709 2122 aut
721 2068 822 2133 luxum,
837 2066 879 2122 vel
893 2067 927 2122 ad
977 2069 1076 2125 lentior
1090 2070 1188 2126 fundus
1201 2080 1252 2136 εεῑ,
1268 2088 1348 2142 qoam
1363 2074 1408 2143 qni
1428 2089 1461 2128 ex
1476 2073 1654 2128 oblationibus
1668 2087 1765 2141 prove-

140 2144 222 2196 vitam
235 2141 401 2197 commodius
416 2142 605 2196 transeundum
623 2156 629 2194 :
646 2140 737 2208 itaque
753 2151 800 2193 eas
815 2137 928 2193 oblatio·
978 2142 1027 2194 nit.
1044 2142 1077 2196 Et
1089 2141 1169 2197 laudo
1186 2143 1298 2197 istorum
1311 2144 1447 2213 pietatem.
1462 2144 1514 2198 Sed
1529 2144 1633 2198 valdee
1654 2147 1763 2196 mudum

140 2227 189 2266 nes
203 2228 262 2267 esse
276 2213 469 2267 convertendas
478 2212 503 2265 iu
518 2211 641 2265 solatium
653 2224 814 2279 pauperum,
827 2207 928 2277 alioqui
978 2222 1049 2266 esset
1063 2220 1091 2267 ut
1106 2212 1222 2281 aliquam
1236 2229 1300 2284 erga
1313 2229 1443 2283 pauperes
1458 2215 1616 2269 charitatem
1634 2157 1767 2267 taberent

140 2283 211 2337 enim
230 2283 376 2352 pessimum
395 2296 454 2335 esse
472 2296 565 2335 earum
579 2297 666 2334 usum.
682 2279 718 2332 llt
732 2279 812 2333 hodie
830 2287 929 2347 quotus
979 2280 1110 2352 liquibus
1127 2284 1334 2353 colligendarum
1355 2284 1518 2339 oblationum
1537 2299 1601 2339 cura
1619 2282 1767 2338 committi·

139 2352 256 2420 quisque
279 2352 387 2404 taudem
407 2361 448 2404 est
468 2366 560 2404 eorum
578 2351 623 2418 qui
642 2351 675 2403 ad
695 2364 756 2402 aras
775 2355 931 2403 sanctorum
979 2359 1032 2415 tur,
1050 2367 1100 2406 uec
1112 2368 1159 2408 eas
1173 2361 1277 2409 tantum
1288 2356 1322 2410 ad
1334 2356 1454 2410 ornanda
1468 2354 1564 2426 templa
1581 2363 1685 2408 mortua
1702 2367 1767 2407 con·

139 2421 254 2481 sedent,
269 2422 312 2475 eui
325 2436 482 2489 persuasum
499 2436 552 2474 nou
571 2421 606 2473 sit
621 2420 687 2473 nibil
702 2436 734 2474 ex
750 2418 931 2474 oblationibus
980 2430 1128 2478 verterent.

139 2489 266 2546 decidere
282 2490 375 2546 debere
390 2490 562 2560 pauperibus,
575 2490 675 2560 quique
685 2505 733 2558 pro
747 2489 866 2545 donariis
878 2488 931 2543 illis

1342 2601 1748 2619 Μ

456 2701 522 2775 tu
549 2699 871 2776 MlTFllEDUll
909 2698 1176 2777 PROGEREM
1214 2701 1451 2793 PlblTll,

668 2851 936 2909 nernonuroun
954 2852 999 2907 nn
1017 2849 1226 2908 urrusrnus.

178 3028 301 3085 Virorum
310 3026 532 3099 praestantissimo
542 3035 623 3096 atque
639 3025 822 3081 illustrissimo
834 3037 847 3066 ¹
859 3025 925 3080 blat-
938 3032 960 3094 C
975 3028 1026 3083 bus
1038 3026 1053 3066 b
1072 3025 1226 3081 ministrum
1239 3024 1411 3094 imperatoris
1424 3032 1451 3080 et
1471 3023 1593 3094 imperii,
1607 3036 1636 3082 et
1646 3043 1701 3098 prae
1713 3046 1766 3086 eat-

139 3120 215 3178 iredo
234 3121 392 3192 llgobardus
405 3118 432 3172 iu
451 3117 559 3172 Christo
579 3117 693 3172 Domino
713 3116 881 3173 vivificatore
895 3132 926 3173 ac
981 3117 1047 3190 teris
1068 3117 1257 3173 honorificavit
1278 3126 1306 3173 et
1326 3117 1430 3182 ditavit,
1449 3133 1502 3172 non
1526 3118 1611 3174 solum
1633 3122 1763 3189 euterius,

141 3214 275 3269 salvatore
293 3219 385 3267 nostro
402 3212 486 3265 vitam
501 3219 529 3264 et
542 3208 656 3265 salntem
674 3193 813 3264 eternam.
979 3223 1074 3265 verum
1091 3209 1174 3263 etiam
1196 3207 1318 3271 interius,
1334 3208 1477 3278 prudentia
1490 3209 1625 3276 videlicet,
1644 3209 1762 3282 justitia,

174 3303 293 3359 Obsecro
305 3299 583 3371 precellentissimam
596 3298 747 3353 claritatem
767 3307 884 3354 vestram
897 3308 928 3355 ut
979 3300 1139 3358 fortitudine
1153 3308 1181 3356 et
1204 3299 1392 3370 temperantia,
1413 3298 1510 3369 quibas
1523 3302 1668 3356 secundom
1690 3302 1764 3359 Scri·

138 3395 271 3466 patienter
291 3401 319 3448 et
339 3392 486 3447 clementer
507 3390 601 3445 audire
616 3390 741 3459 dignetur
762 3404 822 3459 quae
839 3389 927 3446 fidelis
978 3401 1073 3465 pturas
1090 3391 1157 3447 nibil
1171 3391 1263 3448 utilius
1276 3394 1318 3447 e'st
1340 3391 1367 3446 iu
1387 3390 1441 3445 vita
1459 3391 1592 3457 bominis;
1612 3394 1764 3450 cortstituit-

140 3487 260 3558 suggerit
283 3485 407 3541 servulus
430 3483 527 3552 :quia,
552 3491 621 3538 teste
635 3482 692 3538 beo
716 3483 762 3553 qni
786 3492 926 3540 serutatur
979 3496 1032 3553 que
1049 3497 1097 3537 vos
1116 3482 1143 3537 in
1160 3480 1268 3536 laterec
1285 3496 1378 3535 rerum
1393 3496 1526 3536 summam
1541 3482 1675 3552 regentis;
1697 3499 1764 3552 qna-

139 3564 217 3633 corda
233 3585 261 3633 et
273 3593 363 3640 renes,
377 3591 430 3630 nou
444 3575 496 3630 alia
510 3576 658 3630 intentione
670 3575 740 3639 dieo,
753 3576 805 3630 nisi
815 3585 926 3647 propter
976 3581 1056 3630 tenus
1074 3582 1101 3628 et
1121 3574 1149 3630 iu
1173 3574 1349 3645 dispositione
1368 3573 1506 3644 aequitatis
1531 3574 1568 3628 illi
1591 3577 1687 3631 essetis
1712 3575 1765 3632 sui·

137 3667 287 3738 profectum
306 3667 495 3738 prosperitatis
507 3672 604 3721 restrae
626 3667 767 3736 praesentis
779 3667 882 3735 pariter
897 3674 926 3723 et
975 3663 1115 3736 imgator,
1139 3673 1167 3720 et
1194 3665 1221 3718 in
1245 3664 1663 3736 remuneratione‚beatitudinis
1682 3668 1765 3737 parti·

138 3757 245 3813 futura.
271 3757 466 3827 Omnipoteos,
491 3757 686 3825 sempiternus,
714 3765 742 3811 et
769 3758 927 3813 misericors
976 3771 1049 3826 ceps.
1072 3754 1149 3810 Nunc
1171 3755 1254 3825 igitur
1275 3754 1339 3823 qnid
1361 3754 1532 3823 potissimum
1559 3754 1667 3822 expedit
1685 3756 1765 3810 devo-

137 3847 219 3914 Deus,
237 3849 309 3918 apud
333 3862 412 3919 quem
430 3847 498 3902 nibil
518 3848 693 3918 praeteritum,
712 3847 779 3902 nibil
803 3848 925 3903 futurum
976 3848 1088 3902 tissime
1108 3847 1250 3901 intentioni
1271 3853 1390 3909 restrae,
1411 3845 1463 3899 nisi
1482 3852 1512 3898 ut
1528 3846 1601 3898 omni
1622 3848 1765 3903 conuiuine

134 3947 190 4003 est,
204 3938 251 3994 sed
269 3940 357 3993 omuia
370 3938 505 3993 volumina
516 3938 676 3993 saeculorum
691 3953 751 4008 quae
768 3939 839 4007 apud
852 3953 925 3993 mor·
976 3937 1104 4007 omnique
1125 3936 1225 3990 mentis
1238 3936 1343 4001 adnisu,
1364 3935 1402 3988 ita
1417 3935 1444 3988 iu
1458 3933 1660 4004 dispositionem
1674 3952 1765 3992 rernm

138 4028 205 4084 tales
229 4037 256 4084 et
273 4029 434 4097 temporales
449 4027 602 4091 volvuntur,
620 4028 832 4097 intemporaliter
853 4028 924 4099 apud
977 4026 1150 4097 sagacissime
1167 4025 1296 4094 vigiletis,
1321 4032 1351 4079 ut
1372 4025 1540 4095 opprimatur
1557 4024 1696 4095 iniquitas,
1716 4027 1763 4082 de-

137 4136 199 4176 eum
222 4120 365 4191 presentia
387 4127 554 4188 permanent,
580 4117 661 4188 clegit
683 4133 730 4174 ves
753 4127 816 4175 aute
830 4119 922 4175 mundi
977 4123 1099 4172 struatur
1118 4115 1193 4171 fraus
1215 4123 1243 4169 et
1263 4114 1351 4178 dolus,
1366 4115 1511 4185 dissipetur
1524 4115 1654 4186 prauitas,
1670 4125 1764 4171 coute-

139 4210 361 4265 coustitutiouem
376 4208 495 4263 futurum
510 4209 611 4265 nostris
624 4209 783 4278 periculosis
796 4210 926 4280 tempori·
977 4216 1054 4264 ratur
1066 4209 1225 4274 crudelitas,
1243 4209 1364 4280 erigatur
1376 4207 1490 4279 justitia,
1505 4207 1660 4264 consoletur
1673 4207 1761 4263 bumi-

809 4317 945 4397 nuuuzu
963 4316 1077 4375 norm.

172 4440 183 4467 ο
206 4425 348 4494 liutfredo.
363 4426 412 4483 Vel
425 4441 459 4481 ex
476 4427 533 4480 solo
552 4426 630 4481 istius
648 4427 768 4496 epistolar
787 4428 863 4483 titulo
876 4444 922 4498 pa·
935 4412 962 4472 Ῑ)
975 4431 1056 4484 faniae
1069 4444 1131 4499 rege
1143 4444 1174 4484 ac
1184 4430 1343 4499 proceribus
1355 4428 1447 4500 palatii
1459 4427 1624 4497 conspiravit
1635 4427 1764 4483 adversus

135 4504 174 4553 tet
188 4497 276 4550 sirum
291 4495 373 4551 fuisse
390 4513 493 4566 magnae
506 4497 665 4565 dignationis
678 4505 704 4551 et
716 4499 885 4553 auctoritatis
896 4500 923 4553 iu
975 4499 1139 4554 ludovicum
1151 4499 1239 4563 Pium,
1251 4514 1330 4568 quern
1342 4500 1374 4553 de
1387 4514 1469 4569 regno
1480 4498 1613 4566 expellere
1627 4497 1762 4551 volebant.

134 4567 236 4635 palatio
253 4565 380 4620 Ludorici
395 4566 446 4619 Pii.
459 4565 525 4619 Nam
538 4575 564 4620 et
577 4564 729 4622 Ludovieus
741 4568 868 4637 ipseeum
880 4583 925 4623 vo·
975 4568 1028 4624 Sed
1053 4570 1116 4623 huie
1136 4570 1254 4637 pessimo
1277 4568 1388 4622 facinori
1414 4567 1518 4621 obstitit
1541 4566 1668 4620 Lndovici
1693 4566 1764 4622 iilius

135 4645 180 4690 cat
202 4636 290 4689 virum
315 4637 447 4690 illustrem
477 4636 504 4689 in
527 4643 660 4704 praecepto
685 4651 735 4705 pro
763 4640 925 4693 monasterio
974 4638 1134 4694 ludovicus.
1150 4638 1265 4694 llursum
1285 4638 1312 4690 in
1329 4647 1421 4706 partes
1441 4636 1559 4690 botharii
1579 4650 1639 4690 cum
1660 4638 1764 4690 ceteris

134 4706 226 4761 Graiae
248 4706 274 4759 iu
299 4705 328 4759 S.
350 4706 458 4760 dioecesi
479 4705 516 4760 Ur
535 4705 644 4771 eliensi,
660 4706 736 4772 cujus
752 4715 856 4776 partem
878 4707 926 4762 ali·
973 4709 1154 4778 perduellibus
1168 4717 1353 4779 transgressus
1367 4715 1409 4761 est
1423 4720 1495 4759 anno
1507 4705 1574 4770 855,
1591 4719 1706 4791 eumque
1725 4704 1764 4759 in-

133 4791 217 4898 quam
232 4791 303 4828 anuo
316 4778 455 4844 superiore
467 4721 600 4828 edidimus
614 4775 640 4827 in
654 4777 725 4829 »rotis
736 4775 770 4829 ad
783 4777 924 4846 epistolam
974 4779 1090 4848 gieutem
1105 4779 1133 4832 iu
1148 4776 1250 4832 ltaliam
1264 4785 1388 4839 secutus,
1404 4776 1458 4830 illic
1471 4776 1538 4830 obiit
1556 4790 1627 4828 anno
1645 4773 1714 4839 805,
1734 4783 1764 4829 nt

154 4846 169 4898 9
187 4845 254 4914 Lupi
270 4845 462 4898 Ferrarieusis.
475 4843 521 4898 Sic
531 4859 595 4913 ergo
606 4844 817 4913 aitimperator:
834 4864 843 4897 r
860 4847 926 4900 blat-
974 4849 1056 4902 tradit
1066 4855 1160 4902 auctor
1170 4847 1237 4903 Vita·
1252 4847 1379 4902 Ludoviei
1394 4845 1445 4901 Pii.
1462 4845 1528 4900 'fide
1548 4844 1722 4899 Sirmuudum
1734 4843 1762 4899 iu

135 4912 227 4969 fredus
240 4929 331 4969 comes
342 4915 384 4968 vir
395 4915 499 4968 illuster
509 4916 601 4967 adiens
615 4917 787 4968 serenitatem
799 4916 925 4971 culminis
974 4918 1046 4972 netis
1059 4919 1092 4971 ad
1105 4916 1293 4983 Theodulluru,
1308 4932 1367 4987 pag.
1386 4917 1446 4971 eut.

135 4985 231 5048 nostri,
240 4993 292 5039 ete.
304 4984 492 5038 ›necomitem
505 4979 925 5052 quidemrlurelianeusemfuisse
1010 4986 1024 5026 ὓ
1044 4986 1194 5040 llinistrnur
1208 4989 1271 5056 imp.
1286 4998 1309 5039 et
1320 4988 1435 5056 inaperir',
1446 4983 1473 5038 id
1486 4992 1537 5049 est,
1552 4985 1704 5038 ministrnm
1716 4997 1763 5053 pa·

135 5062 289 5108 constater
303 5052 455 5108 adrevaldo
468 5053 638 5117 Floriacensi,
651 5054 696 5108 lib.
713 5071 738 5119 r,
758 5069 817 5124 cap.
837 5055 873 5109 ed
890 5057 924 5110 do
974 5054 1031 5110 latii
1046 5064 1074 5108 et
1093 5056 1168 5127 regui
1185 5075 1191 5109 ε
1207 5056 1360 5110 ministrum
1374 5055 1483 5124 palatii,
1497 5056 1559 5124 quia
1573 5069 1624 5106 rron
1639 5052 1761 5108 discede·

137 5121 272 5177 bliraculis
282 5123 368 5177 saneti
380 5122 528 5186 Benedicti,
543 5132 569 5177 et
582 5139 614 5177 ex
627 5122 686 5178 Vita
699 5122 826 5179 Lndovici
838 5123 877 5178 Pii
890 5126 925 5180 ad
974 5125 1020 5180 bat
1031 5141 1045 5178 a
1057 5124 1142 5179 latere
1156 5124 1298 5193 Principis,
1310 5126 1512 5195 principemque
1522 5123 1608 5177 locum
1619 5121 1690 5202 apud
1700 5137 1761 5178 eum
1858 5181 1861 5187 ,

136 5206 181 5245 an.
196 5192 257 5246 829.
274 5191 323 5247 lllo
339 5193 430 5261 itaque
446 5201 565 5261 tempore
582 5191 663 5248 Jonas
680 5195 820 5263 episcopus
839 5194 924 5248 Aure·
973 5195 1121 5257 obtinebat,
1138 5202 1303 5250 secretorum
1314 5194 1372 5264 ejus
1385 5193 1518 5275 particeps
1528 5200 1556 5245 et
1567 5190 1760 5258 consultorum

136 5260 264 5317 lianensis
286 5264 320 5317 ad
343 5277 404 5317 euru
427 5263 499 5316 misit
523 5263 606 5317 libros
630 5272 684 5318 tres
701 5264 734 5318 de
755 5265 923 5320 institutione
974 5265 1242 5333 ministrumimperii
1254 5266 1311 5318 sire
1321 5262 1483 5332 nequaqum
1495 5270 1593 5328 praeter
1603 5261 1760 5316 comitatum

136 5329 256 5396 Laicali,
278 5334 324 5401 qui
345 5349 360 5386 a
379 5333 477 5385 douuro
496 5330 567 5384 Luca
585 5333 717 5388 Daeberio
733 5335 796 5388 editi
818 5336 922 5388 suntin
973 5335 1205 5397 Aurelianensem,
1221 5336 1264 5388 cui
1281 5332 1390 5402 speciali
1409 5346 1472 5385 cura
1492 5329 1634 5401 invigilare
1651 5333 1761 5387 teneba-

137 5408 210 5455 tomo
220 5403 308 5469 primo
319 5402 470 5471 spicilegii;
483 5417 544 5455 cum
553 5409 631 5456 antea
643 5404 706 5457 editi
718 5402 830 5457 fuissent
841 5404 923 5457 linaei
974 5414 1028 5469 tur,
1039 5405 1155 5459 maxima
1166 5419 1229 5473 pars
1238 5418 1361 5457 curarum
1371 5399 1498 5455 Ludoviei
1510 5399 1536 5453 in
1547 5400 1761 5457 administrando

136 5483 207 5525 euno
226 5471 295 5526 1645
316 5489 348 5527 ex
366 5472 449 5525 veteri
469 5472 562 5525 codice
580 5489 630 5527 rus.
656 5473 741 5526 sancti
761 5473 874 5526 alinandi
895 5473 922 5526 in
974 5473 1156 5544 irnperioerat
1174 5489 1258 5542 penos
1273 5471 1442 5525 liutfredum.

136 5535 248 5605 Pabula,
262 5558 326 5597 cura
340 5542 371 5596 Ι).
383 5541 534 5611 lldeplrousi
543 5541 738 5612 Goetglrebneri
752 5542 923 5596 bibliotheca·
1010 5557 1021 5581 s·
1044 5544 1140 5597 Rerum
1157 5559 1286 5597 seruorum
1315 5541 1435 5611 regentis,
1465 5541 1489 5594 id
1509 5548 1561 5605 est,
1577 5539 1704 5595 Ludovici
1719 5538 1759 5594 Pii

137 5609 170 5663 rii
184 5611 304 5681 ejusrlem
317 5610 484 5667 monasterii.
500 5610 577 5664 Anno
592 5612 652 5665 dein
672 5613 723 5666 850
735 5613 775 5694 (ot
796 5613 923 5681 incapite
974 5614 1151 5683 imperatoris,
1168 5630 1183 5667 a
1198 5613 1273 5681 cujus
1288 5610 1373 5666 latere
1397 5626 1449 5665 uon
1470 5610 1625 5668 discedebat
1650 5609 1760 5665 llatiro·

137 5679 276 5751 trigesimo
289 5690 365 5738 sexto
376 5690 469 5736 narrat
482 5679 633 5754 Theganus)
645 5699 705 5737 cum
719 5682 829 5751 l‘rppino
839 5682 924 5750 Aqui·
974 5685 1034 5750 dus,
1052 5685 1089 5737 uti
1100 5683 1155 5753 jam
1172 5682 1296 5735 diximus.
