3832 6120
115 219 183 277 stit
250 278 263 293 ,
341 238 351 251 ·
681 209 842 269 LUOOl'lCl
861 210 872 265 i
890 208 1127 271 COGNOMENTO
1146 210 1190 269 Pll
1686 212 1757 269 lOb'd

109 329 216 403 inrpcrii
238 328 329 385 siotuni
344 326 473 385 budorici
486 323 601 395 piissimi
612 324 737 395 Augusti,
753 325 900 380 indictione
915 327 940 387 Λ
953 324 1044 381 nullus
1062 324 1147 394 judex
1170 325 1305 396 publicus,
1327 334 1374 381 aut
1394 327 1509 397 quilibet
1531 327 1686 399 superioris
1710 338 1761 385 aut

109 423 225 480 decima.
253 421 351 476 Actum
375 417 537 490 Aquisgrani
574 416 674 486 palatio
698 417 773 487 regio
796 416 823 471 in
852 416 902 471 llci
954 416 1091 471 inferioris
1108 416 1212 473 ordinis
1235 417 1275 473 rci
1288 418 1404 487 publicae
1418 428 1590 489 procurator,
1607 420 1643 474 ad
1657 436 1761 477 causas

109 514 220 570 nontine
233 511 357 568 feliciter.
376 510 472 567 Auteu.
490 507 568 582 (Cum
580 507 667 579 sigillo
680 509 776 577 cerco.)
951 505 1095 574 judiciario
1115 522 1192 562 moro
1211 509 1371 574 audiendas,
1391 510 1419 564 in
1434 509 1573 575 ecclesias,
1594 519 1645 565 aut
1661 512 1761 579 villas,

456 596 552 656 txtx.
953 612 1001 653 seu
1025 598 1145 669 reliquas
1166 601 1365 671 possessiones,
1388 617 1457 672 quas
1477 602 1609 660 moderno
1628 614 1764 676 ternpore

228 712 278 754 rao
297 709 446 753 rutenensi
466 711 490 751 s.
511 711 624 751 uanrrsr
643 709 779 752 secessit.
954 686 1163 757 inquibuslibet
1183 691 1330 760 provinciis
1346 701 1394 747 aut
1412 694 1561 751 territoriis
1580 696 1692 767 imperii
1710 712 1764 752 no-

327 836 330 841 .
409 785 502 858 (deno
524 786 601 857 dli.)
953 779 1003 834 stri
1021 776 1095 846 juste
1119 786 1148 834 et
1171 778 1297 849 legaiiter
1320 789 1405 849 tenet,
1427 783 1471 839 sel
1494 785 1626 856 deinceps
1644 787 1674 840 in
1694 787 1762 858 jure

107 878 197 954 [apuu
221 877 346 944 Martem,
362 875 487 948 Ampliat.
507 872 630 940 collect,
657 883 723 930 tom.
738 872 763 941 l,
778 888 840 947 pag.
856 868 902 939 bb,
954 867 1039 938 ipsius
1058 869 1217 925 monasterii
1232 871 1325 926 divina
1343 873 1432 942 pietas
1445 874 1562 931 soluerit
1581 878 1694 949 augeri,
1716 878 1761 933 in-

313 984 347 1026 ex
360 965 552 1045 chartarius.
567 964 700 1038 Martini]
954 961 1029 1032 gredi
1051 971 1215 1031 presumat,
1235 977 1287 1019 uec
1305 963 1393 1032 freda,
1413 974 1461 1022 aut
1479 968 1594 1036 tributa,
1613 980 1663 1026 aut
1681 989 1761 1028 man-

142 1060 173 1117 iu
194 1060 305 1117 nomine
316 1058 426 1115 Domini
441 1057 489 1113 bei
512 1065 540 1113 et
555 1055 706 1112 Salvatoris
729 1056 814 1111 nostri
836 1062 903 1123 suu
954 1054 1058 1119 siones,
1075 1061 1122 1109 aut
1140 1063 1243 1124 pastus,
1260 1064 1309 1110 aut
1322 1054 1464 1124 telonium,
1479 1060 1550 1115 sicut
1571 1062 1601 1116 in
1618 1072 1761 1133 praecrpto

106 1153 220 1220 Christi,
232 1153 388 1210 bodonicus
399 1151 492 1209 divina
505 1150 652 1207 ordinante
664 1147 835 1220 providentia
849 1148 903 1203 irn-
953 1146 1045 1202 domni
1061 1147 1193 1218 genitoris
1209 1149 1296 1203 nostri
1309 1150 1476 1216 continetur,
1490 1153 1613 1224 exigere,
1629 1162 1682 1208 aot
1694 1154 1760 1210 lide·

106 1253 217 1317 persen
233 1245 385 1317 sugustns.
951 1234 1074 1308 jussores
1094 1237 1207 1302 tollere,
1226 1246 1274 1293 aut
1292 1238 1418 1295 borsines
1438 1249 1493 1296 tarn
1515 1243 1653 1314 ingenuos
1676 1260 1760 1315 quant

144 1337 173 1395 Si
194 1337 370 1410 petitionibus
386 1348 528 1392 serrorum
542 1332 591 1389 bei
614 1346 664 1402 pro
678 1330 845 1401 quibuslibet
857 1344 904 1387 ec·
955 1342 1050 1383 serros
1064 1342 1145 1399 super
1159 1337 1259 1382 terram
1272 1329 1360 1400 ipsius
1372 1333 1531 1387 monasterii
1544 1344 1760 1391 commanentes

107 1429 269 1487 clesiastieis
287 1425 497 1485 necessitatibus
511 1436 593 1479 aures
611 1428 723 1479 nostras
735 1419 904 1490 pulsantium
954 1416 1127 1489 distringere,
1145 1432 1197 1473 nee
1209 1418 1279 1473 ullas
1290 1417 1414 1489 publicas
1430 1419 1585 1478 functiones
1597 1431 1648 1478 aut
1664 1425 1759 1480 redbi·

107 1520 224 1577 libenter
245 1518 400 1582 annuimus,
415 1523 444 1571 et
467 1514 502 1570 ad
514 1512 614 1569 diuinas
632 1511 763 1584 potentie
784 1510 811 1564 iu
834 1508 903 1564 locis
953 1510 1087 1576 bitiones,
1107 1510 1150 1565 sel
1168 1510 1277 1566 illicitas
1293 1513 1452 1568 occasiones
1474 1515 1633 1583 requirere,
1658 1517 1758 1586 quibus

106 1611 164 1668 beo
177 1611 275 1669 dicatis
292 1608 405 1665 uberius
421 1603 606 1661 famulandum
629 1602 760 1657 auxilium
782 1599 901 1672 porrigi·
955 1602 1026 1658 idern
1044 1601 1241 1657 monasterium
1262 1600 1368 1672 sibique
1388 1603 1503 1673 subiecti
1522 1605 1634 1675 aliqnod
1656 1606 1759 1677 iniuste

107 1716 180 1767 tuus,
199 1701 229 1757 id
246 1699 325 1756 uobis
342 1698 438 1769 procul
457 1696 541 1753 dubio
561 1703 590 1752 et
608 1695 644 1750 ad
657 1693 801 1749 mortalem
816 1695 902 1748 vitam
915 1700 939 1761 Β
953 1694 1093 1765 patiantur
1112 1692 1324 1759 incommodum,
1346 1694 1448 1751 nostris
1473 1695 1629 1770 diutinisque
1652 1708 1758 1773 tcmpt-

107 1788 295 1860 temporaliter
313 1785 511 1851 deducendam,
534 1792 562 1839 et
585 1783 621 1838 ad
643 1781 763 1838 futuram
787 1781 903 1838 feliciter
953 1783 1031 1840 ribus
1053 1784 1201 1855 quisquam
1226 1792 1280 1841 tam
1302 1787 1464 1844 temerarius
1482 1788 1593 1855 existat,
1614 1793 1692 1860 quod
1713 1792 1754 1847 la·

106 1881 293 1947 obtinendam,
308 1878 482 1935 commodum
494 1876 641 1948 provenire
655 1875 828 1932 condidimus.
844 1874 901 1931 No-
956 1873 1047 1931 ciendi
1066 1873 1188 1929 illicitam
1207 1872 1260 1930 sibi
1279 1882 1442 1946 potestatem
1468 1879 1622 1936 attribuere
1644 1883 1754 1938 nudem

108 1980 165 2029 tunt
188 1971 271 2043 igitur
291 1968 496 2026 essevolumus
519 1968 625 2024 eunctis
645 1966 768 2024 bdelibus
790 1967 900 2034 nostris,
954 1963 1090 2036 Quidquid
1103 1980 1169 2033 ergo
1182 1964 1349 2036 depredatis
1362 1967 1483 2039 ejusdem
1497 1973 1660 2028 monasterii
1674 1974 1755 2031 rebus

105 2062 243 2134 episcopis
265 2059 402 2124 uidelicet,
427 2058 572 2114 abbatibus
595 2057 717 2129 virisque
739 2056 901 2124 idustribus,
953 2055 982 2110 in
994 2053 1040 2125 lus
1053 2055 1112 2112 mei
1127 2055 1278 2113 cedendum
1293 2055 1352 2121 luit
1369 2066 1396 2114 et
1414 2072 1430 2114 a
1444 2059 1640 2119 decessoribus
1654 2065 1755 2121 nostris

106 2154 232 2221 ducibus,
241 2151 398 2217 comitibus,
408 2148 577 2216 domesticis,
590 2146 768 2221 aturribus,
780 2147 902 2214 sicariis,
953 2144 1137 2216 comperimus
1148 2144 1287 2212 collatum,
1301 2155 1329 2201 et
1341 2147 1493 2221 largitionis
1504 2165 1621 2208 munere
1636 2153 1756 2211 libenter

106 2244 273 2302 centenariis
294 2255 444 2311 corumque
463 2239 630 2312 junioribus,
653 2252 705 2295 nec
732 2253 787 2294 nou
809 2237 902 2294 mima
953 2233 1081 2291 volumus
1093 2248 1155 2291 csse
1168 2235 1385 2307 peruniversum
1399 2237 1489 2294 eidem
1500 2242 1675 2300 monasterio
1691 2258 1755 2300 cou-

105 2333 209 2391 nostris
229 2345 280 2403 per
304 2331 462 2384 universum
481 2327 626 2398 imperium
648 2334 774 2383 nostrum
796 2324 902 2380 discur-
953 2339 1073 2392 mcum,
1092 2332 1124 2379 ut
1141 2325 1168 2381 id
1185 2334 1292 2382 remoto
1311 2326 1370 2382 dsci
1390 2329 1530 2384 dominatu
1551 2332 1586 2386 ad
1609 2330 1753 2390 luminaria

105 2425 240 2491 rendbrts,
257 2422 402 2479 seuctiani
414 2420 523 2476 canteris
533 2418 659 2475 lidelibus
672 2426 773 2474 sanctae
784 2416 833 2472 liei
846 2417 900 2473 lie·
953 2414 1073 2471 basilice
1093 2413 1122 2470 S.
1136 2413 1245 2470 llartini
1262 2415 1462 2485 concinnanda,
1479 2426 1508 2473 et
1525 2419 1561 2473 ad
1571 2424 1753 2478 sustentatio·

105 2515 198 2573 etesiae
219 2515 375 2584 nostrisque
397 2510 577 2584 praesentibus
608 2511 713 2568 scilicet
735 2518 763 2566 et
789 2508 900 2578 luttrris,
953 2520 1016 2561 nem
1029 2520 1179 2578 pauperum
1193 2518 1241 2562 scu
1256 2518 1269 2548 ·
1284 2505 1445 2562 clericorum
1464 2508 1492 2564 in
1507 2510 1606 2566 codem
1622 2511 1684 2567 loco
1697 2513 1751 2570 bo

106 2608 172 2679 quia
190 2607 260 2663 adiit
279 2606 456 2664 serenitatem
476 2604 603 2662 culminis
628 2605 715 2660 nostri
737 2603 901 2661 venerabilis
953 2603 1028 2658 mino
1039 2602 1260 2666 deservientium,
1277 2603 1554 2674 sitsupplementum.
1583 2603 1614 2660 Si
1630 2607 1694 2679 quis
1706 2624 1754 2664 aa·

107 2698 152 2756 vir
164 2696 321 2770 i'ridegisus
335 2696 406 2754 abba
421 2710 456 2753 et
471 2697 639 2753 monasterio
652 2696 798 2767 peculiaris
811 2698 899 2753 nostri
954 2701 1009 2748 teu
1026 2693 1054 2748 in
1072 2701 1177 2748 tautam
1191 2706 1368 2765 pmmmpere
1388 2709 1471 2751 ausus
1489 2695 1574 2752 luerit
1595 2699 1752 2765 audaciam,

108 2790 216 2852 „aaroni
232 2790 321 2847 “neq
335 2789 457 2858 unani,
485 2789 532 2846 ubi
553 2787 674 2859 ejusdem
698 2790 900 2860 pmlarigsimt
953 2792 985 2838 ut
1000 2782 1080 2854 buius
1098 2784 1228 2855 pracepit
1248 2785 1336 2840 nostri
1351 2785 1470 2841 riolator
1488 2788 1643 2856 exstiterit,
1659 2806 1753 2861 qnem-

105 2881 159 2938 riri
180 2881 336 2938 venerabile
359 2896 459 2952 corpus
478 2881 637 2952 requiescit,
661 2881 752 2937 terens
775 2881 902 2937 manibus
953 2875 1102 2932 admodum
1121 2876 1150 2931 in
1164 2877 1347 2947 preceptione
1366 2878 1457 2933 domni
1476 2885 1504 2934 et
1517 2880 1654 2951 genitoris
1667 2885 1754 2939 nostri

105 2971 291 3028 immunitates
303 2971 458 3041 priscorum
475 2985 569 3044 regum
584 2970 763 3036 Francorum,
783 2986 833 3027 nec
845 2987 900 3028 non
952 2965 1119 3032 continetur,
1137 2981 1191 3023 non
1211 2966 1299 3022 solum
1321 2966 1499 3023 inmensam
1520 2979 1646 3025 nostram
1663 2970 1752 3041 lapmi-

107 3062 152 3118 ari
174 3061 260 3119 nostri
281 3060 388 3134 Pippini
411 3061 549 3132 quondam
567 3061 652 3133 regis,
674 3076 723 3117 seu
744 3062 827 3117 etiam
849 3056 1242 3134 praeiudicandam
1262 3068 1455 3115 sescentorum
1475 3059 1628 3116 solidorum
1643 3064 1703 3117 anri
1718 3064 1753 3119 ad

107 3151 303 3208 reeordationis
324 3152 415 3209 domm
442 3160 470 3209 et
490 3152 621 3222 genitoris
644 3153 729 3210 nostri
741 3152 834 3210 Caroli
857 3169 901 3211 se-
951 3165 1050 3222 purum
1068 3149 1174 3205 excocti
1195 3164 1225 3206 se
1242 3149 1351 3205 auserit
1365 3163 1448 3221 poena
1465 3150 1667 3220 mulctandum,
1681 3153 1753 3210 uade

106 3241 242 3298 renissimi
265 3242 457 3313 imperatoris,
483 3243 584 3314 quibus
608 3243 680 3301 mem
704 3246 900 3303 monasterium
951 3243 1018 3299 duas
1034 3251 1128 3315 partes
1147 3250 1268 3299 rectores
1286 3244 1429 3299 memorati
1448 3246 1623 3311 monasterii,
1641 3248 1750 3303 tertiam

105 3333 238 3404 quietein
252 3333 301 3390 bei
314 3335 426 3391 servitio
450 3351 563 3391 manere
586 3345 747 3404 sanxerunt,
761 3346 791 3394 et
804 3353 900 3396 omnes
949 3346 1016 3389 lew
1031 3330 1077 3402 ιω
1094 3332 1153 3388 “Sci
1174 3331 1297 3402 millii·
1318 3333 1434 3405 menum
1452 3348 1572 3405 ssimdlffl
1590 3335 1751 3410 imm

105 3438 152 3481 res
175 3423 281 3497 predati
303 3425 462 3482 monasterii
486 3426 515 3481 in
537 3427 680 3494 universo,
707 3426 816 3485 cbristo
846 3428 902 3484 lar·
949 3430 992 3481 est
1013 3429 1044 3478 ut
1067 3430 1108 3478 tot
1128 3422 1236 3494 piorum
1257 3438 1353 3496 regum
1376 3425 1550 3481 decessrrum
1578 3436 1747 3493 nomrorura,

105 3514 214 3587 petam,
246 3530 330 3588 ιιιςιιιι
356 3531 417 3584 suo,
441 3515 603 3572 industria
629 3517 744 3586 seilicet,
761 3517 899 3587 Neustria,
949 3513 1091 3582 nostrique
1111 3513 1239 3583 precepti
1260 3513 1378 3569 violator
1396 3513 1552 3584 hujusmodi
1577 3517 1678 3574 urbem
1696 3534 1751 3591 pre-

106 3602 273 3677 llttrguudia,
286 3604 445 3676 Aquitania,
460 3605 615 3674 Provincia,
629 3607 717 3676 ltalia,
733 3618 762 3665 et
775 3610 803 3665 in
817 3618 900 3667 cteta·
949 3620 1025 3670 uam,
1038 3613 1108 3660 utet
1123 3619 1153 3660 se
1167 3613 1252 3660 tautae
1268 3605 1431 3662 temeritatis
1444 3606 1545 3662 merito
1557 3609 1640 3680 argui
1654 3624 1750 3681 cogno·

105 3695 144 3752 rie
162 3696 238 3768 regni
251 3696 295 3754 aui
312 3698 435 3769 partibus
455 3702 647 3767 consistentes,
666 3717 728 3773 qum
743 3718 797 3759 non
811 3704 900 3760 solnm
949 3704 1020 3763 seat,
1031 3695 1176 3751 etcaeteris
1189 3710 1224 3751 ne
1235 3694 1262 3750 id
1273 3710 1356 3767 agere
1366 3695 1487 3766 quolibet
1496 3712 1566 3752 ausu
1579 3708 1749 3768 pertentent,

105 3786 140 3841 ab
156 3789 315 3846 orthodoxis
333 3793 513 3865 principibus,
533 3811 629 3852 rerum
647 3798 730 3853 etiam
752 3813 769 3854 a
791 3799 899 3856 mmsis
950 3790 1075 3851 timorem
1090 3789 1222 3856 incutiat;
1236 3798 1267 3846 ut
1276 3790 1366 3847 nudus
1378 3789 1483 3847 scilieet
1496 3790 1636 3847 benamu
1650 3792 1747 3865 regalia

105 3875 230 3937 bdelibus
238 3882 353 3949 collata,
362 3884 406 3941 rel
418 3900 469 3957 per
476 3887 614 3957 quoslibet
626 3896 785 3945 contractus
798 3896 827 3945 et
839 3905 898 3946 mo·
949 3882 1018 3938 locis
1032 3881 1088 3939 1³0⁰
1104 3882 1203 3938 ditali·
1223 3890 1386 3939 tetendiet
1405 3883 1528 3938 exhibiti
1548 3892 1689 3941 temerare
1706 3899 1749 3941 err

106 3966 210 4024 nimina
224 3971 384 4028 chartarum
399 3973 426 4029 iu
443 3973 490 4044 jus
507 3974 630 4045 eiusdem
649 3976 774 4047 legaliter
792 3977 899 4035 traditas
948 3979 1039 4027 iretur.
1059 3971 1191 4031 Volumus
1208 3972 1301 4043 itaquo
1321 3980 1404 4043 atque
1422 3987 1568 4029 censemus
1586 3984 1631 4042 ιιι,
1647 3983 1748 4031 marma

104 4065 170 4113 sunt
189 4061 363 4128 monasterii,
387 4062 438 4119 sub
461 4064 641 4121 immunitatis
662 4080 718 4121 ene
741 4066 898 4125 defensione
948 4062 1032 4118 totius
1050 4061 1203 4133 judiciarie
1222 4063 1365 4133 potestatis
1384 4064 1586 4135 inquietudine,
1600 4066 1748 4137 quietem

104 4147 266 4216 consistere,
280 4157 310 4206 et
324 4151 359 4206 ab
372 4152 446 4207 omni
461 4152 569 4223 publica
582 4153 723 4211 iunctione
741 4166 767 4212 et
778 4155 897 4228 judicia·
948 4153 1012 4211 dine
1026 4162 1194 4212 memoratus
1206 4153 1277 4211 abba
1293 4156 1390 4228 suique
1403 4170 1580 4213 mocessotes
1593 4172 1641 4216 res
1652 4158 1747 4230 praui-

104 4237 145 4292 ria
155 4239 298 4295 exactione
313 4240 449 4297 immam
459 4240 614 4314 liberasque
628 4245 813 4313 tradidissent,
824 4246 898 4318 quod
948 4247 985 4302 cti
997 4245 1170 4312 monasterii,
1185 4261 1248 4302 cum
1261 4247 1388 4303 omnibus
1402 4246 1453 4302 sibi
1468 4245 1603 4314 subjectis
1615 4248 1660 4304 rei
1673 4247 1707 4302 ad
1720 4260 1748 4302 se

104 4340 203 4381 munus
216 4322 306 4383 eide'm
316 4332 484 4388 monasterio
501 4334 665 4403 exhibitum,
678 4336 734 4393 beo
747 4348 896 4408 annuente,
948 4337 1144 4407 aspicientibus
1163 4352 1210 4393 seu
1230 4337 1429 4409 pcrtinentibus
1448 4336 1611 4393 bominibus
1628 4337 1682 4394 sub
1698 4338 1745 4392 ira-

59 4462 75 4491 ..
103 4414 294 4472 inviolabiliter
319 4419 451 4479 hactenus
472 4432 582 4481 mustat
604 4442 666 4484 csse
691 4439 893 4487 conservatum.
908 4405 936 4466 D
948 4427 1090 4484 munitatis
1107 4435 1189 4499 atque
1202 4427 1380 4499 protectionis
1393 4435 1495 4483 numne
1507 4425 1673 4484 defensione
1685 4443 1745 4485 con

102 4504 155 4561 Pro
169 4506 307 4566 drmitatis
329 4521 430 4570 nostrae
454 4531 573 4588 namque
597 4520 716 4575 studium
740 4522 896 4594 hujusmodi
947 4524 1057 4591 sistant,
1072 4533 1221 4595 nostroque
1232 4523 1350 4579 lideliter
1362 4531 1493 4593 parentes
1510 4523 1631 4593 imperio
1642 4538 1695 4594 pro
1707 4523 1744 4578 in·

102 4595 264 4654 bencdcium
282 4614 348 4672 erga
361 4604 503 4673 praelatum
526 4611 681 4668 venerabile
699 4616 894 4671 umuasterium
947 4617 1104 4674 columitate
1121 4626 1223 4672 nostrae
1241 4615 1366 4686 conjugis
1380 4624 1408 4670 et
1425 4614 1521 4686 prolis,
1535 4629 1586 4669 seu
1605 4617 1691 4671 etiarn
1704 4624 1744 4670 to-

103 4696 197 4742 nostra
219 4691 382 4748 auctoritate
398 4692 538 4751 bumilitcr
554 4700 682 4768 precibus
700 4702 800 4772 quibus
813 4705 897 4762 valuit
947 4710 1002 4765 tius
1016 4708 1123 4779 imperii
1140 4723 1156 4764 a
1171 4707 1228 4765 beo
1242 4707 1323 4764 nobis
1335 4706 1438 4772 collati,
1454 4705 1570 4777 eiusque
1589 4707 1742 4779 gratissima

101 4774 161 4830 lieri
180 4778 336 4875 postulavit.
353 4780 437 4851 Cujus
456 4786 593 4855 petitioni,
612 4790 647 4844 ob
661 4805 783 4848 amorem
804 4793 852 4851 Dei
866 4802 895 4851 et
947 4799 1122 4855 miseratione
1144 4806 1276 4870 perpetuo
1294 4797 1485 4861 conservandi,
1507 4812 1562 4852 una
1586 4812 1651 4854 cum
1674 4797 1745 4853 clero

101 4874 301 4921 venerationem
322 4869 472 4927 beatissimi
487 4873 607 4943 llartini,
622 4877 738 4936 libenter
752 4898 893 4940 assensum
946 4889 999 4946 sibi
1022 4889 1179 4954 commisso,
1194 4889 1243 4946 bei
1266 4889 1429 4945 immensam
1452 4888 1628 4944 clementiam
1646 4889 1744 4960 jugiter

100 4951 224 5022 praebere
242 4957 321 5012 nobis
339 4974 533 5034 usquequaque
551 4965 640 5024 libuit.
658 4969 829 5044 Quapropter
845 4989 893 5031 ro·
946 4987 1070 5035 exorent.
1092 4978 1122 5034 Si
1143 4979 1209 5050 quid
1227 4995 1292 5035 sero
1310 4981 1343 5036 de
1362 4980 1467 5050 prelati
1483 4981 1647 5036 monasterii
1666 4982 1744 5036 rebus

100 5043 190 5103 lumus
204 5056 286 5120 atque
300 5052 472 5111 decernimus
489 5065 519 5112 ut
535 5074 630 5118 omues
644 5078 688 5120 res
700 5063 820 5134 ejusdcm
835 5082 893 5126 mo
945 5086 995 5142 per
1012 5069 1182 5141 tepiditatem
1202 5078 1229 5124 et
1247 5070 1439 5140 negligentiam
1461 5070 1593 5127 abbatum
1614 5082 1663 5128 ant
1678 5086 1743 5142 pra·

100 5139 222 5206 naslerii,
239 5157 301 5197 eum
320 5144 475 5203 bominibus
493 5150 547 5206 sibi
566 5153 707 5223 subiectis,
727 5157 778 5211 sub
792 5169 894 5217 nostre
945 5163 1125 5233 sumptionem
1137 5160 1259 5231 judicum
1278 5162 1379 5233 injuste
1396 5162 1566 5219 abstractum
1581 5173 1635 5229 est,
1652 5164 1679 5218 id
1697 5178 1743 5235 per

100 5225 266 5334 detensionis
288 5235 438 5292 munimine
465 5241 555 5297 modis
575 5243 702 5300 omuibus
729 5247 891 5306 consistant.
946 5252 1018 5308 bane
1038 5261 1160 5309 nostram
1181 5254 1372 5310 auctoritatem
1391 5268 1504 5326 prorsus
1530 5257 1741 5311 restaurandum

99 5312 292 5391 Psffilbessles
314 5340 380 5401 ergo
403 5329 531 5402 jubemus
557 5341 639 5406 atquc
666 5338 839 5408 praecipimus
862 5350 893 5398 ut
944 5344 1125 5414 precipimus.
1144 5344 1177 5398 Et
1193 5353 1221 5400 ut
1237 5344 1294 5401 baec
1310 5348 1461 5403 auctoritas
1482 5346 1682 5403 inviolabiliter
1696 5346 1744 5403 ob·

136 5444 150 5474 ⁸
169 5434 208 5491 Ex
222 5439 274 5495 boc
288 5441 348 5499 loco
359 5453 434 5514 patet
447 5449 593 5505 monacbos
607 5448 636 5505 S.
646 5450 753 5507 llartini
763 5451 820 5521 jam
835 5462 892 5510 tunt
943 5471 1010 5512 sero
1024 5456 1161 5523 deiuncto,
1180 5457 1273 5512 statim
1288 5472 1348 5513 eam
1363 5457 1508 5527 abjecisse,
1523 5459 1635 5516 inserite
1650 5461 1678 5515 ln
1689 5459 1744 5530 pri·

99 5500 128 5556 in
143 5509 287 5565 carronicos
300 5528 447 5570 cosrscrsos
459 5516 542 5573 tuisse
554 5535 615 5574 conr
630 5522 746 5592 diploma
762 5524 833 5580 istud
844 5526 892 5580 da-
926 5548 930 5554 ·
944 5527 996 5580 mis
1009 5526 1152 5599 Fridugiso
1166 5528 1280 5589 abbate,
1298 5528 1344 5597 qul
1363 5527 1494 5583 laxiorem
1512 5530 1597 5585 ctiam
1617 5532 1701 5587 sitam
1716 5530 1742 5584 in

99 5584 158 5694 ἷιιιιι
177 5583 229 5628 est.
254 5579 288 5658 bt
303 5584 417 5667 quidem
431 5596 520 5668 togam
545 5593 723 5647 intonasticam
746 5595 892 5653 rodaninse
944 5594 1091 5653 Seitbicnsi
1107 5597 1135 5652 S.
1148 5597 1249 5653 Bertiui
1262 5598 1439 5665 monasterio,
1453 5600 1497 5656 cui
1513 5612 1633 5672 praerat
1647 5602 1740 5668 abbas,

112 5650 158 5696 oto
171 5641 261 5701 Caroli
275 5648 362 5723 blagnr
377 5667 531 5725 principatu
544 5669 635 5715 censet
649 5660 836 5734 blablllonius;
859 5680 893 5722 eo
946 5666 1077 5726 inducere
1091 5671 1211 5730 uomit.
