3832 6120
144 222 197 279 tot

658 226 702 280 bn
723 224 898 283 barrisno
916 224 1117 285 tttbffiolttttt
1140 224 1277 283 ithCll‘.

1732 240 1784 297 ldl'.

143 338 273 409 (tignum,
288 335 424 406 quomodo
437 337 625 409 negligendum
641 349 693 404 est,
708 342 732 395 si
757 342 829 396 inter
848 337 938 407 sabis·
952 355 975 414 ,q
990 338 1117 393 cordibus
1131 339 1245 402 restris,
1268 348 1296 395 et
1321 339 1449 413 adhibete
1465 343 1679 405 consolationem
1704 367 1787 410 terro

992 440 1097 495 restro,
1113 431 1175 500 quia
1188 431 1239 485 snb
1250 446 1350 504 magno
1361 432 1459 490 timore
1470 434 1586 495 diversis
1601 441 1786 502 anxietatibus

990 527 1129 589 torqueor.
1144 519 1173 574 Si
1188 521 1260 575 enim
1273 522 1429 592 petentibus
1448 523 1613 594 baptismum
1627 529 1726 590 lurlaeis
1739 545 1788 592 unt

990 610 1078 665 serris
1089 624 1182 664 eorum
1195 626 1338 681 negamus,
1348 613 1430 668 timeo
1438 615 1639 674 (intonationem
1648 622 1786 695 divinam·¹

991 701 1013 754 si
1026 700 1133 765 dantus,
1147 702 1228 757 timeo
1242 703 1419 760 nllerrsiouem
1434 707 1591 771 humanam.
1607 721 1635 768 et
1648 723 1702 771 tam
1714 719 1781 774 inie-

990 804 1047 849 stas
1059 794 1187 851 laesiones
1210 797 1306 859 domus
1321 807 1432 855 nostrae.
1453 802 1491 858 lle
1510 805 1608 876 quihus
1629 808 1788 868 torsionibus

142 441 203 487 ctos
215 429 283 484 tales
294 429 415 485 existant
425 431 470 500 qui
485 432 643 487 desiderent
654 433 835 504 hapt'smuml
847 432 940 503 Neque

143 521 196 578 hoc
213 521 342 587 dicimus,
357 529 388 576 ut
399 521 484 578 taurian
504 525 619 594 perdant
633 526 718 595 prct'm
731 542 790 595 quac
802 526 828 580 in
842 525 940 581 talibus

141 615 293 677 dederunt:
314 615 432 683 sedquia
447 614 586 670 otierinrns
596 618 683 686 pretia
698 630 710 657 ¹
724 617 871 672 seeundum
885 624 939 671 sta-

142 718 200 764 tuta
213 709 353 780 priornm;
370 708 446 762 atilli
463 723 516 763 non
531 709 676 778 recipiunt,
694 717 822 779 putantes
834 708 885 762 sibi
900 707 940 761 la-

141 815 206 855 rere
221 799 398 868 utagirtratus
408 799 551 870 palatii,·et
560 800 658 855 melius
667 800 841 869 illiseupcre,
856 814 939 869 qnam

141 892 248 947 caeteris
261 890 307 960 qni
324 889 478 959 suprulicta
490 899 626 946 usserunt.
641 890 704 946 llaec
717 898 781 946 sunt
793 892 826 945 de
841 890 940 960 quihus

141 994 287 1050 precamur
302 987 422 1032 vestrum
446 979 587 1033 consilium
602 987 649 1033 aut
662 978 813 1049 jussionem
827 995 876 1049 per
890 994 938 1032 vos

142 1068 246 1124 domiui
260 1068 444 1138 imperatoris.
459 1067 535 1134 Quod
547 1070 641 1138 utique
656 1084 769 1123 necesse
785 1084 837 1123 non
853 1075 938 1132 esset,

141 1159 165 1213 si
180 1158 236 1223 ilie,
258 1159 303 1227 qui
323 1166 336 1197 a
352 1159 482 1230 magister
496 1167 539 1214 est
552 1157 717 1224 turmarum,
735 1158 771 1213 ita
786 1159 939 1213 attenderet

142 1258 172 1303 ut
188 1265 237 1304 vos
251 1249 276 1303 ei
296 1247 450 1305 laciendum
466 1249 583 1304 dixistis.
601 1248 669 1303 Nam
683 1250 706 1304 si
723 1249 870 1304 seeundum
893 1264 939 1302 ve-

143 1350 229 1397 stram
243 1338 396 1407 jussionem
422 1340 468 1394 ille
487 1341 675 1395 cosideraret
689 1339 803 1394 lidcliter
816 1339 939 1394 ministe-

140 1433 212 1486 rium
229 1440 366 1495 nostrum,
381 1430 451 1484 sient
465 1445 514 1484 nos
529 1430 553 1484 ei
574 1429 705 1485 honorem
719 1430 849 1484 exhihere
864 1429 938 1484 rolu-

139 1537 202 1577 mus
213 1521 240 1575 in
254 1520 408 1577 ministerio
423 1536 482 1583 sao,
508 1518 580 1575 nullu
597 1528 670 1575 essct
693 1518 845 1574 necessitas
868 1517 938 1587 inju-

140 1613 211 1668 riam
227 1611 317 1668 lacere
338 1611 547 1683 interrogando,
571 1612 622 1666 uisi
635 1618 747 1682 propter
759 1616 936 1682 augmentum

990 893 1019 938 et
1029 885 1183 951 discordiis,
1198 888 1260 956 quia
1276 888 1303 943 in
1316 888 1360 944 his
1372 890 1499 946 litterulis
1513 898 1635 953 scribere
1647 900 1730 972 indigi
1741 919 1788 959 utra

990 974 1071 1040 duxi,
1087 991 1200 1044 parrum
1224 988 1234 1015 ⁸
1258 977 1426 1034 breviculum
1447 983 1541 1050 pietati
1565 996 1662 1042 restrae
1687 991 1786 1054 (liniri,

990 1080 1038 1134 per
1054 1080 1133 1134 quem
1146 1082 1312 1138 cognoscere
1326 1068 1440 1126 valeatis
1455 1089 1516 1143 qum
1540 1076 1605 1131 sint.
1632 1077 1726 1149 Neque
1746 1081 1787 1136 di·

990 1166 1088 1225 gnetur
1112 1158 1176 1213 lelix
1201 1161 1382 1216 mansuetudo
1406 1172 1497 1219 vestra
1519 1167 1585 1222 mihi
1612 1169 1705 1237 irasci,
1722 1173 1786 1242 qnia

989 1250 1161 1319 importunus
1174 1251 1252 1306 rnhis
1268 1253 1356 1308 cristo
1380 1253 1442 1309 talia
1470 1254 1633 1328 flagitando;
1659 1266 1706 1319 sed
1720 1280 1787 1320 curu

990 1338 1108 1394 siderate
1131 1340 1195 1409 quia
1219 1355 1302 1395 causa
1326 1343 1535 1411 cernentem,
1563 1350 1633 1404 ratio
1649 1349 1733 1419 sn'ei,
1759 1366 1786 1410 er

989 1443 1057 1498 opus
1084 1428 1214 1484 divinum.
1239 1427 1353 1500 insuper
1372 1442 1400 1486 ct
1428 1435 1494 1490 milri
1520 1440 1608 1494 omnis
1635 1441 1732 1499 tirlucia
1759 1446 1786 1500 iu

991 1528 1081 1573 vestra
1097 1520 1250 1574 sanctitate.
1262 1519 1297 1575 Et
1311 1521 1413 1576 idcireo
1433 1528 1563 1585 assumite
1574 1540 1698 1587 sanctum
1711 1531 1785 1590 lalm·

991 1625 1047 1664 rem
1061 1619 1174 1681 propter
1185 1618 1316 1667 eternam
1327 1615 1544 1686 retr-ilnrtioucm,
1556 1632 1583 1675 ct
1595 1624 1723 1695 a<'juv·ate
1736 1627 1786 1684 Ee·

139 1702 279 1759 doctrinae.
294 1701 429 1758 Caeterum
445 1704 477 1756 de
503 1702 594 1757 causis
612 1702 766 1758 ludaeorum
788 1716 841 1755 uon
867 1707 940 1754 esset
952 1698 976 1756 B
990 1702 1101 1757 clesiam
1121 1710 1256 1768 nostram,
1270 1718 1348 1773 opem
1365 1705 1476 1762 iereudo
1488 1718 1516 1763 et
1530 1710 1706 1782 instituendo,
1719 1733 1787 1788 quo

138 1793 193 1847 nlla
218 1794 358 1849 eontentio
383 1803 430 1848 aut
450 1792 608 1859 discordia,
627 1794 648 1849 si
669 1794 714 1848 ille
741 1792 940 1848 rationabiliter

138 1899 221 1954 agere
231 1885 372 1941 soluisset.
390 1883 467 1940 Ntrrre
481 1892 572 1939 autem
586 1883 668 1940 tacite
684 1884 827 1939 nobiseum
839 1897 937 1938 secuu-

139 1973 203 2029 dum
220 1975 383 2031 charitatem
399 1991 480 2045 quam
505 1973 612 2029 dilludit
633 1973 752 2044 Spiritus
775 1981 885 2028 sauctus
910 1973 937 2026 in

991 1794 1062 1847 niam
1085 1794 1223 1849 debitores
1244 1796 1311 1850 estis
1332 1806 1444 1867 propter
1467 1801 1666 1860 irruititudiuem
1682 1807 1788 1865 terrete

992 1902 1073 1957 quam
1089 1886 1171 1942 babet
1188 1889 1214 1942 ia
1228 1888 1314 1944 robis.

823 2080 959 2137 btlmztl
980 2079 1094 2135 NOTAE.

136 2188 335 2243 creruarcutur,
347 2188 375 2234 et
394 2178 477 2234 Deum
493 2193 577 2233 urium
600 2188 627 2232 ct
642 2192 735 2231 rernm
755 2184 783 2230 et
806 2171 930 2252 omnipo-

137 2259 241 2306 tentem
261 2251 419 2314 crederent,
442 2249 534 2318 illique
554 2249 605 2304 soli
624 2248 804 2304 deservirent.
821 2245 849 2298 Si
871 2258 933 2313 qrrrs

136 2336 203 2376 vero
217 2322 269 2376 hoc
289 2321 380 2389 regale
402 2321 539 2374 decretum
561 2330 735 2375 contemnere
754 2328 933 2387 praesumpse-

135 2392 185 2456 rit,
200 2406 276 2445 rcum
294 2405 323 2445 se
345 2391 442 2460 regalis
466 2388 616 2457 rrrujestatis
635 2397 795 2458 agnoscat.»
820 2386 934 2440 Gorastat

135 2477 204 2530 ergo
219 2463 245 2516 vi
260 2461 419 2530 quaudoque
435 2468 527 2514 aetum
541 2460 671 2513 adversus·
689 2472 817 2527 paganos,
832 2464 860 2508 ut
876 2452 933 2534 idn·

133 2531 225 2585 lorum
239 2533 342 2585 cultum
365 2534 521 2585 desererent
544 2529 661 2598 fideique
681 2544 710 2582 se
729 2526 830 2582 Christi
844 2523 932 2592 apph-

136 2611 241 2655 earent.
268 2600 338 2666 Quid
366 2615 431 2670 ergo
460 2599 592 2653 iaciemus
620 2597 796 2660 Tertulliano,
817 2593 930 2658 iliius-io,

136 2669 313 2741 llieronymn,
335 2669 503 2740 bugrtstiuo,
525 2669 698 2731 Cassiodoro,
723 2667 838 2736 aliisque
867 2678 933 2718 uon·

135 2741 218 2796 nullis
232 2741 392 2795 venerandae
412 2740 548 2794 rrrernorite
566 2739 643 2802 viris,
658 2739 704 2807 qui
724 2737 868 2807 perspicue
884 2735 932 2790 do·

135 2819 200 2866 cent
217 2809 373 2880 religionem
388 2826 441 2864 non
455 2824 517 2866 esse
538 2810 702 2880 cogendam,
725 2823 775 2862 nec
794 2810 932 2876 imperan-

985 2172 1169 2232 scveritatem,
1188 2172 1242 2226 iuro
1256 2181 1279 2225 ct
1297 2189 1344 2241 per·
1358 2174 1570 2233 misericordiam
1589 2178 1652 2248 eet,
1671 2184 1787 2243 tribula·

986 2241 1088 2295 tionum
1115 2240 1227 2310 flagellis
1256 2243 1326 2297 solet
1350 2243 1462 2312 perlida
1492 2249 1628 2321 castigari.
1658 2251 1785 2325 Nunand

987 2313 1050 2380 quia
1061 2326 1151 2366 mores
1162 2313 1256 2381 optimi
1272 2314 1396 2368 libertate
1408 2316 1553 2375 roluntatis
1563 2321 1709 2393 eliguntur,
1723 2329 1785 2382 iuteo

989 2397 1080 2436 mores
1093 2383 1203 2450 pessimi
1222 2399 1276 2438 nou
1291 2385 1357 2457 legis
1374 2385 1530 2456 integritate
1550 2395 1734 2459 puniunturlr
1752 2397 1785 2453 tlt

987 2451 1069 2533 paulo
1082 2460 1161 2523 post:
1182 2472 1191 2503 ι
1207 2452 1235 2508 Si
1249 2469 1309 2523 quau
1323 2457 1405 2526 igitur
1424 2459 1554 2514 adrersus
1568 2476 1615 2517 vos
1629 2463 1703 2535 leges
1716 2483 1783 2522 eritr-

987 2530 1089 2576 strtutte
1103 2529 1175 2587 sunt,
1190 2539 1244 2579 non
1255 2526 1295 2578 cis
1313 2525 1484 2582 benefacere
1498 2531 1636 2599 cogimini.
1650 2536 1697 2589 sed
1712 2539 1783 2592 rutile

986 2590 1077 2673 lacere
1090 2591 1279 2661 prohibemini.
1297 2594 1364 2648 Nutu
1388 2597 1455 2652 berre
1480 2599 1570 2653 lacere
1590 2617 1669 2658 nemu
1682 2616 1782 2675 potest,

986 2677 1039 2717 nrsr
1056 2661 1179 2734 elegerit,
1194 2663 1247 2718 uisi
1259 2666 1392 2719 ornaverit
1405 2668 1476 2735 quod
1492 2677 1534 2723 est
1548 2670 1574 2723 iu
1587 2671 1671 2728 libera
1690 2677 1785 2732 volun·-

986 2741 1051 2788 tate.
1067 2733 1135 2787 Cura
1159 2734 1262 2804 aliquid
1283 2735 1415 2791 adversus
1440 2753 1488 2793 ros
1502 2755 1581 2809 reges
1603 2744 1783 2815 constituunt,

985 2803 1125 2858 admoneri
1139 2819 1187 2858 ros
1199 2805 1302 2859 credite
1317 2815 1346 2860 ut
1359 2807 1484 2878 cogitetis
1496 2825 1582 2879 qnare
1604 2811 1655 2868 ista
1669 2830 1717 2872 ros
1736 2834 1783 2888 pa·

135 2881 209 2935 datu.
227 2879 294 2934 llam
308 2879 493 2935 Tertullianus
507 2881 616 2949 quidem
635 2881 693 2934 hee
712 2878 814 2932 diserte
836 2875 968 2949 scribite
984 2873 1122 2927 tiranni.»
1145 2872 1279 2929 Caeterum
1294 2877 1361 2932 adeo
1375 2893 1483 2947 semper
1500 2885 1588 2936 risum
1601 2893 1642 2938 est
1660 2901 1782 2956 requiram,

134 2951 169 3004 ad
185 2950 330 3021 Scapulam
343 2966 403 3020 cap.
417 2951 453 3004 *λι
472 2970 481 3001 ι
497 2950 549 3005 Sed
565 2965 615 3004 nec
630 2948 770 3018 religionis
781 2957 823 3002 est
834 2961 932 3016 cogere

134 3021 308 3090 religionem
332 3037 392 3091 quae
415 3030 510 3090 sponte
533 3021 634 3089 suscipi
657 3019 769 3082 debeat,
794 3032 849 3072 nou
871 3019 930 3072 ri.»

135 3089 255 3145 litterius
267 3101 358 3146 autem
371 3092 398 3145 iu
419 3091 533 3160 epistola
553 3091 588 3145 ad
602 3089 791 3145 Constantium
804 3088 873 3157 hug.
887 3087 933 3142 din

135 3161 304 3230 multumque
318 3172 442 3216 versatur
464 3162 490 3216 iu
511 3160 679 3217 ostendendo
699 3158 856 3228 religionem
872 3158 932 3227 cogi

134 3246 190 3286 noa
204 3230 314 3296 debere,
333 3247 366 3287 ac
377 3232 512 3286 nemiuem
532 3232 645 3287 credere
661 3230 784 3286 invitum.
801 3227 901 3283 llieron
921 3257 933 3267 -

134 3317 197 3357 nnus
216 3300 244 3356 ia
258 3301 458 3358 Commentario
479 3303 506 3357 in
531 3310 613 3372 caput
630 3300 779 3356 seeundum
806 3297 900 3367 Epistn

133 3371 231 3443 primae
243 3371 319 3427 Pauli
333 3372 368 3427 ad
383 3372 577 3429 Timotheum:
596 3391 605 3422 r
621 3371 671 3427 llic
688 3371 820 3440 probatur
831 3368 932 3423 rrerrriui

133 3451 262 3525 oportere
273 3443 307 3498 ad
327 3443 492 3499 credendum
504 3443 559 3497 vira
576 3441 688 3507 iulerre,
704 3455 755 3495 uec
775 3439 870 3494 tollere
889 3453 934 3493 ar-

134 3513 210 3567 lntrii
229 3513 415 3568 libertatem.»
439 3513 635 3583 Sanetuspapa
658 3511 816 3582 Gregorius,
838 3509 885 3564 lib.
904 3524 932 3575 t,

132 3583 272 3652 epistblz
284 3602 294 3634 r
306 3584 358 3639 Eos
369 3584 441 3639 enim
450 3584 495 3655 qui
507 3600 522 3638 a
532 3582 822 3653 religionerristiaua
832 3580 933 3636 discor·

134 3651 212 3719 daut,
238 3655 457 3719 mausuetudine,
477 3655 655 3724 berriguitate,
668 3652 849 3716 admonendo,
871 3665 932 3706 sua·

133 3723 234 3789 densim
248 3725 281 3779 ad
296 3725 429 3780 unitatem
443 3725 505 3779 tidei
521 3739 633 3779 neeesse
645 3733 688 3779 est
700 3737 881 3793 congregare;
898 3736 932 3775 ne

134 3808 204 3917 anos
216 3795 329 3851 dulcedo
349 3795 561 3865 praedicationis,
575 3803 603 3850 et
621 3804 768 3864 praetentus
784 3791 868 3846 lutari
888 3790 933 3857 ju-

155 3865 205 3919 ieis
220 3873 306 3919 terror
318 3866 351 3919 ad
369 3864 535 3920 eredendum
551 3865 666 3920 invitare
678 3871 797 3933 poterat,
811 3862 893 3914 nuituis
905 3867 934 3914 et

136 3935 286 3989 terr-oribus
305 3936 503 4004 repellantur.»
519 3935 678 4003 Quanquam
703 3934 754 3989 sibi
780 3945 933 4000 repugnare

134 4004 242 4059 ridetur
254 4006 326 4060 idem
345 4004 494 4075 Gregorius
507 4004 554 4058 lib.
568 4021 609 4065 ιιι,
623 4005 702 4072 epist.
714 4002 759 4066 eb,
776 4002 802 4055 in
818 4015 872 4069 qna
893 3998 933 4053 sic

134 4075 232 4130 scribit
244 4077 278 4130 ad
292 4074 451 4130 ianuarium
465 4074 622 4144 episcopum
634 4074 819 4129 calaritanum
833 4088 839 4124 :
857 4088 866 4120 ι
880 4068 933 4124 hc-

133 4145 200 4201 cidit
213 4154 304 4200 autern
318 4145 391 4200 aliud
405 4145 482 4200 ralde
501 4144 663 4215 lngerrdum;
679 4143 741 4213 quin
762 4142 835 4211 ipsos
850 4139 934 4194 rusti·

133 4230 192 4279 cos,
208 4230 277 4285 quos
292 4216 373 4270 babet
386 4215 506 4270 Ecclesia
520 4224 576 4278 tua,
594 4230 666 4269 uurre
680 4227 766 4292 usque
784 4213 813 4267 in
835 4209 932 4265 inlide-

986 2943 1143 3014 religioncm
1157 2945 1216 3016 engi
1230 2961 1284 3000 rron
1299 2948 1407 3014 debere,
1423 2961 1452 3001 ua
1465 2966 1527 3007 curn
1540 2967 1611 3006 aratro
1626 2955 1678 3010 batt
1702 2958 1784 3028 legati

985 3015 1057 3071 sedis
1069 3015 1224 3084 apostolicae
1234 3025 1345 3087 agerent
1355 3019 1383 3073 in
1397 3020 1462 3075 urbe
1473 3020 1783 3096 llurrstamirrrrpnlita'ua,

984 3084 1128 3153 Graecique
1142 3085 1177 3140 ab
1191 3086 1231 3140 cis
1243 3099 1409 3143 conarentur
1429 3098 1593 3160 extinguere
1607 3096 1784 3168 subscriptio-

985 3171 1047 3209 nem
1061 3154 1201 3223 cujusdam
1214 3158 1326 3220 erroris,
1338 3169 1431 3228 aperte
1444 3160 1481 3214 itu
1497 3164 1700 3232 responderint:
1715 3168 1784 3222 ‹ms-

985 3241 1038 3296 quc
1050 3227 1122 3279 eninr
1136 3228 1237 3295 estqui
1250 3229 1371 3294 cuilibet,
1386 3231 1556 3301 ruarimeque
1569 3234 1596 3290 in
1610 3249 1690 3291 cama
1708 3237 1781 3305 lidei,

984 3299 1039 3350 vim
1059 3297 1145 3365 possit
1166 3297 1305 3361 interemi
1323 3310 1352 3354 ut
1366 3299 1445 3354 docet
1466 3313 1578 3360 sarolus
1599 3305 1732 3363 llaxiruus
1755 3311 1782 3366 in

984 3367 1097 3435 epistola
1114 3369 1147 3422 ad
1171 3369 1297 3424 abbatem
1321 3370 1501 3438 Thalassium,
1520 3391 1581 3456 qnae
1602 3377 1675 3432 edita
1695 3381 1783 3437 estin

983 3436 1162 3494 collectaneis
1182 3439 1318 3495 Atrastasii
1345 3441 1559 3499 bibliothecarii.
1575 3445 1635 3501 atta
1659 3456 1784 3507 rctcrmu

983 3506 1043 3562 loca
1058 3508 1153 3578 siquis
1165 3511 1285 3580 requirat
1296 3513 1330 3565 ad
1342 3513 1538 3568 ostendendum
1553 3516 1710 3587 religionem
1721 3522 1782 3591 cogi

984 3593 1038 3632 non
1057 3579 1166 3641 debere,
1187 3578 1295 3635 didieilc
1317 3598 1370 3638 non
1390 3583 1442 3638 erit
1464 3585 1603 3641 exhibere.
1625 3587 1691 3642 batn
1707 3599 1734 3643 et
1749 3591 1784 3645 ab

983 3649 1045 3704 aliis
1062 3649 1119 3717 jam
1133 3650 1247 3705 collecta
1263 3661 1335 3706 sunt.
1353 3654 1418 3709 llide
1437 3653 1545 3709 lvonem
1561 3664 1679 3727 parter,
1694 3661 1784 3729 capite

983 3719 1051 3844 gili,
1061 3731 1095 3842 aar
1114 3731 1193 3791 parte
1213 3738 1280 3785 srrr,
1297 3725 1385 3793 eapite
1403 3723 1453 3788 9l;
1473 3725 1591 3796 itemque
1608 3725 1783 3796 Gratianum,

1003 3799 1046 3843 tst.
1079 3810 1106 3844 a.

1019 3873 1031 3899 ⁸
1048 3858 1198 3915 Secundum
1212 3869 1312 3914 rtotrtte
1323 3862 1453 3932 priorum,
1465 3863 1595 3919 nimitum
1606 3863 1683 3931 jtttta
1696 3881 1779 3924 catto·

984 3944 1046 3983 uem
1066 3929 1099 3982 lli
1117 3929 1224 3985 concilii
1240 3944 1248 3983 ι
1267 3929 1483 3996 hlatisconcusis,
1503 3935 1549 4003 qui
1574 3949 1655 4004 supra
1677 3937 1782 3994 deseri-

983 4007 1103 4124 [ιιῖιεὲιει
1122 4000 1150 4054 iu
1174 4000 1245 4054 libro
1266 3999 1304 4056 lle
1323 4000 1444 4058 ludaieis
1453 4001 1709 4077 superstitionibus,
1732 4027 1779 4064 ea-

1003 4085 1039 4123 se
1072 4108 1079 4122 .
1446 4078 1452 4089 ’

983 4085 1000 4139 p
1020 4140 1033 4179 b
1052 4139 1180 4211 Magister
1196 4138 1412 4209 induceremini
1430 4153 1485 4208 cst,
1503 4145 1648 4212 EvrarduS,
1663 4157 1693 4203 ut
1708 4158 1784 4222 patet

983 4225 1016 4266 ex
1027 4212 1141 4280 epistola
1155 4213 1279 4281 sequenti
1291 4215 1353 4269 data
1367 4215 1400 4269 ad
1413 4214 1564 4273 Nihridium
1577 4218 1781 4276 Narbonensem

134 4285 210 4341 litate
230 4301 372 4341 remanere
388 4286 551 4409 negligentia
568 4285 748 4340 fraternitatis
761 4290 859 4337 vestrae
870 4295 932 4350 per·
944 4269 971 4330 Ι)
983 4283 1159 4352 episcopum:
1176 4301 1185 4334 r
1201 4283 1386 4339 Tentarernnt
1405 4301 1486 4354 porro
1508 4289 1616 4358 quidam
1638 4291 1725 4355 missi,
1740 4293 1782 4345 iu-

134 4356 218 4411 misit.
236 4356 269 4411 Et
284 4357 349 4427 quid
367 4371 416 4411 vos
436 4373 460 4410 aa
472 4369 569 4412 raoneo
589 4363 619 4408 ut
632 4365 777 4410 extraneos
791 4352 825 4407 ad
845 4351 931 4406 lleum

134 4427 284 4487 adducatis,
298 4428 346 4497 qui
362 4435 469 4481 vestras
487 4426 522 4480 ab
544 4425 705 4481 infidelitate
727 4423 865 4493 corrigere
885 4435 933 4475 ne·

133 4497 253 4568 gligitisl
269 4497 344 4553 lludc
364 4511 477 4552 necesse
495 4506 538 4551 est
555 4511 603 4550 ros
619 4495 774 4565 peremnia
796 4495 824 4547 in
837 4506 933 4546 eorum

132 4569 311 4622 eanrersiuue
326 4567 449 4638 uigilare.
464 4567 532 4621 bam
554 4566 577 4620 si
595 4567 740 4635 cujuslibet
761 4562 881 4632 episcopi
906 4565 933 4614 iu

55 4688 61 4699 ,
133 4636 261 4692 Sardinia
277 4638 364 4692 insula
378 4653 513 4708 paganum
528 4637 659 4692 rusticum
672 4637 795 4692 iurcnire
807 4641 933 4702 potuero,

133 4708 162 4761 iu
175 4709 300 4763 cumelern
321 4709 477 4777 episcopum
494 4708 602 4761 sortiter
624 4707 777 4761 vindicalm.
794 4702 854 4782 ianr
868 4716 934 4782 vero

132 4779 156 4831 si
173 4779 290 4834 rusticus·
306 4787 388 4832 tanae
402 4778 484 4833 luerit
497 4778 618 4846 perlidiae
632 4787 659 4832 et
681 4775 872 4831 obstinationis
891 4788 933 4824 m-

134 4857 242 4911 reutus,
255 4849 332 4902 ulad
356 4863 418 4903 earn
434 4849 527 4902 renire
542 4849 655 4902 minime
678 4845 843 4904 consentiat,
858 4852 934 4897 tauto

132 4918 363 4988 perrsionisonere
378 4919 533 4989 gravandus
545 4927 587 4972 est
599 4927 628 4972 ut
642 4919 699 4987 ipsa
713 4913 933 4992 exactiottis'sute

133 5000 213 5058 poeua
230 4987 408 5058 compellatur
420 4990 454 5044 ad
469 4989 658 5043 rectitudinem
672 4987 833 5042 festinare.»
850 4982 935 5036 bruit-

134 5071 193 5112 rum
206 5057 284 5128 justa
304 5068 422 5114 menmm
440 5059 599 5128 Augustini,
613 5059 660 5128 qui
677 5057 808 5114 Petiliauo
825 5053 936 5107 liberta·

133 5137 187 5182 tem
201 5130 306 5184 arbitrii
325 5130 353 5183 iu
367 5144 448 5184 causa
464 5131 526 5183 delei
538 5145 599 5185 csse
613 5131 713 5185 deliere
727 5126 826 5182 dicenti
842 5124 881 5178 sie
893 5138 935 5176 re-

132 5200 244 5282 spoudit
254 5200 325 5255 libro
334 5216 354 5253 rr
365 5212 460 5254 eornm
472 5200 577 5255 litteras
586 5199 708 5254 Petiliaui
719 5213 778 5266 cup.
788 5197 836 5250 lli:
848 5213 857 5244 ι
867 5191 934 5274 Nam

133 5285 156 5324 ar
170 5272 222 5325 boe
234 5269 375 5326 iurenturu
390 5270 473 5325 luerit
487 5271 559 5340 quod
573 5271 654 5340 imple
671 5269 800 5331 feceritis,
814 5280 866 5320 nou
886 5278 937 5315 ιιιι-

133 5341 243 5406 remini,
258 5341 280 5395 ai
297 5356 351 5395 non
371 5341 470 5395 desunt
483 5341 601 5397 urirristri
621 5341 727 5396 bonrini
743 5353 786 5410 per
804 5350 872 5406 quos
888 5331 937 5414 lla-

133 5411 273 5483 gellamirri
286 5425 294 5464 t
308 5412 372 5481 quia
386 5412 603 5481 persecutionem
616 5410 738 5480 patimini
750 5423 804 5464 uon
817 5423 832 5460 a
847 5405 935 5464 viribus,

134 5482 193 5546 scd,
206 5483 278 5538 sicut
293 5482 423 5551 scriptum
436 5490 488 5548 est,
503 5483 538 5536 ab
551 5482 617 5553 ipsis
633 5482 712 5536 laetis
724 5480 831 5536 restris.
844 5496 853 5527 r
871 5474 937 5529 ltettt

135 5569 193 5625 cap.
210 5555 262 5610 83.
283 5571 293 5604 ι
308 5553 349 5608 hd
370 5552 450 5608 tidem
469 5551 559 5607 nullus
579 5561 621 5608 est
647 5551 785 5623 cogendus
801 5566 807 5602 :
823 5546 871 5603 setl
888 5557 938 5610 l>el

337 5755 475 5814 Puram..
500 5749 575 5811 etv.

984 4355 1053 4434 quit,
1066 4359 1095 4406 et
1111 4352 1250 4410 Errardus
1263 4356 1392 4421 maxime,
1409 4357 1454 4426 qui
1468 4355 1624 4414 ludaeorum
1638 4377 1711 4416 vrunc
1724 4379 1783 4416 mtr-

984 4431 1069 4494 grster
1081 4432 1133 4486 est,
1147 4434 1200 4476 ete.
1217 4444 1226 4476 ι

1021 4505 1033 4533 t
1054 4491 1238 4556 breviculum,
1255 4494 1281 4548 id
1305 4505 1362 4559 cst,
1379 4495 1576 4562 inventarium,
1594 4509 1624 4554 ut
1642 4501 1783 4555 adnotari·

984 4579 1045 4619 mus
1059 4563 1092 4617 ad
1114 4563 1257 4632 epistulam
1281 4565 1395 4632 primaru
1415 4566 1481 4636 Lupi
1500 4568 1693 4626 Ferrarieusis.
1717 4572 1783 4625 Βιε·

986 4650 1046 4689 rcm
1070 4634 1144 4687 enim
1159 4633 1308 4703 antiquitas
1326 4635 1395 4690 dixit
1409 4637 1479 4704 qrtud
1499 4653 1549 4692 nos
1564 4638 1644 4693 hodie
1667 4641 1783 4697 rlicirrms

985 4704 1180 4759 inventarium.
1203 4704 1280 4763 Unde
1295 4713 1321 4758 et
1344 4705 1478 4762 Eusebius
1499 4707 1546 4763 lib.
1561 4725 1589 4775 x,
1604 4725 1664 4781 cap.
1681 4709 1781 4768 dllist.

984 4776 1100 4839 lice-les,
1116 4774 1228 4831 retinuit
1239 4774 1310 4830 haue
1324 4792 1416 4831 rocem
1433 4778 1460 4832 iu
1471 4788 1599 4835 cnrtmrtu
1609 4778 1714 4837 Graeco.
1730 4782 1783 4837 Eu·

984 4847 1045 4899 dem
1069 4861 1150 4901 sensu
1167 4854 1297 4915 usurpata
1318 4849 1452 4916 reperitur
1476 4850 1535 4905 bare
1554 4868 1605 4906 rus
1632 4852 1658 4906 iu
1682 4851 1783 4906 cndu-e

985 4916 1132 4981 leundas,
1148 4915 1166 4968 l.
1188 4933 1236 4981 ru,
1250 4916 1289 4970 De
1302 4917 1471 5040 indulgentiis
1492 4921 1610 4985 delirae
1625 4931 1652 4977 et
1678 4921 1696 4974 Ι.
1713 4938 1721 4976 ι
1744 4921 1783 4976 De

983 4987 1079 5041 studiis
1101 4986 1253 5041 liberalibus
1276 4988 1348 5042 arrhis
1386 4991 1463 5042 tonare
1481 5001 1505 5044 et
1523 4988 1580 5045 GP.
1625 4991 1693 5046 ilinc
1717 4991 1782 5048 illud

984 5055 1076 5126 Optsti
1091 5057 1119 5110 iu
1133 5055 1202 5110 libro
1216 5057 1305 5126 primo
1317 5059 1447 5113 adversus
1459 5060 1685 5115 Parumuianum:
1696 5082 1705 5112 ι
1717 5061 1784 5119 Bra·

986 5133 1027 5181 vis
1045 5129 1105 5181 auri
1126 5135 1153 5180 ct
1173 5128 1278 5197 argenti
1294 5129 1397 5183 sedenti
1414 5129 1568 5192 Caeciliano,
1590 5131 1660 5186 sieut
1675 5133 1779 5205 delega-

985 5208 1043 5254 tum
1054 5214 1069 5251 a
1081 5197 1218 5252 hlensnrio
1230 5198 1326 5262 luerat,
1338 5200 1468 5263 traditum
1481 5220 1490 5251 a
1501 5216 1554 5270 qun
1565 5202 1625 5256 loeo
1633 5203 1692 5257 ride
1704 5215 1783 5259 nestas

986 5268 1126 5335 Bnlduini;
1141 5268 1187 5336 qui
1205 5276 1294 5323 ermen
1307 5285 1399 5325 rernm
1420 5269 1501 5337 hujus
1520 5273 1594 5326 vocis
1607 5273 1781 5343 significatio-

987 5355 1049 5393 nem
1068 5354 1121 5394 non
1142 5339 1210 5393 satis
1224 5350 1366 5395 assecutus
1381 5337 1464 5394 luisse
1486 5341 1602 5397 ridetur.
1617 5343 1680 5399 lude
1696 5346 1782 5399 inbre-

987 5410 1095 5464 riurein
1106 5410 1238 5480 Capitulis
1248 5409 1336 5465 Caroli
1348 5408 1434 5471 Calvi,
1446 5419 1474 5466 et
1484 5413 1554 5484 apud
1568 5414 1741 5471 lliuemarum
1753 5415 1781 5474 in

988 5480 1147 5552 praelatione
1163 5481 1222 5536 libri
1238 5497 1264 5535 ιι
1279 5479 1474 5550 capitulorum.
