3832 6120
173 307 224 362 iss
665 307 693 363 S.
713 308 886 364 deebrient
906 304 1060 363 sciscant
1080 304 1322 362 tununnensis
1756 303 1808 358 isi

170 422 313 478 sanctitate
327 421 478 485 reverendi,
498 421 581 489 signis
595 428 622 474 et
635 421 766 491 prodigiis
781 419 965 475 lerortttaout?
980 424 1004 481 Α
1018 417 1137 471 haeretici
1164 416 1205 470 let
1234 426 1348 481 atterite,
1376 417 1453 486 quasi
1475 432 1489 468 a
1514 416 1569 469 ileo
1594 416 1666 479 tiata,
1690 424 1807 470 tetrctttr.

171 514 328 584 deprehen
351 515 451 569 idcirce
466 514 576 578 dicitur,
599 522 630 569 ut
652 516 753 583 passim
770 514 889 568 etuttium
904 515 962 584 epi-
1051 509 1118 562 biii.
1138 509 1315 578 Temporibus
1335 507 1457 578 praedicti
1477 506 1635 562 Gundebadi
1656 510 1728 577 regis
1741 506 1809 562 ilar-

169 605 317 675 scopabam
328 606 966 676 couterinumsartottouesruqualiauctoritate
1013 599 1196 667 generorum,
1219 596 1269 652 luit
1283 598 1310 652 in
1332 597 1400 653 urhe
1414 598 1516 652 Vienna
1537 605 1650 652 sanctus
1666 599 1811 669 emscopm

170 698 331 768 recipiendae
351 698 514 758 credantur,
535 706 565 751 ut
586 697 703 762 Nicaeni,
727 698 964 765 Chalcedonensis,
1013 687 1110 742 Allius
1126 689 1245 753 mittiue·
1261 688 1313 743 ilde
1326 688 1493 753 fflihsslissllflr
1509 689 1664 759 eloquentia
1675 689 1811 746 muntiis·

169 797 197 841 et
206 795 366 843 enteromm
379 787 546 858 generalium
567 803 600 842 et
623 789 708 844 totitas
726 789 817 844 mttudi
831 802 966 844 consensu
1014 783 1115 847 simus,
1131 783 1240 854 iugenio
1260 783 1419 848 acerrimus,
1444 797 1585 838 sacrarum
1607 781 1811 854 scripturarum

170 886 398 949 congregatorum
424 887 451 932 et
475 886 655 946 receptorum.
685 877 739 934 sed
763 880 826 948 quia
849 893 969 948 congrua
1012 874 1151 944 expositor
1166 875 1359 938 suauissimus,
1376 875 1626 930 litteratumetiam
1640 876 1811 932 saecttlatinm

171 969 345 1022 reseratione
361 982 411 1036 pre
432 967 522 1022 causis
535 969 709 1032 necesariis,
733 984 848 1038 quarum
871 968 967 1022 delini-

171 1058 260 1115 tiones
275 1058 301 1112 in
315 1058 369 1112 illis
382 1057 554 1126 generalibus
567 1073 620 1110 neu
641 1058 825 1122 inveniuntur,
848 1057 916 1112 iides
929 1059 966 1112 sit

170 1148 211 1201 eis
223 1147 374 1202 adhibenda
388 1147 517 1216 reiigione
530 1146 639 1212 debita;
660 1156 687 1202 et
698 1148 794 1203 melias
812 1149 846 1202 sit
860 1149 966 1203 triticei-

170 1254 223 1307 que
235 1253 328 1293 eornm
343 1238 419 1308 sequi
434 1240 633 1304 auctoritatem,
653 1255 735 1308 quarn
753 1242 892 1311 proprium
903 1256 966 1295 sen·

170 1345 248 1392 sum3
264 1337 290 1384 et
302 1331 361 1385 sine
378 1329 471 1399 aliquo
481 1329 573 1384 dolere
587 1331 695 1385 transiri
711 1347 764 1385 trun
778 1333 880 1400 possit,
902 1347 965 1385 cum

171 1421 343 1476 definitiones
365 1419 513 1476 multorum
531 1427 559 1476 ct
582 1430 735 1476 satiatorum
750 1432 832 1491 atquc
853 1422 967 1477 catholi-

171 1526 266 1568 cerum
289 1512 551 1582 praetermittantur,
571 1521 599 1568 et
618 1514 697 1569 unius
715 1513 872 1569 Gundebadi
895 1514 967 1584 regis

1015 963 1205 1027 (lectissimus,
1223 974 1251 1018 et
1273 965 1300 1018 io
1322 964 1417 1018 metris
1439 963 1599 1029 facillimus,
1624 965 1696 1020 sieut
1709 974 1738 1021 et
1752 966 1812 1037 etus

1015 1051 1103 1121 Opera
1130 1061 1280 1108 testantur:
1303 1054 1425 1125 quicum
1448 1055 1542 1110 eedem
1566 1054 1734 1113 Gnodebade
1757 1057 1812 1115 lra-

1015 1145 1152 1214 quenterb
1164 1145 1198 1199 de
1210 1144 1263 1200 ilde
1276 1146 1421 1211 altercans,
1436 1155 1464 1200 et
1481 1157 1492 1183 ι
1507 1145 1629 1216 dialogos
1641 1147 1669 1202 in
1682 1150 1811 1218 presenti

1015 1236 1173 1299 consciens,
1193 1235 1246 1290 etd
1268 1236 1390 1306 epistolis
1407 1237 1513 1291 absenti
1535 1238 1712 1306 respondeas,
1732 1240 1828 1311 plura⁴

1014 1336 1041 1383 et
1065 1327 1137 1383 clara
1158 1328 1258 1400 ingenii
1277 1329 1319 1383 sui
1333 1336 1362 1384 et
1385 1329 1493 1384 uirtutis
1516 1343 1600 1399 opera
1616 1331 1745 1401 reliquit:
1765 1334 1811 1402 qni

1016 1422 1073 1492 ipse
1085 1432 1097 1460 ι
1111 1420 1277 1476 Guudohade
1290 1422 1317 1476 in
1338 1438 1386 1477 sua
1401 1422 1514 1490 pertidia
1535 1420 1652 1490 perdite,
1672 1438 1813 1480 sacreme-

1016 1527 1073 1566 rem
1087 1511 1145 1580 ejus
1159 1511 1169 1550 l
1184 1511 1386 1585 Sigismnodum
1399 1530 1491 1586 regem
1507 1516 1540 1571 ad
1554 1517 1634 1573 tidem
1648 1519 1811 1575 catholicam

860 1621 996 1680 ntttttzti
1016 1623 1134 1679 NOTAE.

210 1752 222 1781 ι
239 1736 349 1810 AEqrrolt'
364 1736 530 1790 auctoritate.
547 1734 591 1787 ιιὶι
604 1732 717 1787 coticiiia
740 1732 897 1804 regionalia,
916 1745 962 1789 atrt
978 1735 1000 1794 B
1014 1747 1148 1803 namque,
1174 1749 1235 1787 cum
1265 1735 1447 1805 majordomus
1461 1747 1547 1801 esset,
1571 1738 1685 1793 duxerat
1699 1756 1810 1797 rnorem

174 1808 361 1881 provincialia,
390 1805 538 1874 mjosotoot
567 1811 631 1858 stmt
653 1803 804 1868 Gallicana,
827 1820 880 1858 uon
905 1819 965 1862 esse
1018 1804 1051 1856 de
1070 1803 1196 1872 prosapia
1218 1805 1303 1858 sancti
1327 1805 1491 1876 Sigismoutii
1517 1809 1588 1878 regis
1608 1808 1807 1890 Burgundio..

172 1890 256 1936 tante
279 1878 450 1932 atteteritatis
468 1890 500 1929 ac
523 1873 659 1945 gcrreralia
686 1875 769 1928 totius
793 1874 897 1937 muudi,
918 1879 966 1933 sed
1018 1873 1070 1927 Sed
1096 1888 1182 1943 nuper
1196 1874 1237 1927 rit·
1251 1874 1419 1931 clarissimus
1437 1878 1572 1932 Adrianus
1587 1879 1709 1935 Valesius
1723 1883 1749 1934 itt
1763 1896 1812 1951 pu-

173 1961 263 2007 tamen
275 1965 393 2020 cengrua
405 1946 580 2001 veneratione
594 1945 775 2013 suscipienda,
789 1946 861 2013 qumi
871 1960 965 2016 suozp-
1017 1942 1116 1998 hilcum
1138 1944 1230 1998 emisit
1240 1943 1397 2001 Passionem
1417 1949 1503 2004 sancti
1518 1947 1693 2019 sigismundi,
1716 1950 1750 2005 ah
1761 1968 1811 2006 au-

173 2019 323 2076 tumridcri
335 2025 461 2088 potestur
473 2014 624 2086 httgrtstiuo
637 2014 819 2069 iuiiirrenile
830 2014 966 2082 baptismo
1017 2023 1102 2075 ctare,
1130 2013 1232 2082 utipse
1256 2023 1343 2084 putat,
1371 2017 1468 2086 aquati
1492 2034 1523 2073 ac
1546 2019 1677 2074 mertarito
1696 2020 1812 2077 forsitan

174 2109 233 2160 cap,
248 2091 284 2145 ὅς
304 2110 313 2138 t
329 2090 386 2159 ipso
399 2086 523 2148 coucilia,
538 2085 634 2155 iuquit,
650 2100 710 2152 qmr
729 2085 910 2154 persingulas
924 2104 965 2143 re·
1017 2082 1171 2152 hgauueusi
1185 2087 1363 2154 cetnpesitonr
1377 2105 1383 2139 :
1395 2102 1427 2141 ex
1440 2103 1492 2156 qua
1504 2099 1615 2159 apparet
1628 2091 1698 2144 ituuc
1711 2092 1813 2160 priuci-

174 2164 268 2232 gioucs
280 2160 321 2212 rel
333 2157 486 2229 prouincias
497 2158 574 2218 liuut,
591 2155 775 2223 pfcuarinrnm
789 2155 965 2211 conciliorum
1017 2167 1089 2222 pem,
1102 2154 1209 2210 aillietis
1237 2155 1347 2211 enmiuo
1370 2158 1451 2211 rebus
1471 2159 1537 2222 suis,
1561 2174 1594 2214 ert
1613 2159 1765 2230 burgundia
1783 2162 1811 2218 itt

173 2230 340 2294 auctoritati,
364 2242 424 2299 qum
444 2226 511 2280 iiuut
530 2232 562 2281 et
579 2226 706 2279 nuircrsu
718 2225 784 2279 orbe
799 2226 965 2293 Christiano,
1018 2230 1137 2277 montem
1157 2226 1314 2294 quemdam,
1334 2228 1377 2281 cui
1400 2228 1545 2283 Veresallis
1564 2239 1743 2294 nontencrat,
1764 2247 1810 2285 au-

174 2305 232 2356 siue
246 2301 309 2354 ullis
328 2298 485 2366 aotltugibus
497 2298 606 2351 cetinut.
625 2315 634 2347 ι
652 2296 734 2350 lictus
750 2303 845 2349 auctor
858 2298 884 2348 in
898 2311 967 2365 prte-
1018 2293 1129 2363 legisse,
1152 2295 1244 2363 ibique
1266 2298 1429 2352 monaclmnt
1443 2296 1526 2353 inisse
1547 2298 1658 2362 laetum,
1677 2311 1706 2355 ut
1719 2316 1748 2356 se
1764 2303 1811 2356 bo·

175 2373 276 2428 titione
295 2368 469 2425 collectionis
482 2382 626 2428 canonum,
641 2374 784 2435 postquam
798 2365 905 2421 locutus
925 2375 967 2423 est
1018 2365 1099 2419 stium
1116 2380 1226 2418 suorum
1244 2365 1405 2421 humanitati
1421 2369 1606 2433 sttlrtraiterct3
1624 2373 1669 2424 sed
1702 2387 1811 2426 trorum·

174 2444 208 2496 tle
220 2451 337 2511 quatuor
352 2438 473 2492 conciliis
488 2437 674 2499 oeeutrreoicis,
690 2437 748 2490 lunc
769 2435 826 2489 ait:
845 2454 854 2484 t
869 2435 922 2490 Sed
939 2447 968 2492 ct
1016 2434 1080 2487 tirno
1095 2434 1317 2504 ilurgnmlieuuru
1341 2437 1452 2519 pertidia
1465 2438 1566 2493 iactum
1592 2450 1621 2494 ut
1636 2457 1668 2495 er
1681 2388 1748 2512 iuga
1769 2459 1811 2495 re-

174 2514 196 2567 si
217 2518 347 2581 quosuut
367 2509 555 2575 cetteiiiaqnm
572 2507 658 2560 sancti
675 2505 770 2560 Patres
791 2503 896 2576 Spiritu
919 2508 966 2562 ilci
1019 2504 1182 2569 traheretur,
1208 2506 1297 2574 specio
1326 2508 1443 2575 pretatis.
1478 2509 1596 2564 Alteram
1629 2520 1718 2565 antem
1751 2513 1809 2582 ipsa

174 2583 245 2652 pieni
270 2587 427 2642 sanxerunt,
450 2587 510 2647 pest
524 2576 966 2644 istorumquatuorauctoritatem
1019 2575 1138 2629 auctoris
1152 2575 1243 2630 rerba.
1270 2595 1279 2625 t
1306 2577 1389 2643 igitur
1406 2593 1468 2632 ctrm
1491 2579 1587 2634 Ftanri
1608 2581 1721 2651 plurima
1741 2596 1810 2650 proc

176 2660 286 2707 manem
305 2650 434 2704 gqqgtjra,
454 2669 463 2700 ,
482 2648 515 2701 Ει
537 2656 600 2717 post
625 2647 710 2707 iilum,
726 2645 802 2701 losse
824 2647 968 2718 episcopus
1019 2660 1101 2712 regua
1115 2646 1298 2709 detestarent,
1317 2645 1519 2718 Galliarumque
1534 2653 1614 2706 urbes
1636 2651 1812 2706 sciturnomen

175 2722 363 2776 curtriacensis
386 2720 413 2773 iu
440 2718 555 2785 epistola
577 2717 610 2770 ad
632 2717 799 2771 diocesanos
813 2731 913 2774 sunsit
938 2718 967 2773 si
1019 2715 1258 2784 depopularentur.
1280 2717 1315 2770 llil
1335 2728 1362 2770 nt
1387 2719 1530 2774 multitudo
1554 2721 1668 2775 maxima
1689 2721 1812 2791 liutgart·

174 2809 226 2863 quo
241 2806 305 2845 reru
316 2791 366 2844 alia
383 2789 494 2844 certcilia
508 2794 662 2841 sanctorum
674 2786 797 2850 Panum,
810 2799 858 2854 pre
874 2802 968 2844 neces·
1020 2783 1129 2838 etenum
1144 2785 1254 2841 Francis
1265 2803 1293 2841 se
1307 2789 1423 2843 sociaret
1439 2809 1445 2842 :
1459 2799 1523 2845 tunc
1535 2799 1647 2845 sattetns
1658 2790 1812 2850 Siaistouu-

176 2863 257 2916 sitatc
270 2875 424 2921 cattsarum,
440 2858 517 2926 pietm
536 2857 638 2927 Spiritu
655 2857 701 2910 ilci
714 2857 740 2909 iu
758 2871 840 2911 uuum
858 2873 968 2929 currgre-
1019 2854 1069 2910 dus
1084 2855 1178 2909 ridens
1191 2871 1219 2911 se
1231 2858 1293 2912 bine
1305 2858 1366 2912 inic
1376 2861 1560 2923 ertaummmt,
1576 2860 1722 2917 i'cresallis
1733 2877 1810 2915 meu-

176 2940 239 3001 gata
262 2938 421 2992 sanxerunt,
441 2927 615 2983 custodienda
637 2934 664 2979 et
678 2927 843 2996 recipienda.
864 2926 968 2984 illiue·
1020 2933 1075 2978 tem
1088 2927 1211 2995 expetiit,
1237 2936 1265 2981 et
1284 2929 1407 2984 adinstar
1432 2930 1497 2984 Etim
1517 2929 1663 2987 Titeshitis,
1679 2941 1812 3000 qnatenus

177 3017 269 3056 marus
281 3001 306 3055 in
321 2999 452 3070 opusculo
461 3014 503 3060 ιι,
517 2995 702 3067 capitulorum
715 3012 773 3063 carr.
782 2997 817 3051 25
831 3015 837 3050 :
852 3017 861 3047 t
874 2996 903 3054 si
915 3013 967 3067 qua
1019 2993 1214 3051 crudelissimus·
1227 2999 1314 3065 gentis
1328 2999 1499 3055 barbaricam
1511 3000 1645 3055 iet-itatem
1665 3003 1811 3065 crathsret,

176 3081 239 3128 sunt
263 3081 353 3125 autem
375 3068 488 3124 coucilia
506 3085 521 3120 a
546 3067 648 3122 sanctis
673 3066 801 3122 Patribus
832 3067 1003 3162 instituta,C
1020 3064 1194 3136 singulariter
1219 3067 1342 3122 babitare
1372 3069 1467 3140 clegit:
1493 3071 1556 3142 quia
1580 3071 1629 3124 sibi
1654 3071 1813 3127 imminebat

176 3149 237 3213 post
257 3149 375 3212 quatuor
387 3139 563 3195 cetteilierum
578 3137 767 3192 austeritatem
789 3138 967 3194 custodienda
1020 3135 1167 3191 discrimen
1187 3137 1260 3201 ritae,
1272 3135 1350 3206 juxta
1364 3139 1428 3195 iilud
1453 3141 1524 3210 quod
1538 3141 1663 3210 egregius
1682 3143 1813 3211 praedica-

175 3222 203 3268 ιι
215 3212 382 3266 ehserraueta
396 3209 535 3270 ‹iecrerit;
554 3227 564 3259 ι
582 3207 608 3262 iti
621 3216 673 3270 est,
685 3222 753 3279 papa
768 3207 904 3273 Gelasius,
922 3225 969 3265 co·
1021 3208 1107 3261 tarde
1121 3207 1177 3262 suis
1194 3207 1413 3264 tribulationibus
1430 3211 1552 3265 scrihcus
1565 3210 1623 3264 ait:
1641 3208 1771 3266 Pericuh'r
1785 3214 1813 3265 io

172 3284 219 3353 jus
234 3282 292 3337 haee
307 3289 370 3335 suut
387 3281 489 3335 rerba:
506 3297 516 3329 t
535 3276 588 3332 Sed
601 3278 662 3332 etsi
683 3294 736 3348 qna
750 3288 812 3333 sunt
825 3279 968 3334 couciliaa
1021 3274 1097 3345 [risis
1119 3276 1256 3346 [ratribus.
1280 3278 1355 3334 Turre
1369 3280 1476 3335 diverso
1502 3281 1582 3335 modu
1609 3281 1814 3350 llurgmtdiouts

176 3353 279 3408 sanctis
306 3350 432 3406 Patribus
456 3350 587 3404 imotenus
606 3347 739 3410 instituta,
765 3357 826 3418 pest
855 3350 968 3406 istorum
1020 3348 1183 3402 necessitate
1202 3349 1288 3419 tnagis
1302 3364 1383 3418 qnam
1395 3349 1533 3405 trtiuntate
1549 3350 1661 3406 Francis
1681 3365 1709 3405 sc
1720 3368 1752 3406 er
1769 3352 1812 3406 iu·
1889 3381 1891 3384 ·

176 3431 293 3494 quattmr
327 3420 517 3477 aucmritaterrt
548 3419 630 3473 etiam
653 3419 828 3474 custodienda
843 3418 876 3475 'et
899 3420 969 3475 reci·
1022 3423 1097 3487 tegre
1121 3416 1270 3483 dederuut;
1298 3421 1486 3488 promittentes
1501 3422 1701 3476 sanctissiuuun
1724 3422 1813 3477 sirum

177 3493 275 3562 pientia
297 3491 457 3547 mandamus
479 3497 507 3543 rt
533 3487 714 3543 deceruimus.
736 3507 745 3540 r
764 3489 831 3544 tilde
850 3490 968 3546 idarmm
1021 3485 1236 3557 SigiStttttndttffl,
1251 3489 1401 3559 principem
1427 3506 1515 3553 suum,
1543 3492 1711 3562 parquirere,
1731 3501 1760 3547 et
1774 3494 1816 3547 eis

175 3565 203 3618 in
223 3563 292 3617 libro
307 3578 337 3616 ut
353 3563 385 3616 tle
406 3558 555 3615 Goucortlia
575 3557 729 3613 Sacerdotii
749 3568 774 3614 et
786 3558 892 3630 imperii
907 3576 967 3632 cap.
1021 3556 1141 3612 vinctum
1170 3559 1287 3613 tradere.
1315 3561 1372 3614 llac
1390 3561 1570 3630 pretnisslone
1585 3563 1688 3627 alitilia,
1703 3574 1815 3618 sanctus

175 3635 202 3699 i,
218 3633 232 3707 g
245 3633 273 3694 (i,
284 3641 311 3687 et
323 3632 369 3686 iiii.
382 3647 418 3693 rt,
431 3629 548 3702 capsi,
564 3627 578 3700 ᾖ
590 3627 616 3683 6.
1021 3625 1063 3679 ιιι·
1073 3626 1263 3698 sigismundus
1277 3638 1415 3700 routperta
1435 3646 1529 3686 cerum
1542 3632 1662 3703 nequam
1674 3634 1814 3688 cesariem

212 3702 285 3758 nne
298 3700 503 3826 attenderemus.
521 3699 619 3753 Earum
634 3697 852 3764 altercationum,
872 3710 902 3754 ut
924 3715 969 3753 re·
1020 3696 1117 3765 eapitis
1141 3697 1182 3751 sui
1209 3699 1341 3764 totondit,
1366 3709 1393 3753 et
1414 3716 1471 3754 sea
1488 3701 1574 3757 laicali
1595 3702 1692 3757 uestitu
1706 3702 1732 3756 io
1754 3703 1815 3757 reii-

176 3783 219 3829 cat
240 3775 297 3843 rign
317 3773 411 3835 ardus,
426 3786 509 3824 uttam
536 3783 622 3838 nuper
635 3769 720 3824 edidit
741 3768 857 3825 domnus
882 3770 970 3826 Lucas
1039 3767 1108 3821 ienis
1123 3769 1238 3822 ιιιιιιιιιιι
1253 3769 1384 3824 habitum.
1399 3771 1450 3838 Qui
1465 3774 1528 3826 dum
1544 3772 1570 3825 in
1585 3773 1740 3841 supradicte
1755 3773 1818 3828 lrrce

177 3845 326 3900 ilaclterius
340 3844 366 3897 in
382 3841 490 3896 temni
508 3837 658 3910 spicilegii,
673 3854 734 3913 pag.
752 3839 802 3895 tte
817 3849 845 3896 et
857 3856 971 3910 sequeu-
1017 3782 1129 3906 fejuuiis
1144 3849 1248 3909 penect
1262 3839 1360 3964 rig'iliis
1372 3851 1523 3897 uraccratus
1535 3842 1688 3913 quiesceret
1700 3842 1813 3905 ihident,

178 3916 259 3968 tibus.
281 3912 400 3975 hiterius
421 3925 486 3965 reru
507 3910 692 3983 altercationis
714 3926 776 3967 cum
803 3910 970 3967 Gundeimdo
1020 3907 1148 3976 paucies
1177 3907 1284 3980 llurgun
1314 3911 1414 3966 ouibus
1441 3911 1475 3965 ad
1507 3913 1594 3983 ipsum
1621 3913 1815 3968 couvenientes

178 3984 300 4038 meminit
313 3984 369 4052 ipse
383 3982 477 4035 avitus
493 3982 520 4034 in
531 3979 643 4049 epistola
657 3980 703 4045 sl,
715 3996 777 4051 quac
800 3982 862 4036 datu
875 3992 917 4035 cst
936 3982 970 4037 ad
1022 3978 1099 4048 quasi
1125 3993 1207 4035 causa
1226 3978 1337 4043 attioris,
1356 3981 1389 4035 ad
1405 3982 1528 4051 sepulcra
1544 3992 1698 4037 sanctorum
1712 3993 1815 4053 tnartg-

178 4055 305 4108 tleuroum
327 4052 531 4121 sigismundum
557 4065 660 4121 regem,
687 4050 848 4106 Gundebadi
874 4052 968 4105 lilium.
1022 4064 1082 4102 rum
1097 4050 1147 4102 suh
1160 4051 1275 4116 quadam
1290 4051 1412 4105 custodia
1429 4052 1545 4107 latenter
1554 4055 1703 4123 perducere
1713 4054 1814 4121 premi·

180 4142 190 4174 t
215 4123 281 4176 (buu
305 4121 478 4192 presentiam
497 4128 627 4183 vestram,
652 4120 750 4189 inquit,
770 4120 826 4175 ileo
838 4119 971 4190 largiente
1006 4127 1126 4174 sentin.
1143 4119 1264 4187 Cumque
1279 4122 1311 4173 aa
1324 4121 1463 4176 clausuras
1479 4123 1563 4192 ipsius
1574 4123 1744 4193 agaunensis
1757 4139 1814 4176 mo·

177 4206 312 4254 meruere,
338 4206 387 4262 per
406 4203 450 4242 me
471 4189 569 4244 seriem
583 4191 667 4244 tetius
683 4189 867 4245 altercationis
887 4206 971 4261 crpo-
1022 4189 1132 4242 casterii
1150 4189 1336 4256 praevenissent
1371 4192 1478 4260 agmina
1516 4193 1737 4261 Burgundionum
1760 4208 1814 4248 otta

178 4276 251 4317 naut.
270 4281 280 4314 r
1022 4272 1083 4311 enm
1105 4257 1227 4322 Francis,
1243 4259 1364 4315 adinstar
1379 4260 1455 4316 lutiae
1475 4263 1621 4334 proditoris
1634 4262 1735 4317 Gltristi
1750 4264 1816 4317 ilur-

213 4343 225 4370 ι
238 4329 374 4404 Dialogus.
388 4328 597 4386 ilniusistorum
607 4328 779 4401 Dialogerorn
789 4329 969 4400 fragmentum
1022 4328 1172 4397 gundiones
1185 4328 1210 4382 in
1223 4345 1283 4383 euru
1306 4345 1402 4384 mamm
1415 4332 1575 4402 injecerunt,
1593 4339 1620 4387 et
1633 4333 1750 4387 rinmunt
1771 4349 1815 4387 ca·

177 4402 249 4456 aliud
263 4401 596 4457 truhemuscooscrramm
609 4400 643 4454 ah
654 4400 799 4473 ligoharde
813 4400 841 4454 in
852 4400 922 4455 libro
936 4400 970 4454 de
1023 4398 1093 4452 tenis
1115 4398 1285 4452 trudblcruut
1297 4400 1420 4466 t'raoo‘rs,
1435 4416 1584 4472 eorumque
1596 4403 1652 4473 regi
1673 4403 1815 4458 Ciodome·

177 4472 296 4528 Pictoris
309 4473 366 4528 sire
375 4470 550 4542 imaginibus,
563 4486 624 4542 cap.
637 4470 665 4526 9.
1022 4483 1063 4521 ιο.
1084 4489 1092 4519 ι
1111 4469 1163 4523 Sed
1175 4469 1284 4522 ubinam
1302 4472 1409 4525 taudem
1424 4473 1543 4543 gentium
1557 4474 1624 4528 situs
1643 4472 1726 4529 luerit
1738 4488 1817 4527 mens

212 4543 225 4583 ι
254 4542 379 4616 Epistolis
408 4541 509 4596 absenti
531 4541 698 4612 respondeus.
725 4541 841 4597 Exstant
859 4541 969 4596 omniuo
1021 4538 1117 4603 ilie,in
1133 4553 1187 4608 qno
1208 4538 1396 4610 sigismundus
1420 4542 1506 4597 latere
1529 4544 1623 4613 cupiit,
1639 4543 1760 4610 ignotttm
1775 4557 1816 4598 rc·

176 4621 239 4668 ueto
254 4614 325 4668 rititi
346 4611 467 4683 epistola.
490 4613 524 4685 ad
541 4611 738 4667 Gundebadnm
753 4625 855 4676 regem,
874 4627 970 4667 ontnes
1020 4606 1098 4679 liquit
1123 4609 1167 4663 bie
1190 4620 1294 4664 attrter.
1321 4611 1353 4665 bt
1376 4612 1514 4681 probabile
1534 4624 1575 4667 est.
1605 4614 1709 4668 alienas
1726 4620 1816 4667 terras

176 4685 261 4739 terme
279 4684 312 4739 do
325 4699 408 4738 causa
420 4681 568 4752 religionis.
583 4682 674 4752 Nuper
687 4697 753 4735 vero
768 4682 849 4736 aliam
861 4696 970 4752 qouque
1021 4679 1131 4749 petiisse
1152 4678 1365 4751 sigisumudum,
1390 4697 1423 4737 ac
1437 4683 1560 4751 procula
1582 4683 1668 4739 Gallia
1688 4683 1814 4746 dissitam

178 4754 267 4824 reperi
290 4753 319 4807 iu
335 4751 419 4806 veteri
444 4752 537 4807 codiee
570 4766 622 4805 ms.
650 4751 794 4806 clarissimi
821 4753 871 4805 riri
896 4752 969 4806 Petri
1021 4765 1056 4804 oc
1074 4749 1095 4804 si
1108 4750 1135 4803 io
1150 4750 1239 4804 ricino
1250 4751 1421 4814 consisteret,
1443 4753 1699 4823 deprehenderetur.
1718 4753 1815 4822 itaque

178 4823 313 4878 liaruscsii
334 4821 468 4877 senatoris
484 4820 746 4890 Gratianopolitani;
772 4837 864 4890 otram,
897 4822 970 4891 quod
1021 4820 1048 4873 in
1072 4819 1228 4888 liispauiam
1252 4819 1493 4886 Tarraconensem,
1519 4823 1591 4878 ltaud
1614 4822 1706 4895 preeul
1724 4822 1815 4877 Batri-

178 4892 298 4949 neudom
325 4891 396 4947 edita
421 4889 466 4953 sit,
488 4899 516 4943 et
539 4891 612 4945 utilis
637 4905 698 4945 ese
729 4901 819 4961 petest
841 4892 971 4948 aduersus
1021 4905 1103 4954 none,
1117 4890 1263 4945 secessisse
1277 4890 1303 4944 in
1320 4901 1440 4946 merrtem
1456 4893 1735 4964 Signiam,constans
1761 4893 1815 4947 iilic

177 4963 297 5018 detortas
322 4977 391 5032 quor
402 4959 501 5014 tmtlam
515 4959 763 5032 interpretationes,
787 4965 868 5016 edere
881 4963 968 5016 risum
1022 4960 1133 5014 traditio
1166 4969 1219 5022 est,
1246 4961 1364 5029 quodam
1383 4962 1466 5017 etiarn
1494 4965 1616 5019 carmine
1638 4971 1815 5027 consecrata;

179 5043 221 5087 cst
232 5043 412 5104 oppurtunum
426 5037 486 5098 pest
499 5040 577 5103 oetas
591 5039 700 5086 uestras
716 5032 742 5086 io
755 5031 971 5103 dppctuiicche·
1021 5029 1167 5099 quodlicet
1185 5043 1200 5082 a
1226 5030 1364 5085 historicis
1375 5034 1456 5087 rebus
1470 5033 1584 5089 muitum
1598 5035 1716 5097 aberret,
1737 5032 1814 5087 erio-

179 5113 267 5157 touuo
287 5099 477 5165 Veterumtit.
491 5099 518 5154 ι.
1021 5107 1186 5153 ceretamen
1202 5099 1309 5153 vitietur
1328 5100 1353 5153 in
1371 5102 1422 5156 hoc
1441 5117 1549 5158 secessu
1573 5105 1709 5159 habitasse
1728 5101 1814 5171 Sigis-

215 5188 227 5212 ι
243 5172 408 5228 Gtmdeiode
433 5172 461 5224 iu
486 5187 535 5224 sau
561 5169 672 5242 perfidio
693 5171 804 5239 perdito.
824 5169 971 5240 Gregorius
1022 5170 1161 5233 uttrudum,
1182 5169 1267 5223 detrec
1293 5184 1308 5223 a
1332 5171 1388 5224 suis
1413 5182 1549 5228 retractus
1573 5184 1625 5229 est.
1647 5174 1701 5229 Seri
1726 5186 1815 5243 opere

179 5242 280 5296 i'urea.
293 5244 340 5297 lib.
353 5259 384 5308 ιι,
399 5257 450 5312 cap
463 5239 509 5305 at,
521 5239 635 5309 iaqueus
649 5241 682 5294 dc
696 5240 874 5295 Gutttioirado.
892 5261 901 5289 r
917 5241 970 5295 ista
1021 5240 1138 5309 pretinm
1158 5245 1209 5302 est,
1233 5255 1285 5293 uon
1311 5257 1420 5295 cotanen
1434 5243 1543 5311 quidem
1563 5243 1626 5298 iliud
1650 5243 1814 5307 describere,

178 5312 223 5364 iiie
238 5313 341 5367 ratione
359 5312 598 5381 centesimosque
620 5311 654 5365 ad
672 5311 775 5364 exituro
793 5310 854 5364 ribo
867 5327 923 5366 sum
942 5311 970 5364 iu
1022 5306 1126 5380 vulgari
1153 5307 1243 5377 lingna
1266 5308 1423 5366 Cataiuuira
1447 5315 1501 5368 seri
1524 5323 1590 5379 tum,
1607 5316 1655 5369 sed
1673 5313 1815 5370 historiam

179 5382 231 5434 bac
242 5381 345 5436 insania
359 5383 524 5452 perdurarit.
544 5401 554 5433 ι
1023 5379 1050 5433 iu
1068 5394 1101 5433 eu
1111 5377 1274 5447 descriptam
1290 5381 1441 5438 edisserere
1454 5331 1546 5440 seriis
1557 5384 1667 5440 uestris.
1681 5383 1739 5439 iilic
1750 5396 1816 5453 erge

219 5449 229 5487 t
250 5449 448 5521 sigismundum
466 5469 561 5523 regem,
576 5449 735 5506 Gundebadi
756 5448 853 5514 filium,
871 5451 970 5514 ritum,
1023 5449 1148 5512 hahetur,
1164 5456 1288 5503 sanetum
1299 5459 1445 5523 martyrem
1461 5453 1675 5525 sigismundum,
1693 5453 1750 5509 siue
1766 5451 1815 5506 So.

122 5535 125 5539 ’
180 5529 210 5573 ιιι
234 5534 351 5589 sequeus
378 5527 444 5574 artus
466 5523 588 5591 putarit,
613 5521 825 5583 sanctissimum,
850 5520 972 5590 adeoque
1023 5521 1440 5642 girmuudommtnnucrucaut,
1455 5523 1679 5607 Burgundionum
1694 5524 1766 5596 regis
1785 5522 1816 5575 li-

180 5590 500 5657 puhlicuconscrratum.
518 5592 635 5647 liuticio
652 5590 735 5646 reteri
751 5589 972 5658 lragmcutehis·
1045 5604 1100 5650 um,
1122 5604 1184 5642 curu
1204 5604 1275 5645 atine
1297 5592 1385 5647 aetatis
1406 5609 1461 5648 sum
1494 5596 1717 5650 ututedecimoa
1746 5593 1817 5661 pina

181 5662 279 5723 turico,
306 5658 376 5729 qued
393 5658 564 5715 Christianus
588 5661 721 5716 iirstisius
743 5661 838 5723 edidit,
857 5675 888 5712 ar
910 5669 973 5728 post
1025 5659 1248 5727 quaiamsuiuus
1264 5663 1423 5732 accepisset,
1444 5610 1545 5718 utiilum
1566 5666 1591 5718 oi
1607 5662 1740 5719 medendo
1753 5676 1815 5730 npe-

179 5748 241 5786 rum
274 5729 454 5793 llurhesuitts,
478 5739 589 5787 sauctus
609 5732 709 5788 dicitnr
736 5748 742 5788 :
771 5750 780 5782 r
808 5729 973 5804 lictttlegisus
1026 5745 1082 5784 ram
1095 5743 1155 5784 esse
1179 5731 1264 5800 nugis
1287 5732 1409 5788 idertcam
1427 5734 1610 5800 ctistimassc,
1626 5733 1753 5805 quamsi,
1766 5746 1816 5786 sm
