3832 6120
135 290 172 355 61
627 288 656 349 S.
676 288 851 348 adorsam
870 283 1025 344 srtscoet
1043 285 1287 348 succussusts
1735 292 1770 355 de

134 430 163 472 er
178 410 266 468 Filias
287 411 337 467 liei
356 410 417 466 oiri.
433 409 527 465 »Ecce
547 409 722 465 admirandus
743 409 839 465 doctor
858 403 965 465 dicitA
1011 402 1101 459 llLlll.
1121 416 1132 447 ⁰
1147 405 1287 463 Fidentius
1300 420 1366 462 vero
1380 405 1491 477 quidam
1505 395 1658 465 ratbolieus
1673 408 1772 481 doctor

134 508 209 579 qnod
233 506 358 564 cbristus
385 504 525 575 proprium
551 503 603 558 sibi
629 502 738 557 Patrem
764 500 927 559 condreatur-
977 509 1039 557 cum
1055 496 1181 553 similiter
1198 499 1308 557 doceret
1328 499 1469 577 proprium
1486 507 1514 569 et
1531 515 1626 567 rerum
1646 515 1708 570 esse
1724 501 1772 573 Fi.-

134 598 231 656 Denm.
248 598 348 668 Nempe
362 597 385 652 si
401 595 527 667 pmprius
540 595 631 659 Pater,
647 610 702 649 non
716 593 864 664 adoptans,
879 593 927 657 sed
976 586 1042 649 liom
1055 588 1103 649 bei
1118 588 1263 646 Dominum
1277 600 1415 659 nostrum,
1430 606 1569 675 exponens
1589 590 1679 661 locum
1694 592 1771 661 iilum

140 706 282 766 generans,
296 688 424 760 proprius
437 687 519 755 lilius,
533 703 588 743 non
603 687 756 757 adoptatus,
772 685 819 740 sed
833 691 924 739 natus.
976 678 1132 752 Evangelii,
1148 682 1194 739 ubi
1207 684 1399 756 transllgurato
1411 685 1525 741 Domino
1539 685 1567 747 in
1581 694 1685 757 inopte,
1698 687 1771 749 iacta

171 781 239 837 llLl.
254 792 267 822 ⁸
282 780 382 835 Beatus
396 794 503 850 qnoque
515 778 621 842 Auitus,
635 778 859 833 Pliotinianorum
871 776 927 833 bae·
976 780 1018 829 est
1039 787 1091 828 vox
1114 774 1203 855 Patris
1226 773 1260 830 ad
1281 775 1418 846 apostolos
1432 777 1525 834 diceus
1540 791 1547 831 :
1564 775 1615 833 Hie
1629 786 1667 833 est
1683 776 1707 830 F
1709 777 1771 835 ilina

133 873 281 929 reticomm
296 871 479 926 validissimus
491 878 670 939 expugnator,
686 868 795 938 scripsit
809 868 923 923 dicens:
975 866 1193 934 meridiatur,
1209 868 1295 933 dicit:
1311 867 1413 936 rideo,
1435 869 1572 935 elevantes
1593 870 1685 931 oeulos
1706 884 1771 941 apo·

137 962 243 1020 «Certe
262 962 546 1019 circumfrementibus
566 959 667 1014 Jndmis
686 967 714 1012 ct
734 959 761 1012 in
781 955 926 1013 Dominum
950 955 1055 1021 ostoli,
1079 958 1216 1025 neminem
1235 958 1363 1017 uiderunt
1384 960 1438 1017 nisi
1458 961 1546 1021 soluui
1566 959 1677 1027 tesan,
1691 977 1726 1019 ne
1740 968 1769 1017 et

134 1065 258 1112 nostrum
281 1062 390 1110 exserta
412 1053 641 1122 blasphemiarum
664 1050 716 1105 tela
737 1049 923 1112 uibrantibus,
976 1049 1035 1120 ipse
1057 1049 1129 1105 silius
1144 1051 1276 1117 bominis,
1299 1053 1367 1109 sicut
1387 1053 1493 1125 bioyses
1510 1063 1537 1110 et
1549 1054 1639 1122 Elias,
1655 1054 1698 1121 rel
1721 1070 1770 1111 cae·

58 1172 65 1181 ·
134 1163 215 1219 quem
231 1146 400 1216 respondisse
415 1143 564 1207 credimus,
580 1142 665 1197 dinen
681 1142 741 1197 dico
755 1141 847 1206 rolris,
863 1149 927 1195 ante
976 1142 1028 1197 tcri
1054 1143 1161 1209 satiati,
1188 1150 1331 1215 putaretur
1356 1145 1437 1201 bomo
1462 1145 1529 1212 Dei,
1561 1155 1590 1201 et
1614 1155 1772 1219 aequaretor
1812 1142 1820 1155 “

134 1239 271 1294 Abrabam
285 1253 335 1307 ego
348 1252 423 1301 sum,
439 1235 490 1289 nisi
505 1235 569 1304 quia
590 1250 639 1303 per
656 1232 828 1289 concordiam
847 1232 925 1302 geui-
975 1248 1038 1289 cum
1062 1232 1194 1305 adoptivis
1220 1235 1349 1291 Dominus
1373 1233 1559 1305 majestatisp
1580 1235 1651 1297 Eece
1673 1244 1701 1293 et
1724 1237 1770 1295 bie

134 1330 204 1385 toris
218 1336 246 1384 et
259 1329 366 1400 generis
380 1328 437 1397 ipse
450 1342 500 1396 per
514 1324 653 1379 traducem
675 1333 860 1379 maternorum
875 1338 925 1391 pa·
974 1326 1084 1395 pictatis
1111 1327 1207 1394 doctor
1233 1344 1296 1387 eutis
1324 1343 1405 1399 quern
1432 1327 1497 1399 dicit
1521 1343 1574 1389 non
1604 1329 1770 1399 aequandum

131 1430 240 1478 rentum
255 1418 435 1475 descenditer
448 1417 565 1471 Abrabae
578 1415 693 1479 semine,
707 1415 753 1483 nui
769 1414 828 1469 siue
843 1428 926 1469 anue-
975 1417 1124 1488 adoptivis‚
1146 1418 1240 1503 lilium
1251 1419 1369 1477 bominis
1382 1418 1523 1487 nominat:
1539 1433 1621 1499 quem
1636 1419 1731 1491 utique
1747 1421 1773 1489 si

131 1528 193 1570 nrm
206 1527 318 1569 numero
332 1511 470 1565 Abrabam
482 1509 588 1578 praeivit
598 1507 765 1563 aeternitatc‘i
775 1507 827 1573 Qui
839 1505 925 1561 maxi·
976 1509 1059 1565 sciret
1072 1511 1227 1584 adoptivum
1241 1512 1390 1577 secundum
1402 1526 1526 1583 earnem,
1550 1511 1692 1581 nominans
1707 1528 1772 1571 eum

132 1618 194 1659 mus
208 1603 441 1672 patriarcharum,
456 1615 517 1655 cum
528 1599 633 1654 rideret
644 1599 718 1655 illurn
731 1598 819 1662 diem,
833 1599 861 1655 iu
872 1613 926 1666 ooo
976 1601 1062 1659 lilium
1078 1603 1214 1675 bominis¹
1227 1620 1282 1675 uon
1296 1605 1338 1662 sic
1351 1603 1519 1679 discerneret
1533 1605 1567 1676 ab
1587 1606 1721 1679 adopiiris
1740 1613 1773 1679 pt
1785 1597 1790 1607 ”

132 1693 192 1750 sine
205 1692 258 1746 dne
272 1699 413 1762 permanet
427 1691 516 1755 licus,
531 1689 687 1758 coircnpirit
702 1688 781 1743 talum
796 1688 870 1745 illum
885 1689 925 1745 ri·
977 1691 1122 1755 bominum
1139 1694 1300 1766 maiestatis.
1644 1682 1649 1691 ¹

131 1783 198 1839 dere
211 1797 265 1852 qno
279 1782 361 1837 bomo
373 1782 467 1835 unitus
479 1787 523 1836 est
535 1781 601 1835 lieo.
620 1778 707 1844 i'idit,
725 1779 829 1847 inquit,
844 1787 868 1832 ct
881 1795 926 1849 gc·
938 1753 964 1813 B
1012 1783 1103 1841 suiv.
1120 1786 1218 1843 Beatus
1230 1802 1338 1859 quinque
1350 1787 1531 1859 Augustinus,
1546 1805 1609 1857 eum
1621 1799 1770 1860 exponeret

130 1873 201 1929 ebur
215 1881 273 1927 ert:
289 1873 352 1942 qiiia
376 1872 446 1926 sicin
463 1872 592 1929 cernebat
606 1869 682 1927 illurn
696 1870 724 1927 in
738 1884 792 1939 quo
806 1878 867 1925 erat
879 1885 926 1940 ge-
975 1874 1127 1946 Epistulam
1140 1876 1213 1945 beati
1226 1877 1303 1939 Pauli
1318 1878 1433 1949 apostoli
1448 1879 1483 1935 ad
1495 1877 1622 1944 Galatas,
1635 1887 1663 1937 at
1676 1894 1771 1949 perte·

128 1965 211 2022 ruina
223 1964 363 2035 rnajestas,
374 1964 412 2020 ita
426 1971 455 2018 et
467 1964 549 2017 istum
560 1961 695 2017 desiderio
706 1968 882 2031 conceperat,
896 1961 925 2019 iri
976 1965 1061 2031 nisset
1074 1969 1107 2031 ad
1122 1967 1212 2031 locum
1227 1970 1272 2023 ubi
1293 1968 1410 2025 dicitur:
1428 1968 1462 2025 dr
1480 1969 1527 2039 gii
1546 1970 1615 2025 uenit
1633 1968 1770 2039 plenitudo

130 2069 184 2127 gua
196 2055 324 2125 adoptata
340 2055 529 2111 illustrabatur
542 2053 710 2110 humilitas.»
725 2052 778 2107 Sed
790 2052 853 2122 quia
867 2053 926 2108 baeu
974 2058 1114 2127 turperis,
1133 2059 1204 2115 nebit
1223 2059 1295 2117 bear
1309 2059 1410 2115 Filiam
1432 2077 1511 2115 suam
1533 2061 1633 2131 {cctam
1657 2077 1689 2115 er
1711 2078 1771 2119 rarr-

130 2147 241 2213 dicens,
257 2161 309 2203 neo
322 2146 439 2202 credidit
452 2161 503 2201 nec
523 2145 615 2201 docuit
635 2143 780 2199 Dominum
800 2149 925 2199 nostrum
974 2146 1047 2215 licre,
1064 2150 1227 2220 inclamari
1242 2151 1682 2225 tepe,oremqatrpttepeeranr
1697 2152 1769 2209 redi-

128 2237 285 2307 adoptirum
303 2253 365 2293 esse
384 2236 470 2293 fllium
487 2237 564 2306 iuxta
585 2237 797 2300 humanitatem,
812 2242 924 2304 apparet
973 2249 1071 2306 meret,
1087 2251 1116 2297 at
1132 2243 1300 2313 adoptionem
1313 2244 1431 2313 fitiorum
1445 2248 1614 2317 reciperemur
1624 2287 1632 2312 ,
1643 2255 1704 2316 post
1720 2245 1770 2303 ali-

128 2329 144 2383 b
161 2343 195 2385 es
209 2345 243 2386 eo
260 2332 332 2400 quod
352 2331 452 2387 ibidum
467 2331 599 2400 praemisit
618 2330 730 2385 dicens:
750 2347 759 2379 r
775 2327 924 2398 Apostolus
973 2345 1026 2401 qua
1040 2346 1100 2401 qum
1114 2334 1149 2391 ad
1161 2334 1360 2405 expositionem
1374 2337 1471 2393 borum
1491 2338 1637 2392 verborum
1651 2338 1759 2415 pertine

130 2429 221 2478 autem
240 2422 308 2478 dicit
328 2441 334 2477 :
354 2423 499 2492 Postquam
511 2437 577 2479 vero
597 2422 664 2478 verrit
677 2420 812 2493 plenitudo
826 2429 923 2490 tempo-
973 2422 1053 2489 bapt,
1068 2423 1208 2495 subjunxit
1222 2425 1335 2491 dicens:
1350 2444 1360 2477 r
1375 2425 1431 2481 Nec
1444 2426 1511 2482 dixit
1525 2427 1596 2495 idem
1610 2425 1770 2509 Apostolus⁴

127 2513 565 2580 mamistreemdtttamrmm.
578 2515 723 2571 Enimvero
735 2514 781 2583 qni
793 2513 921 2577 mittitur,
972 2521 1003 2569 ut
1022 2514 1195 2586 artoptionem
1215 2515 1334 2571 liliorum
1355 2518 1558 2587 acciperemus,
1573 2518 1622 2581 sed
1642 2518 1768 2587 recipcre-

127 2612 189 2661 erat
203 2613 349 2674 aanuam
364 2605 527 2673 mitteretur.
544 2605 612 2672 (iiiia
626 2605 648 2660 si
665 2612 728 2660 ante
741 2603 854 2660 itariarn
868 2617 923 2659 non
972 2620 1032 2683 mag
1041 2622 1051 2671 ;
1064 2615 1094 2665 ut
1109 2605 1276 2677 signiticaret
1291 2607 1344 2663 boc
1356 2623 1406 2669 uos
1422 2608 1547 2673 amisisse
1562 2609 1588 2664 in
1609 2607 1711 2674 ddam,
1732 2624 1769 2681 eg

126 2691 243 2759 luisset,
264 2695 338 2749 bunc
357 2695 474 2751 similem
495 2697 603 2750 cacteris
622 2695 731 2764 adoptio
750 2694 852 2751 laceret
873 2693 922 2749 Dei
972 2708 1026 2764 quo
1039 2695 1168 2761 mortales
1187 2710 1290 2763 sapius.
1314 2696 1364 2763 ilic
1383 2699 1457 2763 euim
1474 2697 1647 2769 adoptionem
1667 2697 1767 2785 pecipi-

129 2782 245 2849 Filiam,
258 2798 313 2838 non
326 2791 433 2838 natura.
448 2782 504 2839 liee
514 2784 541 2838 in
554 2784 710 2854 Euangeliis
723 2784 780 2853 ipse
792 2783 922 2845 dixissett
971 2799 1051 2857 rpus:
1066 2787 1140 2863 guad
1154 2786 1200 2842 ille
1213 2786 1311 2845 urricus
1325 2804 1378 2855 pon
1395 2790 1556 2861 dedignatus,
1568 2799 1610 2863 pgr
1621 2791 1768 2877 pappipjffl.

128 2877 246 2935 Tantum
262 2877 355 2933 dilexit
369 2878 441 2933 Deus
455 2876 600 2941 mundum,
615 2884 645 2931 ut
659 2874 757 2930 filium
773 2890 850 2929 suum
865 2873 923 2931 uni·
972 2873 1048 2943 iipne
1071 2884 1175 2939 naturas
1197 2886 1314 2947 nostra),
1336 2878 1424 2937 laetos
1444 2896 1478 2937 ex
1499 2880 1622 2953 muliere,
1638 2902 1648 2936 r
1667 2880 1721 2951 Sed
1743 2881 1769 2957 gi

128 2987 191 3031 cum
210 2972 298 3026 daret.
315 2970 375 3026 Non
391 2969 507 3024 electum
527 2983 592 3039 ergo
609 2967 643 3022 ab
661 2967 719 3037 ipsa
734 2965 862 3026 inelialrlli
875 2980 923 3033 pa·
971 2968 1119 3039 praedictus
1133 2971 1228 3037 doctor
1242 2972 1270 3041 ip
1282 2973 1326 3028 bis
1338 2974 1429 3039 verbis
1445 2975 1483 3045 iia
1494 2990 1545 3045 pop
1558 2989 1653 3047 sapere
1667 2974 1769 3045 volpis-

127 3062 276 3128 teruitate,
296 3063 344 3117 scd
361 3061 481 3130 genitum
494 3076 501 3127 3
516 3062 561 3115 cui
581 3069 635 3117 tam
651 3060 705 3117 ilco
718 3074 800 3128 quam
818 3057 921 3115 boniini
973 3068 1031 3129 set,
1045 3069 1075 3119 ut
1088 3063 1199 3119 unicum
1213 3063 1311 3135 Filium
1325 3065 1372 3123 Dei
1387 3067 1530 3129 Dominum
1555 3074 1678 3133 nostrum
1698 3068 1768 3137 iiiios

125 3169 210 3220 vero,
225 3155 253 3211 iu
268 3163 385 3223 utraque
399 3160 495 3209 natura
511 3153 627 3210 fideliter
640 3153 764 3223 proprio,
782 3152 809 3211 in
822 3151 920 3207 divini·
971 3149 1023 3217 bus
1044 3153 1131 3219 modis
1152 3152 1209 3211 lieo
1231 3154 1306 3221 Patri
1329 3156 1414 3231 lilium
1435 3156 1636 3227 confiteremur,
1659 3157 1685 3214 id
1707 3168 1767 3233 est,

130 3254 187 3304 tate
201 3259 345 3303 emanasse
358 3245 393 3302 de
404 3243 500 3310 Patre,
516 3245 544 3299 in
557 3258 672 3312 corpore
683 3243 799 3312 coepisse
814 3241 847 3305 de
863 3258 922 3309 stes
972 3248 1071 3313 gptura
1082 3283 1090 3313 ,
1103 3255 1131 3301 et
1145 3245 1303 3317 adoptione,
1318 3263 1455 3319 nunquam
1469 3247 1568 3315 iteruin
1584 3248 1674 3304 taliter
1688 3242 1769 3321 docess

131 3344 206 3396 tre«
222 3337 294 3393 Eece
313 3335 464 3393 catholicos
484 3336 580 3395 doctor
602 3334 720 3393 veridice
741 3342 836 3391 mritis
851 3333 920 3399 Feli-
971 3341 1029 3399 ret,
1046 3335 1117 3399 utin
1138 3336 1307 3417 expositione
1326 3337 1424 3407 psalmi
1438 3338 1598 3409 octogesimi
1612 3339 1700 3394 octavi
1716 3340 1765 3397 do-

130 3444 192 3487 eeui
215 3437 332 3485 testatur
347 3428 419 3498 duod
438 3426 570 3487 boninus
590 3435 683 3483 noster
704 3442 755 3483 nec
777 3426 921 3499 adoptione
970 3426 1043 3495 epit,
1058 3426 1169 3483 dicens:
1184 3445 1193 3481 r
1210 3426 1275 3493 Quis
1295 3428 1323 3495 in
1343 3428 1455 3484 nutibus
1472 3428 1769 3507 equabiturltomiaoi

129 3534 183 3579 aee
203 3520 336 3577 electione
357 3521 393 3577 sit
413 3520 485 3577 lilius
505 3519 610 3588 Polme,
633 3521 680 3579 ssd
701 3535 801 3591 genere
814 3532 842 3576 et
856 3536 920 3592 pro-
970 3516 1007 3589 Et
1021 3519 1080 3591 pais
1096 3517 1190 3573 similis
1205 3518 1255 3584 erit
1270 3518 1383 3573 Domino
1397 3519 1424 3573 in
1438 3518 1503 3589 filiis
1517 3520 1589 3575 liei?
1602 3519 1672 3592 Ergo
1686 3535 1768 3590 nemo

126 3613 253 3687 priorum.
971 3607 1001 3679 iu
1017 3607 1080 3663 eliis
1094 3608 1142 3663 lici
1156 3608 1253 3673 similis
1266 3610 1319 3664 erit
1332 3608 1402 3665 Filio
1417 3611 1475 3666 liei.
1498 3612 1531 3667 Et
1550 3612 1609 3683 ipse
1623 3613 1769 3685 praedictus

164 3704 244 3763 ssu.
264 3704 365 3762 Beatm
379 3705 461 3762 etiarn
478 3719 547 3776 papa
562 3703 708 3775 Gregorius
725 3719 786 3761 cum
805 3717 921 3774 erpone·
970 3703 1112 3773 ciiiilius
1127 3702 1190 3767 Dei,
1206 3711 1233 3762 et
1248 3718 1298 3763 nos
1310 3701 1375 3759 dicti
1390 3719 1484 3768 sumus
1498 3704 1545 3759 dlii
1561 3703 1620 3760 Dei.
1643 3703 1695 3759 Sed
1708 3706 1768 3778 noir

125 3806 170 3859 ret
182 3801 266 3855 rerba
281 3798 375 3864 bleba,
389 3798 435 3860 ubi
449 3798 535 3855 dicit:
551 3796 921 3862 «accedereaccedere
970 3793 1065 3865 similis
1089 3795 1138 3849 erit
1161 3792 1274 3861 Domino
1296 3794 1323 3848 in
1345 3793 1409 3863 filiis
1429 3793 1504 3848 Dei?
1525 3795 1571 3850 ille
1590 3794 1702 3863 unicus,
1718 3812 1769 3853 nos

127 3890 359 3962 fortitudinem,
375 3899 400 3945 et
415 3889 503 3947 artius
519 3891 543 3945 ei
557 3889 650 3947 similis
666 3890 695 3947 ia
710 3888 918 3961 legislatoribus,
970 3887 1066 3953 multi,
1081 3886 1126 3942 ille
1141 3902 1226 3949 unus,
1241 3900 1291 3941 nos
1306 3884 1333 3939 in
1348 3884 1394 3941 illo
1408 3901 1511 3953 unum;
1534 3887 1579 3942 ille
1597 3895 1694 3953 natus,
1715 3903 1765 3953 nos

130 3984 200 4041 dixit
218 3982 336 4055 (llorol.
354 3982 373 4036 1.
389 3997 479 4046 xxrrr,
495 3997 520 4037 c.
537 3981 550 4035 1
564 3981 573 4054 i
588 4001 594 4035 :
613 3982 792 4050 Legielatores
808 3991 920 4043 coaetos
972 3978 1094 4051 adoptati
1107 3996 1114 4045 ;
1130 3978 1175 4034 ille
1190 3978 1223 4035 ab
1238 3987 1340 4033 aetcrno
1352 3976 1438 4031 Filius
1450 3977 1557 4049 genitus
1567 3993 1616 4049 per
1631 3987 1766 4046 naturam,

128 4077 219 4133 dicere
229 4091 382 4146 possumus,
394 4090 462 4145 quos
475 4090 508 4128 ex
519 4074 579 4144 lege
594 4073 766 4128 admonuisse
782 4080 856 4129 recta
872 4086 921 4140 po·
971 4086 1023 4129 uos
1036 4087 1052 4125 a
1067 4079 1187 4141 tempore
1201 4069 1265 4125 lacti
1280 4083 1329 4140 per
1342 4069 1477 4140 gratiam,
1492 4067 1536 4124 ille
1558 4070 1617 4125 sine
1635 4068 1691 4124 ullo
1703 4083 1768 4140 peo-

128 4167 221 4241 pulmn
239 4165 350 4222 scimus.
370 4164 423 4219 Sed
444 4165 508 4220 huic
520 4163 662 4219 mediatori
678 4163 706 4227 in
721 4160 921 4231 legislatoribus
971 4172 1043 4230 cato,
1058 4179 1108 4218 nos
1122 4179 1172 4234 per
1186 4163 1260 4217 illurn
1276 4162 1382 4219 liberati
1402 4178 1418 4217 a
1436 4161 1641 4233 pedemmontis
1660 4178 1720 4234 ergo
1738 4163 1767 4218 in

130 4259 228 4317 similis
241 4257 331 4313 nullus
345 4265 395 4311 cst.
412 4254 481 4322 Quia
497 4255 541 4311 isti
556 4253 672 4325 gratuite
691 4252 795 4316 vocati,
809 4264 843 4305 ex
858 4265 921 4320 pec-
971 4254 1084 4313 nabibus
1098 4255 1247 4326 cacatum
1261 4255 1389 4323 Domino,
1404 4264 1450 4315 aet
1466 4254 1525 4325 pair
1539 4254 1633 4309 similis
1648 4255 1697 4309 erit
1712 4253 1769 4319 De,-

126 4351 197 4409 caus
211 4350 245 4405 ad
265 4348 447 4404 innocentiam
464 4347 598 4412 redeunt;
614 4353 643 4400 et
656 4345 689 4400 ab
703 4344 746 4401 bis
759 4359 819 4414 quur
836 4343 863 4397 in
879 4357 922 4397 se·
971 4347 1042 4403 mino
1055 4347 1124 4401 inter
1135 4344 1205 4415 filios
1216 4346 1265 4400 Dei
1277 4347 1308 4399 li
1323 4346 1393 4401 Ecce
1406 4343 1518 4400 illustris
1530 4342 1625 4399 doctor
1636 4344 1769 4413 predicar

126 4441 252 4511 metipsis
281 4441 386 4510 experti
416 4447 479 4494 sunt
499 4437 671 4508 predicando
688 4437 756 4492 alios
775 4436 916 4491 reducunt.
931 4439 1114 4517 Diiominum
1127 4447 1250 4494 nostrum
1265 4438 1408 4505 nativitate
1421 4450 1482 4499 esse
1495 4434 1612 4504 Filium,
1628 4451 1680 4492 non
1696 4437 1765 4493 ado·

126 4531 292 4602 Redemptor
311 4541 402 4587 autem
423 4540 526 4596 noster,
549 4530 630 4586 bomo
651 4528 709 4587 sine
728 4536 840 4599 peccato
859 4537 918 4592 est,
971 4530 1082 4600 ptione,
1097 4528 1189 4587 dicens
1203 4547 1209 4583 :
1224 4548 1234 4581 r
1248 4529 1294 4585 lile
1316 4537 1411 4598 natus,
1432 4544 1484 4587 nos
1504 4529 1644 4600 adoptati;
1667 4529 1712 4585 iile
1731 4530 1766 4605 ab

125 4623 211 4681 satus
232 4623 291 4680 sine
311 4623 465 4693 adoptione.
483 4643 492 4675 r
507 4621 578 4677 lices
599 4621 715 4677 eximius
736 4620 831 4681 doctor
854 4619 921 4675 dicit
969 4631 1071 4679 eterno
1091 4621 1162 4677 tilius
1179 4621 1286 4693 genitus
1305 4637 1354 4693 per
1375 4630 1522 4687 naturam,
1542 4634 1592 4685 nos
1612 4627 1767 4691 atempore

127 4715 272 4775 murnum
286 4720 408 4770 nostrum
423 4714 522 4771 Filium
536 4715 595 4769 sine
608 4714 771 4782 adoptione:
792 4713 838 4782 qui
857 4728 920 4783 pro-
971 4712 1036 4771 lacti
1055 4728 1105 4784 per
1117 4713 1243 4782 gratiam.
1260 4710 1352 4779 »Quia
1367 4709 1556 4785 proculdubio
1571 4709 1619 4783 qui
1633 4709 1765 4777 nascitur,

126 4806 198 4864 secu
211 4804 233 4860 si
249 4805 331 4861 sciret
344 4804 448 4859 duobus
463 4805 551 4859 modis
565 4821 626 4861 cum
639 4818 700 4861 esse
713 4803 797 4861 filium
811 4802 918 4872 Patris,
971 4819 1024 4871 non
1039 4804 1185 4873 adoptatur
1196 4800 1222 4858 ei
1234 4802 1267 4865 de
1279 4815 1333 4871 guo
1346 4809 1426 4857 natus
1438 4808 1498 4867 est;
1512 4799 1597 4870 etqui
1610 4799 1765 4873 adoptatur,

126 4897 223 4962 idest,
235 4893 384 4952 seeundum
398 4894 595 4951 humanitatem
606 4895 760 4965 adoptione,
771 4895 919 4953 seeundum
971 4911 1025 4953 non
1037 4895 1071 4951 de
1082 4894 1128 4950 illo
1140 4893 1289 4961 nescitura
1300 4908 1354 4967 quo
1367 4892 1511 4965 adoptatus
1520 4898 1576 4945 cst:
1594 4889 1642 4945 sed
1654 4889 1705 4944 nisi
1719 4905 1767 4961 na-

127 4986 297 5044 diuinitatem
318 4993 589 5056 calumniatricem
609 4985 685 5043 illum
703 4984 806 5044 diceret
819 4986 918 5053 Filium
971 4999 1024 5057 eus,
1037 4988 1162 5060 adoptari
1174 5002 1229 5049 non
1240 4994 1338 5058 pptest.
1351 4985 1436 5049 Natos
1449 4984 1522 5039 enim
1543 4982 1578 5038 de
1601 4980 1702 5049 altero,
1718 4984 1767 5040 ad-

127 5076 187 5133 rine
200 5078 354 5148 adoptione.
971 5089 1080 5151 optatur
1086 5080 1120 5135 de
1126 5078 1222 5135 altero.
1231 5077 1362 5141 Dominus
1369 5084 1460 5147 autem
1467 5081 1569 5147 noster,
1580 5073 1646 5145 quia
1656 5089 1711 5143 non
1723 5079 1767 5149 est

805 5170 941 5235 nttuzu
958 5170 1077 5229 NOTAE.

165 5257 296 5316 ‘flectar
309 5260 410 5327 duitor,
422 5259 585 5323 Viennensis
597 5260 640 5330 epi
708 5276 751 5317 us.
772 5262 840 5319 Vide
862 5264 920 5320 Sir·
974 5280 1028 5337 quo
1041 5264 1083 5321 ira
1101 5271 1192 5331 mepta
1208 5263 1301 5329 isthaec
1316 5277 1438 5333 connexa
1451 5271 1546 5331 erant;
1565 5270 1612 5318 aut
1626 5260 1765 5327 latendum

128 5327 259 5395 mondum
277 5331 304 5385 in
326 5331 398 5413 uois
418 5333 452 5387 ad
476 5329 666 5405 epistotam28
707 5332 764 5414 viti,
779 5334 829 5416 ”il
848 5335 921 5390 bunc
972 5280 1200 5407 estdgoiaidum
1220 5334 1350 5390 memoria
1375 5333 1479 5417 lapsam
1497 5350 1568 5403 esse.
1592 5332 1672 5387 Prius
1691 5333 1765 5415 enim

128 5412 238 5475 quoque
251 5399 389 5482 agobardi
401 5401 490 5486 locum
499 5402 608 5486 laudm.
617 5398 682 5485 ,Sed
699 5404 745 5485 inc
758 5400 829 5458 drrti
844 5404 921 5462 luciis
972 5404 1154 5479 fragmentum
1167 5413 1304 5476 sumptum
1317 5414 1359 5461 est
1372 5421 1405 5461 ex
1419 5407 1533 5476 epistola
1546 5404 1663 5465 secunda
1677 5401 1764 5470 Arrii,

128 5466 209 5597 Rutilo
223 5467 303 5593 italirltler
314 5468 338 5523 lc
358 5477 412 5592 idum
424 5488 450 5526 in
462 5468 580 5529 editione
595 5472 835 5557 Sirmqndr‚qunm
849 5476 920 5544 apud
972 5478 1183 5560 posteririarero
1195 5493 1229 5532 ex
1240 5476 1285 5532 18.
1380 5548 1385 5560 Ι
1456 5549 1489 5560 ..
1553 5549 1559 5561 .
1627 5548 1633 5560 ι
1741 5544 1748 5557 ·

154 5542 222 5679 m,
237 5555 348 5692 ..m
363 5545 920 5687 damietaeuirida
973 5545 1683 5690 ..atrilii-..tamarriantisri
1706 5559 1766 5671 u:

159 5696 304 5810 amboesium
318 5681 770 5761 senatoremGratianopolitpnnm.
974 5702 1054 5742 mone
1081 5686 1117 5743 50
1142 5686 1305 5761 Augustini,
1334 5689 1340 5703 ’
1391 5705 1406 5746 r
1431 5702 1479 5745 eos
1504 5702 1574 5759 quos
1602 5687 1769 5748 sirmondus

168 5750 184 5803 b
228 5766 288 5808 cer
301 5750 370 5831 qaod
381 5752 518 5833 premisit.
532 5752 588 5817 dut
601 5750 685 5833 periit
703 5757 778 5819 Aviti
797 5758 921 5834 opus,in
973 5756 1067 5817 edidit.
