3832 6120
161 321 214 377 stt
641 312 670 369 S.
689 311 863 369 ACOBARDl
882 303 1036 364 El’lSCOPl
1053 306 1299 364 tucettuuusts
1745 307 1796 366 548

162 435 341 503 hieronymus
353 429 380 484 in
391 427 559 498 expositione
571 427 648 483 lsaiae
660 427 810 497 prophete,
824 425 871 479 uiri
885 423 952 478 dici·
964 417 991 479 A
1002 429 1045 476 est
1067 422 1240 492 conjunctum
1263 420 1396 475 sacrificio
1413 420 1580 490 angelorum,
1599 430 1628 475 ει
1646 429 1736 476 tamen
1756 433 1798 480 εει

163 535 224 578 tur:
239 522 272 576 ln
288 520 330 574 die
347 518 394 575 illo
413 518 462 573 erit
478 516 560 571 ultore
574 517 681 570 Domini
696 517 724 570 iu
742 525 812 569 terro
831 512 951 584 AEpypti,
1003 510 1343 566 universalectimmolutio
1352 509 1471 565 Christi?
1486 510 1552 577 Quis
1563 512 1665 565 audivit
1677 528 1800 583 unquam

162 615 241 669 docet
252 611 364 666 dicens:
380 608 438 663 ulta
456 614 546 661 autem
560 621 644 661 unum
665 605 752 660 altare
770 605 953 673 diciturque
1004 601 1144 656 taleidut
1155 615 1343 672 queunqoam
1354 601 1466 657 heresis
1477 602 1504 655 in
1515 610 1570 655 tom
1581 602 1799 660 irrationabilem

163 704 304 761 ruodounr
317 699 394 766 tides,
407 708 530 755 etonem
543 700 687 770 baptisma,
699 704 726 753 et
736 713 786 752 una
798 696 928 752 Ecclesia.
940 714 950 748 ε
1003 705 1033 746 se
1044 691 1173 747 demersit
1185 691 1392 748 contusionem?

161 797 195 851 lit
215 796 315 850 iterum
329 810 337 846 ι
352 792 460 849 «Unum
479 798 571 845 autem
591 789 677 844 altare
697 788 818 860 AEgypti,
839 788 871 842 'id
895 794 950 850 εει,
1038 781 1096 836 xv.
1117 782 1261 853 Subiungit
1279 791 1369 838 autem
1391 783 1479 837 odhuc
1497 784 1540 838 luis
1559 784 1659 849 uerbis,
1680 786 1797 842 dicens:

162 885 254 942 mundi
271 885 359 949 istius,
378 882 493 948 dicitur;
509 890 539 937 ut
554 889 650 937 cuncte
664 879 772 943 altaria,
787 893 848 948 que
858 884 952 932 contra
1006 872 1163 939 «Quoniam
1180 889 1233 928 unu
1247 874 1334 928 hostin
1352 873 1476 929 Christus
1490 873 1580 928 olrlota
1593 883 1635 928 est
1653 890 1702 946 pro
1716 876 1800 946 justis

162 978 291 1034 lleclesiae
306 977 448 1047 eriguntur
463 975 558 1039 altare,
576 974 694 1029 sciemus
710 988 765 1026 non
785 986 846 1026 esse
863 969 953 1026 Domi·
1003 974 1030 1019 et
1042 963 1185 1032 injustis.»
1206 963 1264 1019 lion
1277 965 1314 1018 ita
1327 965 1419 1019 dicunt
1429 965 1510 1034 primi
1526 965 1650 1034 apostoli,
1663 966 1801 1023 Petruset

161 1075 200 1128 nl.
215 1092 224 1126 u
251 1071 350 1127 Audiat
366 1072 448 1126 etiam
462 1071 514 1125 hoc
528 1067 690 1132 dmalarius,
708 1066 771 1137 quia
785 1066 855 1122 sieut
869 1079 952 1118 unum
1003 1055 1112 1119 Paulus,
1134 1071 1248 1124 ‘tuorum
1263 1056 1356 1125 prior:
1370 1054 1500 1119 Citium,
1516 1056 1564 1120 til.
1580 1055 1659 1109 temti
1670 1073 1718 1123 pro
1735 1074 1799 1127 pec-

161 1166 246 1221 uliare
264 1162 401 1227 sceleste,
420 1161 458 1215 ita
475 1175 544 1215 unus
559 1158 638 1229 panis
656 1157 777 1228 corperis
796 1155 906 1221 Christi,
926 1163 954 1211 et
1004 1148 1068 1203 cutis
1087 1149 1183 1201 nostris
1203 1157 1321 1201 mortuus
1339 1157 1386 1211 est,
1406 1148 1496 1217 justus
1517 1164 1564 1217 pro
1586 1149 1701 1217 injustis.
1722 1149 1800 1205 Alter

161 1271 232 1313 trous
245 1255 315 1311 culix
330 1253 469 1325 sanguinis
487 1251 554 1320 ejus.
575 1251 620 1306 Sic
635 1251 707 1306 enim
720 1249 864 1320 Apostolus
877 1264 954 1303 acce.
1004 1253 1068 1293 uero
1081 1256 1086 1290 :
1102 1237 1135 1292 Ut
1147 1239 1210 1309 quiid
1221 1240 1289 1292 euim
1302 1237 1432 1304 Christus,
1447 1255 1507 1292 curu
1519 1239 1606 1293 udlruc
1618 1241 1716 1308 infimui
1729 1258 1800 1297 erre·

160 1347 226 1416 pita
239 1345 364 1411 nomino,
376 1351 403 1399 et
416 1342 528 1397 tradidit
539 1341 685 1396 Ecclesiae:
700 1339 852 1406 «Quoniam
863 1339 955 1393 Domi.
1004 1345 1073 1392 nuria,
1093 1328 1235 1383 reclinatum
1258 1339 1360 1400 tempus
1382 1345 1428 1399 pro
1449 1330 1535 1399 impiis
1555 1339 1673 1385 mortuus
1692 1342 1741 1386 est.
1764 1332 1800 1388 Et

162 1455 210 1493 nur
228 1446 316 1491 notter
331 1435 409 1490 lesus
429 1432 558 1496 Christus,
576 1432 604 1485 in
624 1444 676 1500 guo
697 1437 771 1483 nocte
791 1426 952 1493 trudebatur,
1004 1429 1065 1489 post
1077 1435 1163 1490 punct
1179 1438 1184 1472 ³
1201 1419 1331 1484 Quooiom
1348 1422 1371 1474 δι’
1385 1437 1444 1474 cum
1459 1421 1546 1474 ouum
1563 1432 1710 1491 peccatores
1729 1440 1800 1480 esse-

160 1526 260 1598 uccepit
276 1541 381 1596 punem,
397 1532 422 1576 et
435 1522 534 1593 gratius
554 1536 642 1590 opem,
658 1518 746 1589 tregit,
759 1527 783 1572 et
797 1517 864 1571 dixit
875 1533 883 1571 :
895 1516 953 1570 Hoc
1004 1527 1071 1575 tuus,
1084 1508 1260 1581 Cirrirtuspro
1273 1510 1345 1565 nolis
1355 1521 1476 1565 mortuus
1487 1521 1545 1576 est,·
1560 1513 1641 1566 multo
1652 1515 1733 1584 ipitur
1743 1532 1800 1570 mo·

159 1627 197 1671 ert
211 1632 305 1687 cor-pur
319 1629 417 1679 meum,
429 1611 498 1683 quod
511 1628 558 1681 pro
571 1610 641 1665 eolis
655 1609 783 1663 trudetur.
804 1607 862 1662 Hoc
874 1609 953 1678 {urite
1004 1601 1043 1670 pis
1053 1601 1193 1670 justificati
1208 1618 1276 1655 nttnc
1290 1602 1318 1656 in
1331 1603 1458 1671 sunguine
1469 1602 1560 1672 ipsius,
1576 1602 1642 1655 solui
1654 1604 1752 1659 snmus
1762 1607 1797 1659 ol

158 1710 280 1762 iumeom
287 1703 567 1759 commemorationem.
580 1698 708 1755 Similiter
719 1708 744 1753 et
752 1699 869 1762 culicem,
881 1706 953 1769 post·
1004 1694 1045 1745 iro
1058 1693 1208 1762 peripsum.
1228 1692 1258 1747 st
1275 1694 1342 1746 enim
1358 1710 1416 1746 cum
1431 1694 1530 1747 inimici
1542 1711 1669 1761 essenus,
1682 1701 1800 1752 reconci-

158 1796 371 1868 quamtumve,
387 1795 475 1849 dicens
486 1807 495 1846 .·
507 1793 559 1847 llic
569 1793 639 1847 colio
659 1809 753 1847 nouum
769 1802 951 1846 testamentum
966 1768 990 1826 Β
1003 1780 1061 1835 liutt'
1076 1799 1165 1836 siturus
1179 1782 1234 1836 Deo
1248 1799 1294 1852 per
1306 1792 1414 1837 mortem
1433 1782 1498 1838 Filii
1518 1786 1587 1854 ejus,
1608 1787 1690 1841 multo
1712 1791 1799 1859 mugit

159 1883 510 1957 estiumeosunpuine.lloc
522 1884 953 1955 soritequotiescunquesumitistn
1004 1872 1165 1926 reconciliati
1183 1874 1248 1928 solui
1266 1877 1363 1928 erimus
1387 1876 1415 1929 io
1432 1877 1485 1929 nito
1504 1877 1595 1946 ipsius.
1615 1878 1650 1932 Et
1666 1880 1800 1936 Dominus

158 1995 242 2034 ineam
250 1977 529 2032 commemorationem.
545 1975 954 2031 UndeetEcelesiaextraditio·
1003 1961 1030 2015 ¹¹¹
1044 1961 1191 2033 El³⁰l3<³1¹l⁰
1206 1981 1212 2016 ²
1227 1963 1287 2017 N⁰¹¹
1299 1964 1355 2018 leli
1369 1982 1461 2019 lilim
1470 1967 1568 2036 l²⁴⁸¹⁰⁸2
1587 1968 1634 2021 διό
1648 1979 1799 2038 immiti

130 2070 143 2131 t
158 2067 699 2138 neapostolorumhisverhiseonsecrans
712 2067 870 2135 mysterium
881 2067 953 2121 sacri
1002 2053 1031 2106 ⁵¹²
1042 2055 1229 2123 toelli'lllii'lm·
1244 2054 1311 2108 Nam
1325 2057 1376 2111 ‘isi
1387 2065 1449 2111 ³¹¹oe
1460 2059 1613 2126 D²¹SSi⁰¹¹⁰¹1¹
1622 2061 1728 2115 ὓῡῐῐιῑΰί
1740 2060 1800 2117 [υθ-

158 2159 281 2231 corporis
295 2166 324 2214 et
338 2158 476 2227 sanguinis
494 2157 611 2221 Domini,
629 2156 804 2226 designanter
823 2157 889 2213 dicit
904 2158 955 2213 ιι)
1004 2145 1240 2213 mntmnlujusti;
1257 2147 1299 2201 illa
1309 2147 1463 2203 lldesaluati
1477 2159 1549 2215 sunt,
1561 2167 1613 2221 qua
1625 2153 1802 2210 crediderunt

158 2248 261 2303 imnum
269 2248 370 2303 dixisse
381 2245 645 2317 spostolistdccipite
658 2254 683 2298 et
695 2245 851 2301 manducate
863 2263 895 2301 ee
905 2248 954 2302 two
1003 2235 1140 2291 Christum
1154 2240 1315 2294 moriturum
1332 2255 1381 2310 pro
1396 2241 1503 2309 injustis
1519 2251 1548 2297 et
1567 2244 1668 2312 impiis,
1690 2254 1718 2301 et
1738 2246 1801 2316 ipsa

157 2355 256 2394 amm,
265 2338 442 2394 Hpcegtgm'm
449 2354 644 2410 commoneam,
659 2335 954 2409 Similimodpptppgoea
1005 2324 1071 2381 fides
1087 2327 1212 2383 libelluli
1225 2347 1273 2385 005
1283 2330 1318 2384 ab
1331 2331 1462 2400 injustitie
1476 2341 1504 2386 θῑ
1517 2334 1664 2403 implelaie.

157 2425 951 2501 quomceuummeu,acumemettuueproclommcuttcem.
1040 2418 1108 2476 ΠΙ·
1135 2421 1317 2478 Ditllllefflm
1331 2423 1483 2479 Amaliliui
1504 2427 1640 2496 iililim
1657 2428 1801 2493 timom-

158 2520 622 2591 Atrendarttdetssquisquequidest
633 2516 955 2589 quoditietrtmutdp.
1004 2510 1088 2581 pitulo
1106 2521 1223 2581 quarto:
1239 2515 1309 2570 ‹Est
1325 2515 1452 2572 sacerdos
1471 2518 1497 2571 in
1514 2527 1597 2584 terra,
1616 2521 1660 2575 cni
1677 2523 1800 2591 qnotidie

158 2612 221 2667 ticet
233 2612 295 2680 quin
310 2610 379 2666 calix
392 2625 472 2681 quem
481 2610 608 2666 sacerdos
621 2609 954 2676 sacriticat,nonestalins
1004 2617 1115 2657 necesse
1127 2612 1168 2657 est
1180 2619 1230 2673 pro
1243 2620 1273 2661 se
1284 2615 1312 2660 et
1322 2622 1372 2675 pro
1386 2608 1483 2677 populo
1495 2608 1542 2663 Dei
1554 2609 1729 2665 intercedere.
1747 2612 1801 2668 Est

158 2702 366 2774 nislipsequcm
377 2703 506 2758 Dominus
519 2703 648 2772 apostolis
661 2704 782 2758 tradidit.
798 2702 874 2757 Sicut
889 2717 954 2773 ergo
1004 2693 1129 2747 Siwldffl
1146 2693 1174 2747 in
1195 2694 1274 2759 coe¹⁰‚
1295 2696 1337 2749 0¹¹5
1356 2713 1410 2751 ¹¹⁰ss
1429 2704 1473 2751 0⁵¹
1488 2713 1600 2754 ”0⁰0⁸ae
1619 2700 1800 2768 initioedeffls

158 2792 192 2848 de
204 2793 353 2863 sanguine,
372 2793 412 2847 sic
424 2807 531 2862 quoque
542 2793 576 2849 ἀρ
588 2810 702 2865 corpore
713 2795 884 2850 ,enitendum
899 2801 951 2849 egi,
1004 2783 1050 2837 sed
1062 2790 1152 2838 umen
1167 2783 1234 2851 uult,
1248 2795 1275 2839 et
1285 2786 1437 2855 interpellat
1448 2789 1569 2856 qnotidie
1581 2804 1632 2860 pro
1641 2790 1728 2846 nohis.
1747 2791 1802 2848 Sa·

195 2881 265 2936 lllll.
289 2881 391 2937 Deinde
414 2882 552 2954 subjungit
569 2882 735 2950 dmalrrius,
752 2885 866 2940 dicens:
880 2901 889 2935 t
901 2883 954 2938 lm·
1003 2881 1100 2936 cordos
1111 2877 1157 2947 qni
1168 2887 1210 2932 est
1222 2878 1249 2932 in
1262 2884 1345 2942 terra,
1360 2895 1412 2933 non
1428 2880 1485 2934 uult
1499 2897 1586 2950 neque
1599 2891 1689 2952 potest
1705 2886 1800 2942 dicere

160 2971 259 3026 molato
281 2972 372 3041 priore
392 2973 547 3040 saerillcio,
568 2976 640 3045 quod
659 2984 766 3031 constat
784 2975 952 3031 orationihus
1003 2971 1075 3040 quod
1090 2971 1191 3038 ubsque
1208 2978 1319 3038 peccam
1332 2970 1377 3034 sit,
1392 2970 1496 3026 dicente
1511 2972 1613 3029 loanne
1630 2991 1636 3027 ε
1656 2974 1685 3029 Si
1699 2975 1801 3031 umeri-

158 3069 323 3127 sonctorum,
339 3070 368 3118 et
384 3071 427 3119 est
444 3062 616 3131 conjunctum
632 3065 767 3122 sacrificio
781 3065 948 3134 ungulorum,
1003 3079 1062 3116 mus
1074 3062 1197 3132 guertium
1212 3069 1347 3130 peccorum
1362 3077 1414 3114 uon
1428 3061 1561 3125 tutemus,
1577 3080 1624 3118 nos
1636 3066 1706 3135 ipsos
1719 3068 1801 3121 redu·

159 3153 332 3209 descenditur
350 3155 384 3208 ad
401 3154 554 3209 universale
570 3155 763 3211 sacrificium.»
784 3155 847 3212 llaec
867 3157 949 3212 verba
1003 3155 1097 3217 cimus,
1111 3161 1134 3205 et
1149 3152 1242 3206 ueritus
1255 3152 1283 3204 iu
1293 3151 1366 3205 uotis
1377 3168 1429 3205 non
1441 3162 1489 3206 est.
1509 3152 1559 3220 Qui
1571 3165 1661 3210 tamen
1673 3159 1800 3226 utrumuis

160 3243 289 3299 Amalurii
305 3259 359 3298 non
379 3252 528 3298 consonant
544 3244 694 3321 sinceritati
712 3245 860 3302 catholice.
882 3245 950 3301 Cum
1002 3245 1188 3313 superentur,
1208 3257 1262 3296 non
1275 3241 1354 3297 debet
1369 3257 1384 3295 a
1397 3244 1562 3299 couscientia
1574 3259 1622 3299 sua
1635 3247 1753 3302 morderi
1768 3259 1800 3302 ut

159 3335 232 3389 enim
246 3335 312 3389 dicit
328 3335 415 3404 priore
432 3335 574 3403 merificio,
587 3336 706 3391 ostendit
719 3352 749 3392 se
762 3336 833 3392 aliud
847 3336 952 3392 sacriti-
1002 3341 1107 3388 tantum
1126 3333 1162 3388 sit
1178 3340 1313 3402 peccator,
1329 3340 1460 3401 quantum
1476 3334 1575 3389 multos
1587 3328 1798 3406 cognoscitesse

159 3425 231 3479 cium
249 3438 353 3495 sapere,
372 3425 444 3494 quod
461 3424 497 3480 sit
511 3426 654 3496 posterius.
675 3425 742 3482 Cum
759 3442 824 3482 vcro
840 3426 951 3495 subjun-

159 3517 207 3584 git,
228 3516 297 3586 guod
313 3523 413 3570 comtot
425 3516 588 3575 orationibus
607 3517 792 3587 perfectorum,
806 3525 830 3571 et
842 3527 879 3572 ert
890 3534 952 3572 con·

156 3610 280 3679 junctum
295 3608 426 3677 turnicio
438 3607 608 3678 angelorum
626 3610 724 3664 mirum
738 3611 761 3664 si
776 3607 819 3663 tel
833 3609 890 3679 ipse
909 3610 952 3663 in·

160 3697 257 3768 telligit
270 3698 335 3767 quid
347 3697 482 3767 loquatur.
506 3697 574 3753 llam
587 3699 721 3768 quomodo
731 3707 836 3754 constet
848 3698 952 3753 sacrili·

1001 3425 1029 3480 in
1042 3424 1140 3495 populo
1153 3434 1241 3478 terrm.
1254 3443 1263 3476 r

1036 3516 1117 3571 lll'll.
1138 3516 1167 3570 ln
1178 3515 1318 3571 hisserlris
1327 3515 1456 3570 dmslnrii
1468 3520 1543 3588 vagis
1555 3527 1582 3572 et
1594 3517 1756 3585 furibundis,
1769 3533 1799 3576 et

1001 3606 1076 3661 omni
1089 3603 1378 3674 despectioue'dignis‚
1402 3606 1446 3659 illa
1468 3609 1585 3676 pessimo
1607 3619 1670 3664 sunt
1694 3611 1796 3680 quibus

1002 3698 1041 3753 uit
1052 3712 1059 3750 ε
1072 3696 1124 3762 Qui
1138 3705 1225 3750 tonten
1239 3695 1278 3767 (id
1292 3705 1343 3762 est,
1358 3699 1505 3771 sacerdos),
1518 3703 1636 3770 quouroir
1652 3703 1686 3757 rit
1702 3718 1797 3772 pecco·
1859 3693 1864 3701 ’

161 3787 233 3841 cium
251 3787 419 3843 orationibus
433 3786 637 3858 periectomml
657 3788 783 3860 Nunquid
798 3790 870 3845 aliud
887 3806 952 3847 eon-
1002 3799 1052 3853 tor,
1065 3804 1117 3842 uon
1131 3787 1203 3842 delet
1216 3804 1234 3843 u
1246 3790 1406 3845 cunctemiu
1415 3807 1464 3844 ruo
1475 3791 1600 3856 morderi,
1613 3801 1754 3847 otrentum
1763 3796 1798 3848 rit

159 3885 214 3932 stat
225 3878 395 3948 orationihus
404 3879 598 3948 peecatorum?
617 3878 652 3934 Et
667 3880 691 3934 si
704 3881 867 3936 sucrilleium
880 3884 952 3951 quod
1001 3887 1132 3950 peccator,
1155 3883 1281 3948 querutum
1303 3877 1398 3933 multos
1421 3882 1552 3949 cognoscit
1577 3898 1632 3936 esse
1654 3882 1682 3935 in
1701 3881 1798 3952 populo

159 3974 265 4021 constat
278 3967 443 4022 orationihus
459 3966 651 4037 perlectorum,
667 3966 839 4036 conjunctum
853 3979 895 4026 est
907 3986 952 4025 ta·
1002 3979 1089 4023 terre.
1110 3965 1264 4021 liuererha
1277 3976 1445 4023 uenientum
1458 3969 1563 4024 inutilia
1577 3977 1655 4036 sunt;
1669 3971 1716 4025 sed
1730 3971 1796 4024 rnul-

159 4047 262 4114 crilicio
274 4059 441 4129 angelorum,
456 4060 527 4129 quod
549 4068 657 4114 constet
675 4060 842 4115 orationihus
854 4077 951 4130 pecco·
1001 4071 1059 4116 tum
1074 4062 1164 4126 noxia,
1185 4069 1213 4114 et
1232 4062 1339 4118 veritati
1355 4062 1503 4116 contraria.
1523 4063 1661 4118 Catholicu
1678 4079 1803 4133 nomunc-

161 4161 259 4215 torum,
274 4150 395 4221 nunquid
406 4150 577 4220 conjungitur
589 4151 722 4206 sacrillcio
736 4153 953 4207 demoniorum?
1002 4151 1069 4206 tides
1086 4152 1126 4207 sic
1140 4168 1169 4207 se
1183 4155 1274 4218 habet,
1293 4160 1323 4206 ut
1337 4151 1437 4206 nullius
1454 4151 1548 4206 eredat
1562 4152 1696 4221 acceptari
1710 4168 1725 4206 u
1738 4153 1796 4206 Deo

163 4239 265 4294 Deinde
280 4239 363 4294 interl
375 4239 468 4295 diceus
480 4258 486 4294 :
499 4240 671 4295 Descendisse
689 4242 723 4296 orl
742 4243 887 4299 uniuersale
904 4260 949 4300 su·
1001 4243 1165 4298 sacrificium
1185 4245 1227 4300 rel
1249 4245 1411 4308 orationem,
1429 4244 1482 4298 nisi
1500 4245 1559 4313 eius
1576 4244 1621 4312 qui
1637 4245 1797 4313 cognouerit

157 4333 309 4403 orificium,
333 4333 538 4391 immolationem
560 4338 656 4392 relicti
681 4336 790 4394 Citrirti.
814 4339 885 4406 Quid
908 4349 950 4395 εει
1001 4334 1172 4405 iniquitatem
1187 4352 1280 4401 suam;
1295 4336 1365 4390 sicut
1378 4335 1520 4390 manifeste
1531 4336 1796 4391 demonstrutDauid

159 4424 380 4495 ttuodlequltuti
400 4425 477 4482 Unde
489 4426 682 4483 descenditur?
699 4428 798 4500 Eique
809 4431 988 4527 descendi-D
1001 4425 1029 4480 itt
1044 4426 1167 4481 oratione
1185 4427 1352 4496 poenitentiae
1375 4441 1439 4491 sure,
1464 4427 1577 4481 dicens:
1596 4425 1715 4496 Amplius
1735 4424 1796 4480 luto

161 4518 224 4571 turi
240 4517 339 4588 Aperte
351 4517 418 4573 dicit
430 4536 437 4570 ε
448 4517 623 4574 Dumium
634 4521 670 4574 ud
689 4520 835 4576 unherrole
850 4522 950 4590 rucup-

159 4611 239 4661 rium.
260 4607 289 4662 Si
304 4607 477 4663 descenditur
496 4609 530 4664 ud
542 4610 703 4675 universale,
721 4612 819 4678 idest,
836 4613 950 4668 eutholi-

159 4713 221 4752 cum
244 4697 328 4767 (quod
336 4698 409 4752 enim
421 4697 517 4754 lutino
527 4700 626 4754 dicitur
636 4701 799 4765 universale,
811 4701 863 4757 lroc
874 4700 949 4757 Grue-

159 4802 191 4841 ce
198 4785 383 4855 catholicum),
391 4786 565 4842 descenditur
579 4802 644 4857 ergo
656 4787 690 4843 de
702 4803 756 4844 non
768 4789 901 4845 catholico
914 4791 949 4846 od

159 4874 333 4939 ‹rotholicum
348 4875 558 4932 immolationem
573 4878 676 4933 sulicet
689 4876 798 4934 Christi.
814 4878 843 4935 Si
857 4888 948 4950 poste·

160 4967 217 5022 rius
231 4965 404 5033 sacrificium,
420 4968 507 5037 ipsum
521 4977 564 5024 est
577 4968 741 5034 universale,
759 4978 786 5025 et
800 4971 949 5027 immolatio

159 5057 269 5111 Christi.
284 5057 356 5127 Ergo
374 5057 449 5126 prius
466 5060 639 5127 sacritlcium,
658 5076 710 5117 nec
728 5061 879 5118 uniuersale
895 5072 948 5130 est,

160 5162 210 5202 nee
220 5147 368 5204 immolatio
378 5148 489 5205 Christi.
508 5151 543 5205 Et
556 5152 691 5221 quomodo
703 5154 839 5209 constabit
847 5154 950 5209 oratio·

160 5239 239 5294 trihus
263 5238 466 5309 perlectorum,
489 5249 516 5297 et
542 5243 596 5298 erit
617 5243 790 5313 conjunctum
816 5245 949 5301 sacrificio

160 5330 328 5399 augelorum,
339 5332 362 5387 si
375 5348 429 5389 non
444 5343 486 5389 est
498 5333 649 5390 universale
663 5342 691 5388 et
708 5332 856 5389 immolatio
870 5333 948 5390 utut

160 5420 215 5475 stit
233 5422 292 5488 Dic,
304 5438 380 5495 ergo,
393 5427 473 5495 quale
492 5427 655 5484 sacrificium
674 5436 715 5482 est
733 5426 839 5492 melius,
857 5435 947 5482 utrum

1002 4532 1043 4571 me
1056 4514 1088 4569 ol
1101 4516 1238 4587 iniquitute
1256 4534 1325 4582 meo,
1345 4526 1369 4571 et
1392 4527 1528 4586 upeceoto
1548 4534 1605 4571 roeo
1622 4517 1720 4570 ntundo
1740 4533 1794 4570 rue.

1003 4605 1134 4672 Quorrium
1145 4606 1309 4678 iniquitatem
1320 4591 1462 4677 meom'epo
1477 4623 1613 4678 cognosco,
1625 4616 1649 4660 et
1660 4615 1795 4676 peccatum

1001 4713 1087 4752 meum
1098 4707 1188 4753 contro
1203 4716 1243 4753 me
1253 4707 1291 4753 est
1303 4699 1412 4770 sentpr‘r.
1434 4698 1474 4754 Ac
1490 4698 1513 4754 si
1528 4699 1631 4752 diceret
1643 4716 1649 4750 :
1662 4697 1724 4751 ldeo
1737 4710 1795 4749 me-

1003 4802 1065 4844 rear
1085 4788 1278 4860 indulgentiam
1300 4799 1383 4854 tuam,
1406 4791 1469 4859 qttio
1493 4789 1607 4858 cognovi
1622 4787 1794 4856 iniquitatem

1002 4892 1099 4933 meum.
1123 4877 1190 4933 Nam
1205 4880 1228 4934 si
1246 4895 1296 4950 ego
1311 4895 1364 4934 non
1378 4894 1522 4948 agnovero,
1541 4887 1569 4932 tu
1587 4893 1641 4933 non
1658 4864 1792 4947 ignosces.

1001 4967 1048 5024 Sic
1061 4979 1088 5025 et
1100 4972 1231 5027 Dominus
1242 4986 1292 5042 per
1303 4972 1412 5043 lloysen
1425 4973 1556 5043 precipit,
1568 4972 1660 5026 dicens
1675 4989 1681 5024 :
1694 4967 1724 5025 Si
1733 4987 1794 5040 pec-

1000 5061 1097 5115 cauerit
1110 5062 1238 5132 princeps,
1255 5073 1278 5116 et
1291 5061 1381 5132 iecerit
1398 5079 1479 5115 urium
1496 5078 1510 5117 e
1524 5062 1644 5133 plurilus
1659 5077 1706 5131 per
1720 5061 1793 5130 igno-

1000 5153 1114 5207 runtium
1127 5153 1196 5224 qrtod
1215 5153 1322 5208 Domini
1332 5153 1386 5224 lepe
1396 5154 1557 5223 proteletur,
1573 5162 1597 5207 et
1610 5151 1794 5222 posteointel-

999 5240 1090 5297 leserit
1108 5252 1242 5311 peccatum
1261 5261 1348 5309 suurn,
1367 5245 1460 5313 offeret
1481 5244 1594 5298 dostium
1616 5242 1738 5296 Domino.
1759 5241 1794 5296 m
1840 5271 1844 5278 ·
1874 5296 1877 5301 ,

1000 5341 1059 5402 post
1072 5348 1157 5402 pauca
1169 5348 1176 5387 :
1188 5333 1299 5404 Repulit
1317 5351 1364 5403 pro
1383 5352 1412 5389 eo
1432 5335 1564 5401 sacerdot,
1579 5342 1604 5388 et
1620 5350 1667 5404 pro
1685 5341 1792 5403 peceato

998 5425 1067 5494 ejus,
1080 5441 1111 5478 ec
1124 5424 1268 5478 dimittetur
1284 5425 1317 5478 ei.
1337 5426 1372 5479 Et
1386 5427 1484 5482 iterum
1498 5445 1505 5481 :
1518 5426 1614 5480 Animo
1632 5425 1654 5479 si
1670 5439 1792 5494 percure-

159 5511 224 5567 illud
237 5514 322 5581 prius,
336 5527 464 5573 constans
480 5519 647 5575 orationibus
666 5516 859 5589 perlectorum,
874 5519 948 5588 quod
999 5518 1032 5570 rit
1046 5534 1092 5588 per
1105 5518 1292 5588 ignoruntium,
1307 5518 1447 5591 fecemque
1460 5536 1541 5574 unum
1554 5536 1586 5574 eu
1599 5519 1639 5573 tris
1658 5532 1717 5587 quo
1738 5515 1793 5568 Do-

160 5610 251 5656 tatuen
265 5618 317 5658 non
330 5612 372 5660 est
383 5605 543 5674 uniuersale,
554 5624 605 5664 nec
616 5608 763 5664 immolatio
772 5607 872 5663 Christi
883 5608 894 5660 l
906 5606 947 5662 dn
999 5609 1063 5662 mini
1073 5608 1128 5679 lege
1138 5608 1316 5677 prohibentur,
1327 5622 1352 5664 et
1362 5611 1460 5682 peccati
1473 5627 1517 5665 reo
1527 5608 1683 5664 intellexerit
1699 5605 1793 5674 irrigui·

160 5697 306 5769 posterius,
320 5697 391 5769 quod
403 5708 510 5757 tenuat
520 5703 687 5760 orationibus
697 5710 883 5774 peccatorum,
898 5718 948 5760 nec
999 5711 1077 5756 tutem
1089 5717 1175 5767 suurn,
1188 5701 1281 5773 operor
1292 5704 1397 5758 arietem
1412 5702 1611 5758 irumoculutum
1625 5701 1657 5757 de
1669 5697 1790 5772 gregibus
