3832 6120
139 226 195 291 'tat
672 215 812 283 'maunn
833 212 1064 280 brennensis
1082 216 1236 283 rrtseorl
1596 278 1603 287 ·
1722 218 1779 287 Μ

143 351 227 407 Auxit
238 336 394 419 parabolam
408 343 564 399 narratione
581 340 699 412 pictatis.
716 339 796 396 Venit
809 352 875 409 ergo
887 350 934 408 pe·
947 340 973 400 A
985 337 1116 395 stratione
1134 339 1336 411 compungitur,
1354 350 1447 399 sancte
1460 333 1597 401 desiderio
1616 344 1652 401 de
1667 342 1732 403 imis
1745 340 1782 405 at

144 441 270 512 regrinos
283 439 364 493 bomo
378 434 412 490 ad
427 448 517 505 regem
531 432 616 487 illum.
635 431 701 500 Quis
723 433 812 500 itaque
830 439 872 485 est
885 445 933 500 pe·
985 446 1090 486 summa
1103 433 1191 498 evehi,
1205 447 1329 503 superate
1345 436 1581 507 contemplationis
1597 451 1690 508 penna
1705 437 1782 497 iesti-

145 530 289 603 regn'nos?
303 527 521 596 concupiscentia
533 525 669 581 videlicet.
682 524 718 581 Ut
730 538 796 594 ergo
808 523 935 578 illiusos·
985 530 1046 588 nat,
1067 523 1125 578 baec
1138 524 1211 579 beati
1234 525 1306 597 regis
1329 526 1430 593 Dauid,
1445 536 1473 583 et
1491 527 1607 585 aliorum
1619 538 1780 587 ιιιιιιιιιιιιι

144 622 266 678 tenderet
288 617 441 674 castitatem
450 649 462 683 -,
488 615 661 687 peregrinam
685 613 934 684 concupiscentiam
983 616 1192 683 precedentium
1203 616 1314 672 Patmm
1326 626 1415 690 gesta,
1427 620 1473 676 ubi
1488 620 1591 692 aliquid
1604 611 1708 692 ἰιιῙιιιιι
1719 637 1781 694 per·

143 709 300 767 nominarit.
309 707 454 779 Nunquam
465 707 537 762 esaim
549 706 651 762 alienas
661 706 767 776 nuptias
776 702 931 773 dissiparit:
983 705 1055 773 pessi
1068 713 1141 773 mut,
1153 713 1217 762 ante
1228 709 1328 765 mentis
1339 710 1433 766 oculos
1445 718 1540 780 ponat,
1556 720 1641 782 atque
1653 712 1684 768 in
1698 713 1740 769 eis
1750 729 1781 771 te

142 816 230 872 acque
243 800 343 870 iniquis
355 799 498 870 conspexit
509 796 604 861 oeulis,
618 798 667 853 sed
685 809 831 866 percussos
845 795 874 848 in
887 792 933 847 itta
983 794 1133 853 imitatione
1144 800 1295 855 exercendo
1312 800 1452 872 proficiat,
1475 809 1503 857 et
1517 802 1590 870 qood
1606 802 1635 857 io
1648 804 1778 875 presenti

142 892 255 948 muliere
267 889 385 962 perdidit
407 889 579 944 castitatem:
600 886 662 957 quio
684 880 822 956 paululum
837 881 933 938 remis-
983 887 1075 943 titillat
1087 903 1122 945 ex
1137 889 1214 955 vitio,
1227 890 1270 946 uel
1281 874 1482 961 praeteritorum
1495 892 1630 949 malornm
1644 894 1777 951 menni:

142 984 240 1039 siorem
255 997 285 1038 se
295 980 448 1036 reddiderat
466 976 610 1033 securitate
623 975 706 1045 pacis.
722 971 933 1042 lleuitperegri·
983 978 1129 1048 reprimat,
1145 981 1189 1036 rel
1203 982 1336 1038 donomm
1357 983 1568 1053 precedentium
1588 986 1776 1043 consolatione

142 1090 209 1140 ous;
225 1074 335 1143 iniqua,
358 1080 386 1125 et
408 1069 523 1139 agrestis
540 1063 777 1136 concupiscentia:
798 1062 833 1118 ad
855 1060 932 1116 illum
982 1069 1137 1139 restringat,
1151 1070 1194 1125 vel
1215 1071 1296 1128 etiam
1310 1073 1473 1139 imitatione,
1489 1080 1518 1129 ut
1530 1075 1633 1131 dictem
1647 1076 1773 1141 estam.

141 1166 251 1221 divitem
265 1164 349 1219 venit.
365 1161 412 1218 llle
434 1174 487 1215 non
502 1157 608 1227 aceepit
621 1156 655 1212 de
667 1154 805 1226 gregibus,
819 1160 867 1207 aut
883 1166 930 1205 ar·
981 1162 1054 1212 trum
1068 1159 1278 1228 precedentium
1288 1168 1453 1231 provocetur
1463 1165 1499 1219 ad
1513 1165 1621 1221 metim.
1635 1165 1716 1235 Quod
1729 1182 1774 1225 ne

141 1257 239 1312 mentis
257 1256 323 1318 sois,
338 1263 368 1308 ut
382 1250 525 1323 peregrino
547 1253 656 1319 pararet
669 1244 778 1316 epulas,
793 1243 840 1299 sed
857 1243 933 1299 misit
982 1260 1059 1302 cesse
1077 1257 1120 1305 est
1133 1257 1163 1303 ut
1170 1282 1180 1316 ·,
1195 1251 1266 1307 sicut
1280 1254 1469 1323 proposuimus
1481 1255 1613 1326 exemplis
1625 1258 1772 1317 enuntio

139 1355 166 1402 et
176 1347 267 1417 rapuit
282 1357 359 1400 orem
373 1343 511 1413 pauperis,
525 1354 585 1409 quse
599 1338 627 1392 in
640 1336 701 1392 sinu
713 1334 772 1404 ejus
780 1335 928 1399 subierat.
981 1335 1068 1402 ribus,
1084 1340 1275 1408 approbemus.
1291 1352 1302 1381 ι
1318 1341 1355 1398 tu
1375 1343 1449 1398 enim
1464 1359 1549 1401 uuum
1562 1346 1598 1401 tle
1619 1348 1717 1405 moltis
1735 1350 1770 1405 ls-

139 1446 167 1492 et
186 1437 219 1491 de
244 1448 338 1489 mensa
357 1431 464 1489 edebat.
486 1428 554 1485 Cum
568 1428 627 1482 baec
647 1426 729 1497 igitur
749 1425 867 1480 audisset
882 1438 931 1479 rex
981 1439 1059 1495 quar,
1075 1437 1209 1497 qnatenus
1220 1431 1355 1487 studiosus
1370 1431 1455 1489 lector
1466 1434 1551 1490 multa
1565 1435 1595 1490 in
1606 1452 1665 1493 nuo
1679 1438 1769 1497 intelli·

139 1527 232 1591 llarid,
246 1525 333 1579 iratus
349 1531 392 1578 est
408 1519 485 1575 valde
498 1519 629 1573 adsersus
648 1515 784 1570 bomiuern
799 1513 889 1579 illurn,
903 1520 931 1569 et
980 1524 1049 1586 gut:
1074 1519 1197 1589 quisquis
1220 1520 1363 1577 uerborum
1383 1525 1556 1581 contumeliis
1577 1542 1694 1597 pressus
1713 1544 1767 1589 eu

138 1618 207 1672 dixit
218 1615 252 1669 ad
265 1614 387 1668 Nathan:
408 1610 474 1664 linit
488 1609 628 1673 ὒιιιὶιιιιι,
640 1606 765 1678 werra
777 1606 849 1674 filista
861 1620 931 1660 mae
981 1608 1108 1662 uirtutem
1118 1609 1257 1678 patientie
1267 1626 1375 1667 seruare
1386 1628 1440 1670 non
1453 1614 1562 1681 suffieit,
1572 1616 1663 1674 David
1674 1617 1765 1677 taeta

138 1709 171 1759 tis
190 1713 227 1759 ιιι
241 1702 337 1757 oiriile
352 1701 397 1772 qai
412 1700 472 1771 [ecit
490 1701 549 1754 itae.
568 1698 649 1752 tieem
666 1696 755 1752 reddet
771 1695 929 1765 iaqaadrtt·
943 1678 967 1738 Β
981 1699 1014 1754 ad
1029 1714 1189 1755 memoriam
1204 1703 1334 1759 reduce:
1356 1705 1419 1774 quia
1441 1720 1504 1762 cum
1526 1706 1618 1765 Semei
1641 1713 1764 1770 muricis

137 1797 221 1866 ptam,
235 1806 259 1850 et
271 1796 327 1865 ipse
339 1791 428 1864 gladia
442 1792 573 1861 panetar.
593 1787 718 1858 Ojudicii
736 1784 928 1856 superefflucn·
978 1800 1136 1863 urgeretur,
1154 1801 1184 1849 et
1205 1796 1304 1850 armati
1316 1810 1443 1867 proceres
1454 1798 1547 1855 ulcisci
1565 1805 1762 1869 contenderent,

137 1897 192 1943 tem
202 1885 355 1957 justitiam!
375 1897 428 1938 noo
443 1889 503 1937 crat
523 1879 625 1935 amoris
646 1875 854 1945 libramime
872 1890 927 1931 non
979 1881 1036 1935 ait:
1053 1882 1129 1953 (uera.
1146 1884 1190 1957 tu)
1219 1883 1290 1951 Quid
1310 1886 1375 1942 eniti
1392 1898 1417 1942 ιι
1431 1889 1502 1943 :aba
1515 1898 1572 1957 ιιι,
1585 1892 1638 1961 etti
1650 1892 1763 1953 &enat

136 1978 248 2032 diceret.
262 1972 344 2028 iubet
358 1971 466 2041 quidem
482 1970 509 2023 in
525 1966 703 2038 quadruplum
727 1965 875 2021 secundum
891 1963 929 2018 le-
978 1972 1108 2029 mmtrrtre
1118 1992 1188 2041 epm,
1204 1987 1232 2031 ,η
1243 1976 1383 2034 molerem
1393 1995 1402 2034 :
1414 1979 1542 2037 pompm„
1561 1985 1635 2040 eng„
1652 1990 1760 2060 Μ

136 2081 216 2139 gem:
237 2064 278 2120 lex
294 2061 499 2132 enimprtecipit
513 2058 648 2114 brantem
662 2056 804 2129 quadrupli
818 2055 929 2111 restitu-
977 2066 1011 2129 ei,
1027 2075 1056 2119 nt
1073 2066 1239 2124 malediceret
1253 2070 1348 2126 Dauid
1369 2071 1405 2126 Et
1425 2075 1483 2144 quis
1497 2084 1536 2130 ιιι
1549 2077 1596 2149 qai
1619 2079 1759 2135 rueme

136 2159 210 2212 tione
228 2154 339 2210 uinciri:
354 2152 455 2226 (daed.
477 2168 546 2214 nnn,
566 2152 593 2219 t)
609 2151 662 2206 iste
675 2157 777 2216 autem,
796 2157 824 2205 et
840 2149 928 2221 Ιιιιιιι
978 2174 1047 2224 rere,
1061 2176 1141 2230 qnare
1151 2162 1189 2215 sic
1205 2162 1336 2231 secitilit
1350 2165 1525 2236 paulopost:
1542 2167 1759 2237 biterrim:

135 2260 177 2306 est
187 2257 412 2321 praetergressust
421 2246 499 2314 jubet
510 2245 642 2316 siquidem
655 2251 683 2299 et
695 2245 782 2314 ipsum
794 2242 928 2308 interimi,
977 2247 1203 2320 analatratjuata
1215 2263 1373 2324 preceptum
1383 2253 1491 2311 Darnim
1503 2270 1513 2309 .·
1532 2258 1558 2312 si
1569 2259 1641 2329 forte
1652 2261 1760 2333 respiciat

134 2351 163 2398 et
176 2340 356 2412 quadruplum
371 2339 517 2395 obnoxium
536 2337 660 2393 detineri.
678 2336 817 2406 Prompsit
837 2335 928 2404 itaque
978 2337 1106 2394 Dratinus
1126 2340 1291 2411 afflictionem
1312 2358 1420 2398 mam:
1439 2355 1464 2400 et
1484 2346 1577 2402 reddin
1595 2350 1664 2405 mibi
1677 2350 1760 2406 iam

134 2433 308 2498 sententiam,
321 2429 488 2500 etjudieiutn
502 2440 515 2470 ι
531 2427 710 2482 eliminatum.
729 2424 798 2481 Cum
811 2426 863 2481 hoc
878 2436 926 2481 au·
976 2442 1024 2495 pro
1032 2426 1216 2484 maledictione
1225 2430 1275 2485 iras
1284 2431 1421 2488 hodierna.
1434 2433 1540 2502 Quibus
1549 2437 1761 2507 proiectorerbir

134 2526 217 2581 disset
228 2523 381 2593 Propbeta,
396 2520 517 2590 jactabat
530 2533 637 2575 omnem
652 2519 776 2573 umbram
790 2517 927 2589 imaginis,
976 2518 1088 2585 indicat,
1098 2519 1161 2589 quia
1174 2529 1328 2592 perpetrato
1341 2523 1475 2581 Bersabee
1487 2527 1600 2593 ιιιιιιι,
1616 2544 1757 2603 exsurges·

133 2624 161 2670 et
179 2616 207 2669 in
226 2614 345 2669 ntedium
358 2610 462 2681 profert
473 2610 604 2682 gladium,
614 2617 642 2664 ct
654 2620 716 2664 cum
731 2607 830 2664 fiducia
844 2607 924 2663 dicit:
977 2616 1031 2664 tem
1051 2618 1146 2665 contra
1167 2626 1197 2667 se
1216 2611 1301 2667 illium
1316 2612 1438 2682 tumens,
1451 2616 1559 2673 reduxit
1579 2619 1617 2675 ad
1638 2621 1760 2685 animam,

134 2707 172 2760 'lu
186 2703 348 2776 es,iiee‚qai
364 2704 413 2758 tae
427 2720 492 2773 opas
505 2702 601 2772 [ιιὶιιι.
616 2701 638 2757 0
650 2716 756 2767 moure,
772 2716 827 2756 non
838 2699 927 2772 gladio
976 2700 1089 2766 malum,
1102 2702 1174 2770 qnod
1184 2704 1360 2772 perpetrarit,
1368 2712 1395 2760 et
1404 2707 1600 2765 contumeliosa
1610 2710 1704 2776 rerba,
1713 2724 1761 2766 nor

134 2812 230 2853 means
244 2810 353 2851 sensum
369 2794 481 2859 doloris,
495 2793 543 2849 sed
556 2793 584 2847 in
599 2792 759 2862 compendio
772 2791 925 2846 acwsatio-
976 2798 1031 2847 tam
1049 2794 1186 2859 convicia,
1210 2808 1293 2864 mam
1312 2794 1447 2865 arljutoria
1465 2798 1599 2867 credidit,
1621 2802 1718 2873 quibus
1735 2814 1762 2859 ιι

134 2887 187 2941 nis.
199 2885 267 2942 Cum
280 2883 332 2941 boc
344 2885 475 2956 oportuit,
488 2883 634 2939 occultavit
646 2881 848 2938 narrationem:
863 2892 926 2937 eum
974 2886 1097 2958 purgari,
1113 2886 1219 2958 sibique
1232 2888 1356 2945 misereri
1368 2887 1598 2959 posseindicarit.
1609 2894 1687 2952 ’lunc
1696 2872 1761 2951 enin

135 2991 199 3033 tero
220 2983 327 3046 tempus
348 2975 466 3041 invenit,
488 2974 581 3029 statim
603 2972 738 3044 percussit
762 2978 790 3028 et
810 2970 925 3053 abscidit
936 3021 962 3087 c
976 2976 1051 3032 idaea
1066 2977 1189 3034 convicia
1202 2979 1271 3035 bane
1286 2978 1445 3046 toleramus,
1456 2996 1519 3037 cum
1532 2981 1561 3038 in
1574 2993 1686 3040 semro
1693 2998 1763 3040 Μ.

133 3067 193 3120 sine
215 3066 309 3138 grandi
333 3066 418 3137 plagae
432 3063 555 3129 rultrere,
571 3062 618 3118 sed
632 3063 683 3118 boc
701 3063 870 3119 solumnodo
883 3060 925 3118 di·
976 3068 1011 3122 tis
1022 3067 1056 3122 ad
1073 3067 1145 3123 mala
1161 3076 1317 3139 perpetrata
1331 3069 1507 3126 recurrimus.
1528 3070 1603 3127 Leuc
1616 3073 1714 3144 quippe
1722 3073 1762 3127 ri-

133 3170 217 3210 oens:
237 3162 266 3210 ιιι
287 3171 323 3226 ιι,
331 3153 401 3209 tter:
420 3162 448 3208 at
469 3152 514 3209 ille
536 3152 666 3208 velociter
681 3151 715 3207 ad
729 3152 924 3209 conscientiam
975 3158 1093 3224 debitur,
1108 3158 1181 3229 quod
1202 3157 1301 3227 injuria
1314 3161 1501 3229 percutimur,
1526 3162 1593 3218 dum
1614 3163 1763 3221 bacuane

134 3246 250 3310 rediens,
266 3254 397 3314 tanquam
414 3245 501 3300 lldclis
513 3254 540 3300 ct
553 3245 665 3300 idoneus
684 3258 796 3309 servm,
817 3244 923 3315 eulpam
974 3257 1067 3303 nostra
1079 3247 1270 3317 conspicimus,
1285 3249 1348 3318 quia
1361 3248 1498 3319 pelusest,
1519 3251 1594 3320 quod
1606 3266 1760 3311 meremur:

132 3336 293 3407 simpliciter
304 3336 465 3398 confltetur,
479 3344 507 3392 et
523 3336 607 3392 dicit:
625 3333 733 3389 Percaoi
754 3333 882 3399 bantra,
897 3343 926 3390 et
975 3337 1067 3409 sicque
1079 3339 1119 3404 ut,
1134 3348 1164 3395 ut
1176 3339 1443 3411 contumeliisgratia
1456 3343 1544 3414 magis
1560 3357 1647 3414 quam
1662 3345 1704 3400 ira
1719 3346 1764 3401 de·

118 3411 268 3500 '‘tropnen
289 3428 447 3500 respondit:
473 3427 603 3482 Dominus
631 3425 766 3480 tramittit
789 3435 924 3496 preater·
974 3428 1082 3495 beatur,
1095 3443 1209 3498 quarum
1222 3429 1375 3486 interventu
1388 3429 1647 3505 lleojudice,poena
1658 3436 1763 3505 gratier

132 3531 216 3576 taam.
241 3520 325 3577 Velox
350 3519 503 3579 conlbsaio:
530 3515 650 3572 velocior
674 3516 827 3573 medicina:
853 3516 924 3573 lacte
973 3518 1101 3575 declinari
1112 3519 1355 3590 posseconiiditar.
1666 3516 1671 3523 '

131 3615 268 3684 peccavit:
284 3614 369 3669 verbo
381 3611 525 3684 penituit:
542 3610 638 3666 annuit
651 3610 738 3667 Deus:
750 3619 779 3666 et
789 3611 924 3682 correptio
1009 3609 1023 3648 ἃ
1043 3627 1052 3659 ι
1068 3609 1136 3667 illud
1150 3624 1215 3665 rero
1228 3611 1293 3680 quid
1305 3610 1449 3681 significet,
1461 3613 1534 3683 quod
1545 3613 1688 3684 parricida
1696 3614 1763 3671 dias

131 3704 204 3759 lacta
216 3714 277 3771 est;
296 3703 395 3759 uolnus
420 3700 527 3773 aperuit
539 3709 567 3757 et
581 3700 685 3759 sanitas
702 3700 792 3768 redit;
808 3701 857 3756 sed
869 3716 924 3756 non
973 3701 1091 3758 tbsatm
1113 3709 1216 3770 patrem
1231 3702 1390 3772 insequens,
1414 3703 1503 3773 primo
1516 3712 1598 3775 pater
1611 3705 1673 3778 ejus
1685 3706 1762 3763 deeli-

132 3798 182 3853 iuit
194 3800 237 3854 bis
246 3799 380 3870 Propheta
396 3806 550 3864 contentus,
564 3810 626 3852 nam
638 3803 700 3866 post
712 3795 924 3865 eorreptionem,
974 3807 1042 3848 nans
1056 3791 1125 3863 rugit
1144 3799 1206 3848 ante
1219 3790 1316 3847 taciem
1329 3792 1389 3862 ejus
1400 3809 1513 3851 securus
1526 3796 1559 3851 de
1570 3796 1707 3863 ιὶιιοιίι.
1718 3797 1761 3869 qui

132 3898 193 3961 post
203 3890 402 3959 poenitentiam,
425 3896 487 3958 post
504 3887 735 3953 emendationem,
749 3893 811 3957 post
825 3900 922 3956 pecca
973 3881 1122 3950 aspiciebat
1137 3880 1281 3950 imperium
1296 3881 1386 3952 perire
1398 3900 1405 3936 ε
1425 3897 1507 3952 quem
1519 3883 1606 3940 etiam
1620 3884 1696 3943 derit
1708 3902 1762 3943 tat·

131 3992 222 4036 torum
236 3980 443 4044 absolutionem,
457 3978 590 4048 psalmum
601 3978 637 4031 ub
651 3977 722 4033 banc
734 3991 844 4034 causam
858 3990 924 4032 con-
972 3985 1025 4043 gno
1039 3969 1122 4036 lucto.
1138 3977 1167 4025 et
1179 3971 1328 4042 deploravit
1342 3972 1445 4028 exitum
1460 3974 1616 4043 parricidae.
1629 3975 1762 4035 Sentitur

131 4070 252 4140 scripsit,
268 4070 305 4123 ita
317 4077 347 4123 ιιι
361 4067 443 4125 etiam
460 4074 574 4136 postera
594 4066 775 4136 generationis
791 4066 837 4122 ilat
851 4065 923 4122 illius
971 4060 1044 4116 enim
1066 4059 1167 4130 fugisse
1184 4060 1270 4116 Dauid
1290 4077 1304 4116 a
1328 4061 1397 4118 iacie
1419 4063 1545 4119 bellantis
1566 4066 1715 4123 adversm
1733 4080 1762 4123 η

130 4160 233 4230 passio,
247 4158 397 4221 medicina:
417 4163 448 4210 ιιι
459 4155 532 4210 iilius
548 4154 716 4226 oauiragium
727 4157 764 4212 sit
779 4156 840 4212 aliis
855 4172 921 4226 por·
972 4149 1057 4221 (Edit.
1073 4150 1137 4221 sibi)
1151 4150 1210 4205 sulii.
1225 4150 1259 4206 Et
1273 4152 1402 4223 quoniam
1412 4154 1542 4225 seriptum
1556 4164 1603 4213 eat
1617 4156 1653 4213 de
1667 4154 1761 4229 pupub

133 4260 195 4303 tus:
212 4255 241 4301 et
260 4247 358 4317 quibus
379 4246 426 4301 ille
448 4245 623 4312 uulneratus,
645 4246 816 4312 ernendatit,
832 4247 878 4302 alii
891 4247 920 4303 in
971 4240 1137 4298 Jerusalem:
1153 4241 1221 4314 (1³st
1234 4258 1255 4309 ¹,
1267 4242 1296 4315 ἲ)
1307 4241 1392 4298 Ft'h'vt
1404 4245 1512 4309 nutriti,
1524 4253 1549 4299 ιι
1558 4245 1761 4319 8531110ιῇἣᾶ

132 4337 229 4393 iisdem
253 4336 420 4401 incidentes;
448 4335 505 4406 ipsa
528 4336 633 4407 possint
655 4337 693 4391 uti
717 4336 868 4400 medicina,
890 4345 958 4425 ⁰⁸1)
973 4341 1196 4402 aero.spreaeruat
1209 4349 1259 4398 ate,
1276 4332 1348 4387 fliius
1361 4347 1426 4405 ergo
1437 4334 1495 4404 ejus
1513 4334 1616 4405 impius
1628 4336 1760 4410 signiter·

130 4427 319 4483 emendatione
328 4427 429 4482 sanari.
975 4430 1019 4476 tur
1032 4422 1145 4490 tropice,
1160 4421 1186 4477 it
1202 4428 1244 4477 est
1254 4421 1370 4491 populus
1383 4420 1525 4489 iudaicus,
1538 4426 1588 4495 qui
1602 4441 1669 4483 eum
1681 4428 1760 4485 tradi·

166 4517 307 4590 (Capiti.)
323 4516 439 4589 Fugiens
450 4518 534 4573 Dauid
545 4518 662 4574 Attalea
673 4517 759 4587 fitium
770 4534 858 4585 suum,
872 4535 921 4573 uu-
973 4513 1028 4569 dit:
1045 4511 1163 4568 Absalon
1177 4522 1277 4580 summ,
1292 4513 1363 4569 sicut
1375 4513 1485 4584 quidam
1497 4514 1708 4587 interpretatur,
1721 4519 1759 4575 itt·

129 4615 222 4684 disque
243 4612 352 4683 pedibus
374 4610 496 4666 incedent
519 4625 697 4681 transgressus
719 4619 757 4664 eat
778 4618 919 4665 torrenten:
973 4605 1102 4676 elligitur
1112 4607 1196 4677 patria
1207 4623 1270 4678 pas.
1283 4606 1359 4674 Quod
1372 4609 1470 4663 mirum
1484 4608 1595 4664 ridetur
1607 4610 1759 4669 inbbtor's

130 4705 244 4770 Cedros,
259 4714 284 4759 ιι
305 4713 413 4757 cunctata
435 4700 546 4772 papatus
560 4717 619 4755 aava
639 4716 680 4765 ιο,
703 4709 727 4755 et
749 4711 919 4770 perseueraret
971 4697 1198 4768 quemadmodum
1209 4699 1294 4768 patris
1303 4715 1356 4769 pax
1367 4700 1451 4771 possit
1462 4700 1585 4773 intelligi,
1598 4704 1647 4774 qui
1658 4714 1758 4775 patrea

130 4811 211 4866 usque
225 4793 368 4849 Baliarica..
385 4791 452 4846 Ecce
465 4806 582 4861 egressus
597 4790 698 4854 Serae,
713 4788 784 4858 fitius
805 4786 873 4845 Gera
887 4793 919 4845 tte
971 4788 1042 4845 bello
1053 4797 1211 4860 persecutus
1220 4798 1271 4846 est.
1282 4789 1335 4846 Sed
1345 4791 1392 4861 qui
1402 4790 1545 4863 diligenter
1554 4793 1591 4848 ad
1603 4793 1757 4867 allegorian

129 4890 283 4960 cognatione
296 4886 389 4941 :imaus
406 4884 482 4950 Saul,
502 4885 606 4940 ιιιίιιιιιι
616 4883 717 4954 lapidet
727 4924 736 4951 ,
748 4883 918 4939 maledicebat
972 4882 1124 4955 intendunt,
1142 4883 1288 4953 inspiciunt
1300 4882 1418 4939 tlbsalm
1435 4897 1497 4941 este
1514 4882 1682 4954 ierusalem,
1702 4886 1779 4959 qus'

132 4981 224 5052 lteram
241 4981 346 5034 diceet:
360 4977 491 5049 egredere,
508 4977 640 5048 egredere,
650 4977 690 5032 air
708 4978 876 5048 sanquinem,
895 4986 920 5032 ιι
970 4973 1052 5028 eriam
1065 4981 1094 5029 et
1108 4974 1167 5042 ipsa
1177 4989 1231 5044 pota
1244 4973 1448 5043 interpretatur,
1466 4989 1483 5030 a
1497 4974 1577 5045 crpus
1590 4975 1665 5035 fecie
1681 4976 1756 5035 cbri-

129 5072 169 5126 uir
182 5071 277 5126 Belial.
292 5070 307 5111 b
324 5088 333 5120 ι
350 5068 477 5138 Quisquis
500 5067 617 5124 fidelium
633 5068 729 5123 divinae
751 5068 845 5138 gratim
860 5067 920 5122 illu·
971 5071 1029 5119 stus
1039 5061 1116 5135 legit,
1125 5064 1233 5134 quando
1243 5079 1302 5119 eam
1312 5065 1439 5136 patiendo
1448 5066 1588 5133 deserens,
1596 5068 1625 5121 ln
1636 5068 1756 5140 gentibus

166 5222 374 5277 ulilimitatnm:
398 5222 425 5277 id
443 5230 487 5278 est
507 5236 638 5291 superans
653 5222 753 5277 limites
766 5221 843 5292 legis,
858 5237 918 5293 quae
972 5219 1065 5276 rumll
1119 5221 1413 5277 maecommodctian
1433 5224 1757 5295 potius'etiamquisse-

132 5292 327 5347 mortemioris
342 5307 395 5347 non
406 5292 588 5362 praecipiebat.
971 5292 1035 5346 tosti
1049 5235 1157 5347 emese
1167 5307 1182 5345 a
1193 5290 1300 5347 Pateria
1311 5292 1372 5347 lecti
1386 5292 1507 5348 nonnibil
1517 5293 1707 5351 differebanta
1717 5306 1757 5347 ne

166 5361 181 5401 b
197 5360 331 5416 Paterinm
346 5362 391 5416 bic
405 5362 535 5419 exscribit
557 5361 697 5427 tlaudios,
723 5362 837 5430 ideoque
850 5376 918 5417 non·
970 5362 1055 5417 stris?
1070 5360 1191 5415 Priorem
1208 5362 1369 5415 sententiam
1383 5370 1527 5432 postremas
1539 5364 1604 5420 bole
1617 5363 1743 5435 praism

131 5430 203 5484 nulla
217 5431 348 5501 adjungit,
383 5446 424 5486 nae
437 5431 639 5502 expressissime
654 5432 680 5486 in
700 5430 770 5487 libro
785 5447 838 5486 xxx
862 5432 917 5487 blo-
1006 5429 1231 5499 esubsequentia
1256 5432 1376 5487 inuenies
1395 5447 1469 5486 rrurn.
1485 5431 1536 5496 et,
1550 5432 1620 5489 allas
1638 5448 1702 5507 cap.
1716 5430 1749 5487 tt

131 5498 241 5563 talium,
266 5515 347 5570 quem
391 5507 492 5556 sterium
511 5500 624 5571 allegat,
646 5515 699 5555 non
722 5502 854 5557 inuenies.
875 5503 916 5557 An
970 5500 1033 5556 olim
1050 5499 1322 5564 intermuniat.
1342 5503 1428 5557 sancti
1441 5501 1578 5572 Gregorii.

131 5568 193 5635 quia
205 5568 328 5623 l’oterios
340 5568 428 5637 aliqua
443 5572 476 5625 de
490 5585 539 5625 suo
556 5571 661 5634 iusserit,
679 5572 783 5624 tametsi
793 5570 832 5625 Gr
865 5572 917 5625 orii
1004 5570 1016 5609 ‘¹
1035 5569 1097 5624 llaec
1109 5569 1254 5640 exscripsit
1265 5585 1296 5625 er
1307 5571 1410 5627 isidoro
1425 5570 1464 5642 [in
1478 5572 1523 5626 lib.
1536 5588 1556 5627 tr
1572 5572 1690 5647 Regum
1701 5586 1749 5643 rap

133 5637 222 5692 verbis
236 5637 464 5707 conjunctissima,
485 5648 514 5693 ut
536 5640 640 5694 scilicet
650 5639 822 5708 explicationi
837 5640 853 5695 li
875 5656 917 5694 ro-
970 5639 1000 5712 3]
1013 5638 1150 5695 Claudius.
