3832 6120
131 214 200 274 lO‘ii
687 213 849 275 hubenc!
869 215 879 270 l
897 212 1132 275 COGNOMENTO
1150 214 1192 273 ru
1700 222 1766 280 ldis

132 332 240 391 conctis
258 330 387 400 jubemus
409 337 441 384 ut
458 328 612 399 ubicunque
631 330 776 399 praedictus
793 345 921 386 numerus
935 352 959 413 Α
977 330 1105 402 Pippinus
1125 329 1262 402 quondam
1283 330 1417 404 gloriosus
1436 348 1495 397 rer,
1513 348 1567 388 uua
1584 347 1649 389 enm
1665 349 1770 391 nemo-

131 425 241 479 naviom
267 424 294 476 in
319 427 410 475 nostra
426 420 576 473 ministeria
589 421 630 474 vel
645 427 794 489 potestates
809 420 922 474 advene
973 432 1033 478 rato
1044 423 1158 494 praesule
1171 424 1329 479 monasterii
1344 422 1372 478 S.
1391 424 1508 480 Zenonis
1517 425 1687 482 contessoris
1696 427 1772 483 Chri·

132 515 180 579 rit,
203 512 306 567 nullum
327 508 474 572 teloneum,
497 523 594 577 neque,
618 511 690 579 qnod
710 510 790 581 uulgo
812 510 920 576 dicitnr,
973 515 1017 578 sti,
1038 514 1110 583 quod
1124 522 1166 567 est
1186 512 1364 568 constitutum
1384 513 1410 567 in
1422 514 1551 569 suburbio
1569 516 1710 586 praedictae
1730 519 1771 573 ci·

131 615 179 662 aut
198 601 384 672 cespitaticum
398 608 445 654 aut
469 599 653 665 salutaticum,
676 611 724 655 aut
745 601 919 664 cenaticum,
972 604 1074 669 vitatis,
1088 608 1213 674 tpropter
1237 603 1358 660 divinum
1383 618 1515 668 amorem,
1539 613 1569 660 et
1583 607 1771 661 reuerentiam

130 694 271 752 autullnm
285 706 406 756 censum,
427 692 469 746 nel
482 691 563 746 ullam
576 692 786 748 redhibitionem
802 707 836 749 ex
856 692 923 764 ipsIs
972 692 1076 766 praelati
1097 695 1204 765 patroni
1230 693 1443 750 reaedificassent
1467 701 1549 764 atque
1577 705 1771 763 renovassent,

129 800 271 842 assumere
290 784 464 853 presumatis
483 792 530 838 ant
554 793 681 839 exactare
694 783 816 850 laeiatis;
833 783 924 839 sedli-
973 795 1001 843 et
1014 786 1086 856 quod
1097 786 1161 841 olim
1178 786 1213 840 ab
1228 784 1382 841 infidelibus
1393 786 1548 842 hominibus
1562 797 1693 843 crustum
1706 788 1772 845 luis·

130 885 191 942 oeat
204 875 406 931 easdcmnares
434 875 508 930 omui
523 882 644 945 tempore
664 889 712 944 per
726 875 855 946 praedieta
874 873 924 929 llu-
973 889 1025 944 set,
1038 886 1066 934 ct
1082 877 1117 933 ab
1132 878 1258 933 omnibus
1271 877 1353 932 rebus
1364 877 1492 933 sibiolim
1511 878 1619 934 collatis
1631 895 1704 951 pene
1715 883 1771 952 pri·

129 972 215 1037 mina,
241 971 313 1026 sicut
336 969 461 1039 superius
489 969 640 1034 intulimus,
664 968 748 1024 libere
770 979 799 1024 et
823 969 925 1039 absque
973 978 1085 1037 vatum,
1109 968 1408 1038 namnequemonaehi
1423 967 1522 1024 ibidem
1543 969 1700 1024 consistere
1712 971 1771 1040 qui·

130 1061 184 1117 ulla
212 1059 405 1116 contrarietate
426 1058 591 1122 discurrere,
616 1066 644 1112 et
656 1058 765 1129 negotia
780 1072 829 1113 sua
844 1070 924 1128 pera-
974 1062 1050 1128 bant,
1067 1061 1114 1131 qui
1138 1060 1220 1116 horas
1241 1058 1386 1115 canonicas
1409 1067 1437 1114 et
1454 1058 1561 1113 dvinas
1581 1061 1772 1131 persolverent

130 1169 195 1226 gere
208 1160 235 1207 et
263 1153 297 1207 ad
318 1165 497 1222 quascunque
515 1149 640 1205 civitates
653 1148 696 1205 vel
717 1158 812 1220 portus
831 1163 925 1204 acces·
973 1151 1079 1218 laudes,
1097 1151 1150 1206 nisi
1171 1150 1313 1221 episcopus
1326 1150 1497 1221 depraedicta
1510 1149 1625 1206 civitate
1645 1153 1771 1208 sacerdo·

75 1233 76 1236 ’
131 1258 192 1298 sum
205 1241 360 1306 habuerint,
375 1240 422 1311 qui
434 1240 545 1295 easdem
556 1254 639 1295 naves
654 1240 798 1308 prouidere
812 1238 923 1304 debent,
974 1252 1016 1300 tes
1029 1243 1093 1298 illuc
1118 1241 1246 1307 mitteret,
1260 1257 1313 1297 non
1323 1248 1392 1305 erat,
1413 1241 1460 1310 qui
1476 1241 1587 1308 ibidem,
1614 1251 1645 1296 ut
1658 1243 1769 1313 dignum

130 1333 233 1388 nullam
254 1330 471 1401 inquietudinem
496 1336 544 1385 aut
570 1315 759 1385 detentionem'
779 1326 925 1398 ablaliquo
975 1341 1045 1398 erat,
1062 1332 1182 1388 divinum
1192 1330 1344 1388 celebraret
1355 1328 1474 1385 oldcium
1488 1348 1494 1384 ι
1509 1331 1581 1385 unde
1596 1330 1637 1386 illi
1650 1346 1702 1401 pro
1715 1333 1771 1389 ani·

131 1421 249 1477 tldelium
267 1429 423 1476 nostrorum
442 1417 669 1488 patiantur30sed
683 1432 731 1487 per
744 1417 925 1487 quodcunque
975 1440 1080 1480 marum
1100 1440 1211 1481 suarum
1234 1422 1417 1479 emolumento
1433 1423 1563 1492 quasdam
1586 1439 1645 1490 res,
1673 1425 1770 1495 quibus

130 1511 165 1568 de
176 1513 314 1582 praedictis
332 1509 490 1566 lluminlbns
510 1509 732 1579 remigraverint,
747 1506 832 1577 quieti
843 1514 925 1563 etse·
975 1515 1101 1573 monachi
1125 1524 1153 1572 ot
1176 1529 1310 1587 pauperes
1336 1512 1439 1570 Christi
1461 1513 1582 1570 subsidia
1615 1519 1769 1574 neccssaria

131 1606 188 1661 00οῑ
202 1620 264 1660 0010
279 1603 345 1673 005ῑῦ
358 1600 471 1656 ”ilibus
483 1609 511 1654 θῑ
522 1600 556 1654 ³¹⁵
567 1613 628 1669 (luae
638 1596 774 1662 deserum,
795 1611 846 1671 1³⁰¹
856 1609 926 1665 llfae·
976 1609 1076 1667 laturis
1096 1610 1263 1681 temporibus
1277 1607 1378 1665 habere
1397 1607 1558 1677 quivissent,
1583 1607 1620 1662 ad
1640 1624 1771 1664 nicanora·

131 1704 237 1750 sentem
250 1694 448 1750 ordinationem
462 1698 584 1746 nostram
604 1691 644 1745 ire
661 1698 688 1746 et
701 1689 791 1745 redire
803 1687 924 1743 ualeam.
940 1700 965 1761 Β
980 1707 1036 1756 pum
1056 1699 1145 1769 iocum
1172 1698 1306 1770 delegare,
1331 1705 1414 1767 atque
1427 1695 1592 1752 confirmare
1607 1695 1668 1752 lore
1678 1714 1770 1768 perpe·
1811 1741 1814 1744 .

131 1787 166 1841 Et
180 1786 204 1841 ai
218 1787 326 1855 aliquas
342 1799 434 1839 100000
454 1783 481 1837 in
501 1781 623 1852 quolibet
646 1781 706 1837 Ι000
731 1780 857 1847 ἡ000οῑ00
879 1789 926 1836 001
978 1789 1096 1854 tualiter,
1124 1803 1156 1843 ac
1169 1799 1338 1857 permanere.
1350 1784 1389 1839 lta
1407 1784 1538 1839 duntaxat
1549 1792 1582 1840 ut
1602 1800 1771 1858 quecunque

132 1877 235 1947 aliquid
249 1874 364 1932 mercati
377 1873 478 1929 luerint
489 1874 532 1929 vel
546 1871 727 1938 vendiderint,
747 1871 816 1927 nihil
829 1871 925 1938 abeis,
977 1896 1023 1936 res
1041 1881 1068 1935 in
1089 1879 1218 1935 comitatu
1236 1875 1386 1933 veronensi
1406 1890 1454 1946 per
1472 1875 1579 1946 singula
1600 1876 1672 1942 loca,
1694 1877 1771 1935 idest

132 1971 204 2026 sicut
231 1969 359 2034 diximus,
384 1966 540 2036 requiratur
562 1972 609 2020 aut
632 1973 781 2020 exactetur.
808 1963 837 2019 Si
850 1977 926 2027 sero,
950 1990 952 1994 ·
973 1944 1005 2025 in
1019 1969 1114 2041 primis
1128 1965 1349 2023 monasteriolum
1364 1965 1504 2019 inhonore
1520 1963 1549 2020 s.
1562 1964 1771 2022 Peirioemgm.

130 2062 205 2132 qnod
228 2061 309 2125 absit,
334 2058 473 2114 accidente
485 2056 606 2127 quolibet
621 2071 686 2113 casu
700 2065 748 2111 aut
763 2055 928 2127 negligentia
977 2069 1069 2126 etum,
1093 2059 1165 2129 quod
1188 2065 1361 2126 nuncupatur
1387 2054 1537 2109 llauratica
1555 2071 1621 2110 cum
1645 2058 1769 2113 omuibus

132 2150 329 2220 navigatorum,
340 2155 386 2201 aut
400 2154 481 2201 vento
492 2146 657 2217 impellente,
679 2146 749 2201 sicut
761 2145 928 2202 creberrime
978 2150 1141 2221 appenditiis
1164 2147 1230 2215 suis,
1255 2155 1283 2202 et
1306 2145 1419 2202 decimis
1434 2142 1582 2200 :similiter
1598 2145 1696 2203 inalio
1714 2148 1769 2203 looo

131 2243 289 2313 contingere
302 2241 380 2304 solet,
403 2239 493 2308 aliqua
508 2254 541 2293 er
561 2238 699 2309 praedictis
714 2238 829 2294 navibus
854 2252 928 2292 mer·
977 2243 1087 2314 quidem
1111 2239 1213 2297 Ostelia
1235 2240 1263 2293 in
1279 2236 1338 2307 jam
1363 2237 1435 2292 dicto
1455 2236 1587 2291 comitatu
1611 2236 1768 2304 Veronensi,

131 2335 200 2391 serit
217 2341 265 2388 aut
293 2331 414 2403 fregerit,
443 2338 491 2385 aut
515 2345 584 2385 caesa
607 2330 642 2384 ad
662 2331 739 2386 littus
759 2330 926 2401 pervenerit,
977 2348 1025 2389 scu
1040 2331 1153 2388 eeclesia
1172 2330 1201 2387 S.
1216 2329 1355 2385 Laurentii
1373 2344 1435 2384 cum
1457 2329 1587 2384 omnibus
1599 2331 1769 2399 pertinentiis

131 2442 211 2483 nemo
225 2441 285 2481 eam
300 2424 452 2488 destruere,
470 2429 516 2476 aut
528 2438 559 2478 ca
573 2438 634 2493 quae
647 2423 792 2479 intrasunt
803 2430 924 2489 vastare,
977 2427 1033 2483 suis
1051 2432 1080 2482 et
1100 2423 1221 2481 decimis.
1243 2423 1272 2479 ln
1294 2422 1376 2478 tertio
1396 2422 1457 2477 loeo
1470 2420 1498 2475 in
1520 2420 1619 2475 codem
1642 2422 1769 2477 comitatu

131 2516 291 2587 eutaquttld
306 2516 331 2570 vi
347 2515 469 2584 arripere
485 2523 646 2584 praesumam
678 2513 730 2569 nisi
746 2512 859 2569 sorlehl
880 2515 926 2586 qui
977 2517 1127 2576 Veronensi
1150 2514 1294 2572 ecelesiam
1315 2513 1441 2569 videlicet
1464 2513 1490 2568 in
1508 2515 1615 2570 lionore
1635 2509 1688 2570 SS.
1704 2531 1770 2570 mar·

131 2611 206 2680 ipsas
217 2623 300 2663 naues
313 2605 457 2677 providere
470 2603 579 2671 dehent,
590 2604 702 2675 propria
716 2603 856 2660 uoluntate
877 2604 928 2659 ali·
978 2618 1069 2681 cyrum
1094 2606 1180 2663 Firmi
1204 2612 1233 2660 et
1250 2604 1355 2660 Rustici
1370 2613 1555 2659 constructam
1570 2621 1634 2660 com
1648 2606 1769 2661 omuibus

132 2700 198 2772 quid
222 2699 288 2754 dare
308 2695 444 2752 voluerint
463 2693 554 2749 alicui.
579 2694 657 2761 Quod
683 2692 707 2749 si
730 2693 809 2749 aliter
828 2692 927 2749 alicubi
976 2696 1149 2773 pertinentiis
1168 2697 1237 2761 suis,
1261 2704 1343 2765 atquc
1370 2695 1494 2760 decimis,
1515 2710 1564 2751 seu
1591 2704 1620 2752 et
1646 2697 1769 2752 horreum

133 2793 235 2847 facium
259 2788 352 2854 tuerit,
375 2786 499 2858 magistri
521 2785 643 2841 locorum
664 2784 772 2840 illorum
789 2785 836 2855 qui
855 2798 928 2840 rem·
977 2791 1048 2847 inlra
1065 2790 1202 2847 civitatem
1221 2789 1357 2848 ,Veronam
1370 2787 1514 2843 eumareis
1528 2788 1589 2843 suis
1604 2788 1768 2853 incircuitu,

133 2882 270 2954 publicam
296 2893 443 2950 procurare
455 2886 618 2941 noscuntur,
632 2874 734 2946 absque
747 2873 839 2945 aliqua
858 2872 926 2928 dila·
977 2881 1090 2950 aliaeque
1104 2893 1149 2936 res
1174 2886 1231 2933 tum
1248 2877 1399 2933 incivitate
1412 2878 1529 2944 Verona,
1553 2892 1639 2948 quarn
1655 2888 1733 2935 extra
1745 2880 1768 2934 ia

133 2975 207 3029 tione
227 2969 412 3043 legaliterhoc
424 2966 570 3022 ernendare
584 2966 723 3022 studeant.
749 2962 813 3020 llaec
827 2965 927 3035 quippe
977 2971 1089 3044 singulis
1104 2971 1171 3027 locis
1188 2971 1222 3025 ab
1245 2967 1374 3024 dnselmo
1390 2969 1489 3023 comite
1508 2970 1649 3039 qarondam
1663 2972 1770 3042 praeep

133 3062 283 3118 arrctoritas
294 3068 324 3115 ut
338 3058 440 3114 nostris
454 3056 496 3111 rel
507 3056 607 3112 lutaris
622 3056 800 3125 temporibus,
814 3045 964 3111 llominoC
980 3063 1104 3121 coenohio
1119 3061 1248 3132 delegatae
1271 3067 1344 3126 sunt,
1367 3074 1415 3115 seu
1432 3066 1460 3115 et
1478 3074 1524 3116 res
1544 3060 1574 3115 in
1591 3060 1702 3128 honen,
1717 3077 1770 3133 que

132 3163 303 3227 protegente,
325 3153 414 3208 valcat
432 3154 594 3208 inconcussa
612 3167 735 3218 manere,
755 3152 856 3207 annulo
879 3167 927 3208 no-
980 3157 1152 3215 0hiataesunt
1165 3155 1200 3212 ab
1211 3152 1341 3225 Oniperto
1354 3154 1560 3225 presbytero...
1576 3171 1662 3226 quam
1676 3158 1704 3213 iu
1716 3157 1770 3217 aliis

133 3255 193 3303 stro
206 3244 300 3299 subter
311 3240 443 3311 iussimus
461 3241 584 3312 sigillari.
981 3247 1048 3303 locis
1060 3249 1202 3312 montium,
1215 3247 1272 3302 siue
1284 3244 1468 3316 planitierum,
1480 3245 1583 3302 hahere
1592 3262 1625 3302 ac
1637 3248 1771 3318 possidere

85 3367 88 3373 .
168 3336 267 3391 ilatum
278 3351 309 3390 ur
323 3334 387 3390 ldus
407 3332 569 3388 Novembris
584 3345 596 3373 ⁸
612 3333 759 3389 indictione
772 3332 800 3399 O,
812 3349 883 3389 anno
897 3335 926 3401 5,
980 3337 1159 3410 dignoscitur.
1176 3335 1210 3392 Et
1223 3337 1250 3392 ln
1270 3336 1401 3392 comitatu
1413 3335 1559 3393 licentiae
1584 3339 1690 3394 montis
1708 3339 1770 3395 scili

56 3462 60 3470 ·
133 3428 245 3485 Christo
254 3425 382 3498 propitio,
395 3424 750 3495 irnperiidonrinihudovici
762 3426 928 3481 serenissimi
980 3437 1025 3485 eet
1044 3428 1167 3484 Torcello
1188 3440 1258 3500 pago
1274 3427 1459 3493 venetiarum,
1489 3443 1538 3484 seu
1553 3437 1583 3484 et
1596 3429 1626 3483 in
1647 3430 1770 3486 comitatu

132 3519 259 3592 Augusti.
278 3520 375 3574 Actum
397 3515 563 3588 aquisgrani
576 3516 604 3571 in
620 3515 718 3586 palatio
733 3516 808 3588 regio
829 3516 858 3573 in
879 3517 928 3573 liei
981 3519 1151 3586 Terrisiano,
1176 3534 1208 3576 ae
1226 3519 1398 3586 Tridentino,
1422 3519 1575 3585 Brisciano,
1602 3519 1770 3593 bergomate,

134 3611 245 3667 nomine
254 3607 381 3665 feliciter·
981 3613 1137 3678 llantuauo,
1148 3610 1317 3678 Placentino,
1329 3610 1515 3677 ctParmcnsi,
1526 3609 1708 3679 Bonorricnsi,
1718 3612 1771 3669 Cle

426 3694 429 3699 ’
456 3694 599 3751 ffll'ffl·
981 3708 1089 3773 macho,
1104 3712 1244 3762 necnonet
1258 3705 1421 3760 inomuibus
1438 3703 1505 3759 locis
1524 3701 1649 3770 Tusciae,
1667 3705 1709 3761 rei
1731 3703 1770 3761 ubi

217 3805 268 3846 etto
280 3802 449 3846 tottstsstto
459 3803 553 3843 Sancti
569 3801 679 3872 0000010
692 3800 849 3846 00000000·
982 3797 1083 3868 aliquid
1094 3797 1128 3852 ad
1139 3795 1210 3850 idem
1219 3794 1357 3865 pertinere
1368 3791 1554 3862 supradictum
1568 3794 1769 3858 monasterium,

440 3879 527 3953 (Anno
540 3879 615 3953 815.)
981 3889 1024 3945 rel
1043 3887 1207 3958 pertinuisse
1230 3885 1370 3956 probatur.
1394 3883 1449 3940 Sed
1471 3900 1521 3955 pro
1536 3883 1681 3941 firmitatis
1695 3885 1770 3957 gratia

208 3975 337 4049 [Ugheili,
354 3973 437 4029 ltalia
458 3990 548 4040 socru,
567 3982 634 4029 torn.
650 3973 683 4038 v,
698 3989 759 4044 pag.
782 3971 857 4046 705]
981 3979 1060 4054 petiit
1078 3980 1218 4037 serenitati
1235 3987 1345 4041 nostra,
1369 3985 1400 4032 nt
1420 3985 1533 4048 patema
1552 3978 1720 4034 auctoritate
1734 3992 1773 4032 no·

170 4069 200 4126 ln
214 4069 325 4124 nomine
338 4066 444 4122 Domini
456 4067 504 4122 lici
514 4066 619 4131 aeterni,
635 4074 663 4120 et
678 4065 826 4123 salvatoris
843 4066 928 4123 nostri
982 4071 1047 4127 stris
1059 4071 1147 4127 denuo
1165 4070 1217 4141 piis
1238 4066 1356 4124 oraculis
1380 4067 1616 4124 confirmaremus.
1642 4067 1699 4125 Sed
1716 4066 1772 4138 quia

135 4158 198 4217 lesu
214 4159 326 4223 Christi,
338 4157 500 4223 bodonicus,
512 4157 603 4212 diuina
622 4158 765 4215 ordinante
786 4158 931 4230 provideb-
982 4178 1031 4236 pro
1043 4161 1160 4233 peccatis
1177 4160 1279 4215 nostris
1289 4157 1347 4228 lam
1359 4157 1460 4213 dictum
1474 4158 1680 4212 monasterium
1692 4155 1721 4212 S.
1732 4154 1776 4210 ze·

136 4251 185 4314 tia,
202 4250 350 4318 imperator
361 4246 523 4327 ›lugirstus⁸
983 4253 1062 4310 nohis
1085 4258 1210 4309 exustum
1235 4251 1324 4305 deriuo
1346 4256 1428 4318 atque
1445 4245 1567 4302 deletum
1581 4253 1627 4302 est
1645 4262 1709 4303 urm
1720 4244 1773 4301 aliia

172 4340 341 4410 imperialem
356 4339 486 4395 condecet
502 4340 733 4409 predecessorum
755 4355 867 4397 suorum
886 4341 931 4412 pie
983 4343 1148 4409 homiuibus,
1166 4351 1197 4398 ut
1214 4340 1340 4396 monachi
1360 4338 1458 4395 ibidem
1478 4336 1592 4391 minime
1611 4338 1772 4394 habitarent

136 4430 275 4485 laetanea
289 4429 375 4484 solum
388 4429 580 4486 inviolabiliter
590 4446 764 4498 conservare,
784 4432 831 4487 sed
845 4432 928 4488 etiam
982 4433 1064 4504 Citius
1074 4429 1262 4505 petitionijam
1282 4428 1346 4485 dicti
1359 4427 1482 4500 praesulis
1493 4427 1633 4498 denegare
1645 4429 1773 4490 nolumus,

137 4537 260 4580 censurae
275 4537 332 4576 suae
346 4523 507 4579 auctoritate
521 4523 649 4580 alacriter
661 4524 833 4580 confirmare.
845 4523 930 4580 idcir·
983 4525 1030 4582 sed
1044 4525 1081 4579 ita
1099 4523 1217 4589 anobis,
1229 4521 1301 4576 sicut
1316 4534 1331 4573 a
1346 4516 1468 4590 genitore
1487 4524 1586 4571 nostro
1600 4514 1707 4572 lactum
1721 4526 1774 4571 esse

137 4629 170 4669 co
182 4613 331 4683 comperiat
343 4614 465 4669 omnium
479 4613 598 4670 lldelium
610 4623 767 4670 nostrorum
782 4614 928 4680 industria,
983 4618 1136 4675 declaratur
1151 4633 1158 4669 :
1173 4615 1211 4670 ita
1231 4628 1281 4683 per
1308 4612 1358 4667 hos
1378 4606 1534 4678 imperiales
1555 4608 1654 4678 apices
1677 4616 1775 4663 nostm

136 4706 309 4775 praesentium
324 4706 439 4771 scilicet,
460 4713 541 4776 atque
562 4706 727 4772 futurorum,
748 4707 820 4777 quod
834 4706 929 4762 Rotal·
983 4709 1167 4774 concessisse,
1198 4715 1280 4776 atque
1308 4701 1483 4759 conllrmasse
1507 4699 1637 4753 omnium
1665 4697 1773 4754 fidelium

137 4795 188 4850 dus
203 4796 365 4850 venerabilis
379 4804 479 4851 sanctae
499 4795 623 4852 ecclesie
637 4795 802 4852 Veronensis
826 4797 931 4869 cpisco-
985 4809 1139 4856 nostrorum
1169 4801 1316 4868 eognoscat
1346 4788 1465 4848 solertia.
1496 4785 1623 4858 lienique
1645 4787 1773 4858 iubente

136 4902 250 4958 pusuna
261 4887 509 4944 conrdusterberto
521 4887 619 4942 abbate
629 4889 787 4945 monasterii
801 4887 830 4944 S.
846 4889 932 4944 Zeno·
984 4900 1066 4961 atque
1087 4886 1279 4950 decernimus,
1301 4892 1332 4938 ut
1355 4889 1600 4951 quantumcunque
1631 4883 1774 4932 memorata

137 4978 181 5032 nis
198 4976 294 5032 detulit
318 4977 395 5033 nohis
410 4978 481 5032 inter
500 4985 614 5033 caterae
630 4979 807 5034 auctoritates
828 4978 931 5034 domini
984 4981 1097 5039 ecclesia
1111 4978 1140 5035 S.
1155 4976 1272 5033 Zenonis
1286 4990 1335 5045 per
1349 4969 1520 5029 donationem
1533 4974 1675 5032 nostram,
1689 4965 1728 5020 rel
1742 4962 1775 5016 di

138 5075 166 5123 ot
184 5067 315 5140 genitoris
328 5068 415 5124 nostri
433 5067 522 5124 Caroli
535 5069 650 5140 piissimi
665 5069 735 5138 hug.
766 5069 810 5125 acl
828 5069 933 5140 praede·
982 5073 1045 5130 lecti
1059 5071 1180 5146 germani
1193 5069 1289 5134 nostrl,
1304 5082 1351 5123 seu
1363 5077 1480 5134 namque
1489 5068 1517 5117 et
1533 5059 1647 5116 Rotaldl
1661 5055 1774 5130 pmdietl

138 5173 278 5225 00000000]
301 5166 453 5213 nostrorum
476 5170 585 5230 regum,
606 5159 742 5229 quoddam
765 5166 931 5229 preceptum
982 5162 1112 5235 episcopi,
1127 5169 1286 5218 caeterorum
1299 5156 1417 5212 lldeiium
1429 5151 1588 5215 traditione,
1600 5150 1647 5206 rel
1663 5151 1776 5220 ipsorum

139 5252 174 5307 (¹0
188 5252 310 5323 80¹¹O⁰f⁰
332 5259 425 5307 00500
447 5249 648 5316 0000000000,
672 5249 700 5303 ῐο
719 5262 773 5318 000
791 5256 930 5302 efflatum
984 5262 1154 5323 comparato,
1169 5267 1216 5307 seu
1242 5247 1364 5318 quolibet
1382 5253 1503 5299 attractu
1521 5239 1595 5311 iuste
1617 5249 1648 5296 et
1662 5238 1776 5308 legaliter

139 5342 293 5413 reperimus
310 5341 427 5412 qualiter
452 5339 644 5396 dilectissimus
670 5352 815 5410 germanus
838 5344 933 5393 noster
984 5346 1085 5401 habere
1099 5341 1277 5414 dignoscitur,
1293 5338 1378 5394 autin
1393 5343 1472 5391 antea
1490 5333 1628 5390 bonorum
1641 5331 1776 5388 hominum

175 5465 189 5494 ⁸
207 5454 311 5509 Praeter
321 5470 398 5509 restim
413 5461 439 5508 et
453 5467 596 5523 perperam
606 5451 714 5506 additus
729 5455 771 5504 est
787 5464 874 5503 annus
889 5449 931 5505 in·
984 5458 1212 5526 batpostannnnr
1229 5449 1347 5521 imperii.
1366 5447 1489 5553 ”mill
1511 5443 1535 5499 si
1551 5458 1651 5525 uerum
1669 5448 1711 5496 est
1728 5440 1776 5519 bae

139 5524 305 5578 carnationis
322 5525 384 5579 8lO.
405 5523 473 5576 Nam
498 5523 714 5578 hudoi⁷icuslrnc
732 5535 803 5575 anno
821 5519 864 5573 die
880 5535 931 5573 un·
984 5527 1111 5597 diploma,
1141 5521 1332 5592 corrigendum
1354 5534 1423 5573 ariao
1447 5531 1591 5584 „inaperta
1610 5512 1655 5567 uel
1684 5518 1775 5565 tettttts

141 5592 246 5647 decimo
267 5593 425 5648 Norernhris
443 5593 605 5662 bqrrisgeani
627 5592 722 5646 adesse
744 5605 797 5645 non
821 5590 927 5657 potuit:
984 5613 1072 5654 annus
1094 5593 1256 5666 repetendus
1273 5606 1289 5647 a
1307 5603 1400 5648 racrrse
1414 5584 1570 5659 Septembri
1585 5583 1652 5641 anni
1664 5582 1725 5641 eta

140 5671 274 5735 praterea
294 5663 406 5719 indictio
419 5678 472 5729 noir
492 5678 541 5719 suo
551 5664 610 5720 loco
624 5663 750 5730 ponitur,
772 5659 835 5729 poni
849 5658 930 5716 debe·
