3832 6120
157 304 169 355 ι
175 309 186 355 t
601 302 633 359 S.
654 303 864 361 teobaudus
882 304 1071 363 cetscobtts
1089 304 1342 364 thebaltensis,
1753 312 1788 367 ιι

156 426 247 482 cogor,
262 423 290 463 et
305 407 330 464 id
340 410 448 479 qnidcm
460 408 550 464 acrius
564 426 595 464 ac
611 411 796 466 rclrcnrentios
812 427 892 480 quarn
907 411 945 465 la-
959 417 983 473 A
997 422 1114 484 quatuor
1127 414 1211 469 libros
1222 413 1354 469 Araralarii
1365 416 1397 470 de
1409 416 1506 471 divinis
1524 416 1639 484 Officiis,
1657 421 1787 478 lrartenns

156 492 229 538 ctum
240 487 281 533 cst
294 480 320 533 iu
334 479 494 533 cratitione
506 480 539 534 ad
558 480 670 550 lmpnm.
693 480 761 535 Nam
781 482 804 536 si
818 481 880 552 quis
893 497 942 535 ιιιι-
994 485 1124 542 ineditum
1138 502 1144 537 :
1157 485 1203 553 qui
1235 498 1332 540 noriam
1346 487 1425 539 inodo
1436 486 1470 541 ad
1486 503 1528 543 nte
1538 491 1702 557 pervenerit,
1716 506 1785 560 patri-

103 571 107 579 ·
156 566 236 621 qnam
252 550 369 618 scriptor
387 551 495 603 habitus
514 560 555 604 est
575 549 753 619 indiligenter,
775 550 801 604 id
821 549 944 621 prolecto
994 555 1034 610 cis
1047 553 1199 625 expediam.
1215 501 1303 609 Ἱιόιιι
1319 557 1360 608 nir
1381 557 1549 612 clarissimus
1570 559 1703 615 Antonius
1718 563 1785 616 l'ion

156 620 269 688 ιοιιιίιίῑ
291 618 450 689 beolario:
473 636 534 674 corn
558 631 662 673 certon
685 621 719 675 sn
742 620 843 674 nuttam
859 620 945 674 terme
996 624 1173 688 tterondtins,
1183 632 1211 677 nt
1222 633 1264 677 esi
1275 639 1361 693 proruo
1371 638 1435 694 erga
1447 627 1504 681 naec
1516 629 1604 682 startia
1616 630 1718 696 antimo,
1731 648 1786 686 ina·

157 693 254 745 lineam
274 703 334 743 esse
350 690 376 743 iu
396 690 514 744 editione
534 690 667 756 Massoni,
687 691 732 760 iqui
751 692 855 759 primus
870 691 944 744 illum
995 711 1056 751 curu
1068 694 1277 750 communicavit
1296 696 1423 749 schedam
1438 697 1597 766 qnamdam,
1618 700 1644 752 in
1659 716 1711 769 qna
1723 717 1787 756 eora-

155 760 250 824 cdidit‚
269 774 328 827 qne
344 775 396 813 non
408 759 508 830 aliquid
520 760 654 815 ibrersum
666 761 765 816 habeat
776 775 791 813 a
803 761 889 816 reteri
899 774 944 815 eo-
995 764 1131 820 tiaebatur
1145 763 1274 819 elenchus
1286 765 1474 820 nonnullarum
1487 766 1701 825 lucubrationum
1719 787 1786 839 qno·

157 832 216 885 dice
226 843 280 898 qno
293 829 433 884 blassonos
447 829 587 895 utebatur;
603 830 671 887 adeo
683 836 714 883 ut
727 829 829 900 Lupus,
843 829 944 898 alioqui
994 836 1118 889 rumdam
1144 843 1265 888 veterum
1292 835 1537 906 scriptorumque
1563 841 1681 893 inondum
1704 842 1785 895 edita

156 900 445 967 conspurcatissinms,
466 898 703 954 emendatissimus
719 899 803 954 luisse
822 899 946 954 videatur
995 902 1112 966 lacerant,
1137 911 1165 958 et
1188 912 1295 958 exstare
1321 905 1479 960 dicebantur
1501 921 1584 974 penes
1606 908 1785 964 clarissinnnu

155 971 182 1025 in
208 971 409 1038 eorrtparatione
427 970 571 1040 Agebardi.
590 969 683 1040 ltaque
699 984 761 1025 curo
783 984 879 1039 magna
894 969 945 1022 riri
997 973 1084 1026 airum
1106 971 1215 1026 Petrum
1229 973 1403 1029 Franciscnm
1422 974 1585 1031 Chillletium
1598 979 1785 1051 presbyterum

159 1040 232 1094 ιιιιι
248 1039 298 1102 sit,
311 1039 509 1109 plurimumque
525 1054 554 1093 se
567 1039 603 1092 illi
618 1039 716 1093 debere
729 1039 851 1105 quotidie
863 1037 945 1108 proti·
994 1041 1156 1097 esocietate
1177 1040 1251 1105 lesu,
1273 1043 1320 1110 qui
1334 1059 1404 1098 nune
1415 1044 1527 1100 birione
1541 1059 1736 1103 common-amr.
1753 1051 1787 1104 Ει

156 1119 264 1164 ιιιιιιιιι·
278 1109 401 1163 homines
416 1109 529 1171 eruditi;
545 1108 653 1176 plenum
664 1109 729 1162 aleae
742 1122 810 1176 opus
824 1122 856 1161 ac
868 1107 946 1174 plane
995 1121 1055 1166 erat
1067 1111 1184 1179 scriptus
1198 1111 1326 1166 elenchus
1339 1129 1419 1167 mann
1432 1114 1567 1170 Cbilbetii.
1581 1117 1649 1171 Tum
1664 1134 1678 1173 e
1698 1135 1714 1172 u
1728 1118 1787 1188 plu-

85 1231 89 1238 ,
154 1180 336 1250 periculosum
356 1179 420 1232 milri
448 1180 599 1247 suscepisse
620 1178 721 1241 videor,
740 1177 784 1246 qni
810 1177 946 1247 negligen·
995 1180 1095 1236 rinmm
1116 1180 1302 1236 conlidensde
1323 1182 1572 1249 lrumanitatcriri,
1594 1136 1787 1256 epistolariae

156 1250 222 1304 tiam
247 1248 305 1315 ejus
325 1248 510 1316 incoriamque
529 1249 642 1317 prodere
665 1247 865 1301 destinaverim.
893 1245 947 1301 Sed
995 1265 1057 1306 eum
1073 1249 1184 1319 scripsi,
1207 1265 1324 1320 eumque
1338 1253 1429 1322 rogari
1448 1260 1478 1307 ut
1494 1255 1647 1325 exeroplum
1666 1257 1788 1329 Agebar-

157 1331 247 1374 tamen
261 1319 305 1372 illt
321 1333 382 1388 spes
403 1332 446 1372 ιιι
463 1317 573 1379 solatur.
594 1317 665 1388 quod
686 1326 713 1371 1¹1
731 1317 816 1371 actui
833 1315 945 1381 Similes,
994 1320 1064 1376 dicre
1088 1319 1160 1375 illius
1178 1319 1379 1376 lucubrationis
1405 1321 1496 1377 adme
1514 1325 1644 1391 mitteret,
1670 1338 1698 1381 ιιι
1724 1343 1787 1382 cum

156 1391 241 1445 lector
254 1388 370 1453 erudite,
383 1387 481 1443 dabitis
494 1387 618 1443 lubenter
628 1388 735 1441 veniam
747 1386 811 1467 hdie
822 1400 887 1440 meae
899 1401 947 1439 ιιι·
995 1391 1102 1446 caeteris
1125 1389 1269 1444 clarissimi
1293 1391 1433 1461 scriptoris
1459 1391 1592 1461 Operibus
1617 1397 1659 1451 edi
1685 1408 1786 1466 posset.

155 1460 249 1524 dociae,
266 1460 391 1528 horaeque
405 1458 525 1511 laborem
538 1472 627 1511 meum
636 1456 705 1527 acqui
720 1457 837 1525 bonique
851 1471 947 1511 curisu-
996 1459 1073 1516 Fecit
1093 1459 1197 1524 lubens,
1210 1461 1345 1514 aestatim
1359 1462 1441 1515 misit.
1460 1460 1571 1517 iuterim
1583 1479 1615 1518 ea
1631 1465 1664 1519 de
1678 1482 1707 1520 re
1722 1468 1788 1521 seri·

156 1529 226 1594 letis,
249 1544 310 1583 cnm
330 1527 516 1585 intellexeritis
536 1526 715 1582 necessariam
733 1540 844 1595 prorsus
863 1525 947 1580 inisse
1006 1530 1036 1585 tsi
1051 1530 1086 1584 ad
1096 1529 1276 1584 clarissimum
1289 1530 1390 1595 rinrnr',
1407 1545 1460 1599 quo
1474 1546 1524 1603 ego
1539 1533 1627 1588 amieo
1641 1535 1787 1615 gloriabar,

157 1601 227 1654 hanc
244 1613 338 1653 curam
358 1613 461 1662 meam;
476 1597 503 1651 id
517 1597 588 1666 quod
602 1595 681 1651 facile
697 1596 745 1650 tibi
761 1596 946 1666 persuadebis,
996 1546 1173 1654 lancisam
1191 1597 1360 1654 Selleiselum
1378 1598 1541 1669 Clapierium
1561 1604 1702 1672 patricium
1721 1606 1790 1676 Lng-

158 1670 253 1733 leetor,
271 1676 413 1739 postquam
431 1682 464 1722 ea
484 1666 626 1723 collatione
638 1665 720 1734 hujus
733 1674 833 1721 nostre
848 1665 947 1720 editio·
997 1669 1154 1733 dunensem,
1175 1669 1221 1740 qni
1242 1683 1357 1738 nupere
1377 1669 1433 1741 rita
1451 1670 1568 1726 excessit
1590 1673 1661 1740 apud
1681 1673 1802 1744 Lugdu-¹

156 1740 199 1794 nis
222 1753 284 1793 eum
308 1737 477 1792 llassoniana
500 1736 643 1808 agitareris
670 1751 751 1806 quarn
779 1732 947 1790 deformatos
964 1767 984 1827 B
998 1755 1071 1793 num.
1085 1738 1109 1793 ls
1118 1753 1184 1809 erqo
1195 1753 1257 1794 cum
1272 1737 1450 1795 intellexisset
1459 1747 1576 1796 veterem
1585 1742 1705 1797 codicem
1719 1744 1790 1798 unde

157 1818 235 1864 antea
257 1807 480 1876 decoloratusqne
495 1805 576 1862 luerit
596 1805 764 1877 Apobardus,
782 1805 946 1860 innumeris·
999 1807 1148 1864 Chillletius
1162 1809 1234 1864 hunc
1255 1807 1354 1863 librum
1369 1809 1558 1878 descripserat,
1584 1819 1692 1866 exstare
1706 1812 1732 1866 in
1748 1812 1790 1866 bi·

157 1893 210 1948 que
222 1878 416 1948 propemodum
429 1876 495 1933 locis
507 1877 608 1931 rideris
620 1875 806 1931 emendatum.
999 1878 1134 1934 bliotheca
1147 1879 1220 1935 Petri
1242 1878 1376 1933 blarnaesii
1391 1881 1526 1935 senatoris
1546 1879 1788 1950 Gratianopolitani

194 1947 293 2002 llarnos
314 1948 396 2019 igitur
424 1947 472 2003 tibi
494 1962 592 2002 noram
619 1946 753 2017 Agoltardi
781 1944 947 2012 editionem,
998 1948 1177 2017 canonicique
1195 1948 1370 2014 Viennensis,
1388 1950 1439 2004 viri
1460 1950 1603 2005 clarissimi
1624 1967 1656 2005 ac
1677 1952 1790 2007 nobilis-

157 2018 326 2074 emcndatam
341 2018 375 2073 ad
387 2016 467 2072 sidem
478 2016 578 2072 codicis
593 2031 647 2087 quo
665 2015 805 2070 blassenus
816 2024 857 2070 est
873 2031 946 2079 usus,
999 2018 1070 2084 simi,
1086 2034 1118 2073 ac
1131 2018 1215 2074 divini
1226 2019 1390 2087 humanique
1401 2018 1482 2089 juris,
1494 2028 1524 2074 ιιι
1537 2021 1673 2075 scribebat
1684 2020 1789 2090 Clapic-

156 2104 237 2158 qoem
263 2087 340 2143 nobis
370 2102 403 2142 cs
433 2086 596 2142 bibliotheca
622 2084 706 2156 Regia
732 2084 949 2140 ‘subministravit
1000 2088 1065 2154 rius,
1080 2087 1277 2153 callentissimi,
1292 2103 1354 2143 eum
1368 2088 1553 2144 adsedelcrri
1564 2091 1669 2144 curarit
1682 2090 1790 2161 Lugdu-

158 2159 200 2212 rir
213 2157 412 2212 illustrissimus
432 2155 558 2212 Nicolaus
576 2154 717 2210 Colbcrtus
731 2155 873 2225 episcopos
894 2155 948 2209 Lo·
999 2174 1082 2224 nuru,
1099 2166 1127 2213 et
1139 2158 1203 2212 binc
1225 2156 1358 2212 Lutetiam
1381 2158 1416 2214 ad
1431 2174 1475 2213 me
1489 2160 1580 2213 statim
1594 2174 1644 2229 pro
1658 2175 1706 2214 sua
1725 2175 1790 2230 erga

156 2228 301 2282 cioncnsis.
328 2228 367 2281 dc
393 2241 426 2281 ue
449 2227 510 2297 quis
528 2225 631 2281 dubitet
652 2225 716 2295 quin
736 2226 759 2280 is
780 2225 815 2280 sit
835 2224 949 2294 siremps
999 2242 1042 2282 ιιι
1059 2228 1178 2283 ιιιιιιίιιι
1193 2226 1352 2291 transmisit,
1365 2236 1468 2283 utmox
1483 2229 1581 2283 dicam.

158 2297 272 2352 llassoni
300 2297 383 2360 liber,
402 2297 459 2352 baec
480 2296 507 2351 in
532 2294 621 2352 lroote
638 2295 740 2351 codicis
762 2294 862 2418 scripta
886 2303 950 2350 sont
1033 2297 1178 2353 Errirnrem
1202 2296 1328 2368 putabam
1351 2298 1422 2352 hanc
1446 2298 1591 2354 editionem
1606 2313 1686 2367 posse
1708 2299 1790 2368 incipi

160 2382 240 2422 marm
267 2366 363 2421 illustr.
384 2367 433 2421 viri
453 2365 510 2422 lac.
527 2365 642 2438 Augusti
665 2366 792 2420 Thurini:
829 2364 855 2418 'a
875 2363 949 2419 libris
999 2368 1090 2422 statim
1102 2376 1164 2436 post
1181 2367 1294 2432 Pascha,
1311 2381 1342 2421 ac
1356 2367 1449 2435 perlici
1464 2368 1571 2422 demum
1587 2382 1680 2424 ruiense
1698 2368 1789 2424 Junio.

162 2435 265 2506 Papirii
280 2436 408 2492 llossuni.
425 2437 492 2490 Tum
508 2452 588 2491 anano
603 2433 714 2490 loannis
730 2435 857 2506 baptistae
877 2434 949 2488 hlas-
999 2436 1053 2492 Sed
1067 2450 1130 2506 spes
1143 2436 1260 2490 habendi
1273 2435 1374 2491 codicis
1389 2435 1570 2503 Marnaesiani,
1585 2453 1666 2507 quam
1686 2447 1789 2493 certam

157 2507 226 2571 soni,
243 2507 287 2576 qni
299 2506 396 2561 librom
408 2506 482 2561 illurn
492 2505 662 2561 bibliothecae
676 2504 766 2575 Regiae
780 2506 851 2559 dono
862 2504 947 2568 dedit,
999 2504 1115 2560 iaciebat
1127 2504 1287 2586 Clapierius,
1300 2520 1404 2560 moram
1417 2506 1480 2561 huic
1490 2509 1599 2576 nogotio
1612 2507 1712 2561 attolit.
1738 2506 1790 2562 hc·

158 2581 210 2631 ista
235 2576 346 2632 totidem
373 2577 471 2632 litteris
491 2575 594 2644 atljecta
612 2582 676 2629 sunt
700 2593 705 2627 :
731 2573 796 2629 ιιιι
816 2573 950 2644 Apobordi
999 2574 1082 2632 cessit
1098 2575 1161 2630 huic
1173 2575 1344 2631 rocontmodo
1358 2574 1553 2630 malummulto
1566 2577 1684 2646 gravius,
1696 2578 1791 2646 ingens

157 2663 235 2716 opero
250 2661 301 2699 ms.
322 2663 338 2698 o
354 2645 461 2715 l'opirio
478 2645 601 2700 Massono
619 2646 648 2698 in
660 2643 743 2698 lucem
754 2644 835 2708 edito,
850 2641 884 2696 od
896 2659 950 2696 mo·
998 2646 1139 2702 oculorbm
1154 2645 1275 2709 morbus,
1298 2644 1420 2714 adeoque
1441 2646 1540 2714 gravis,
1554 2655 1583 2700 ut
1597 2647 1679 2701 etiam
1693 2648 1790 2700 tituen-

156 2718 243 2786 jorem
267 2715 339 2769 illius
361 2717 483 2769 editionis
493 2715 581 2837 pidem
603 2713 764 2768 bibliothece
780 2712 867 2783 Reqioe
880 2712 949 2768 dodo
999 2715 1063 2771 dum
1078 2714 1144 2770 mihi
1167 2713 1247 2768 luerit
1259 2729 1293 2769 nc
1304 2715 1396 2769 oculos
1409 2714 1560 2784 perderem,
1576 2724 1623 2769 aut
1642 2716 1737 2770 saltem
1752 2716 1791 2768 al-

157 2786 218 2840 dedi
230 2801 275 2866 epo
290 2784 371 2838 Joorr.
385 2784 463 2855 Brut.
479 2784 494 2838 ι
509 2801 629 2847 ossoous,
638 2784 704 2904 repis
716 2782 947 2852 eleemosynarius,
999 2794 1133 2841 teratrum
1144 2784 1307 2838 amitterem.
1324 2784 1376 2839 Sed
1388 2785 1435 2839 [lei
1449 2785 1619 2853 providentia
1633 2784 1792 2840 factumest

159 2855 261 2924 Papini
278 2855 371 2924 frater,
389 2870 434 2909 ιιιι
456 2852 531 2916 lolii.
547 2871 616 2908 onrro
628 2871 657 2907 so
671 2855 722 2907 ctis
734 2851 872 2906 millesimo
889 2868 949 2906 sea·
1000 2864 1030 2910 ot
1053 2855 1116 2910 hnic
1137 2869 1172 2922 qn
1212 2869 1244 2908 ue
1262 2853 1333 2909 malo
1356 2853 1418 2908 finis
1433 2863 1540 2923 optatus
1563 2855 1682 2909 daretur.
1699 2855 1793 2924 ltaque

157 2927 297 2979 centesimo
321 2925 421 2978 decimo
452 2932 552 2978 octono.
584 2923 622 2977 La
646 2921 762 2979 Messoa.
788 2920 865 2988 Quod
891 2921 951 2977 ideo
999 2933 1141 2996 postquam
1156 2939 1189 2978 ιι
1221 2924 1792 3005 aeaegritudineernersi,ncqoeenimau-

160 2996 247 3049 risum
259 3002 301 3050 cst
313 2996 490 3060 adnotarent
501 2993 625 3049 omnibus
637 3000 742 3048 constet
750 2991 820 3047 hanc
830 2997 950 3046 nostram
999 2996 1050 3050 deo
1072 2996 1163 3050 dicere
1177 2993 1346 3049 convaluisse
1358 3009 1412 3060 me,
1428 2993 1533 3049 delatus
1554 3004 1596 3049 est
1615 2995 1648 3050 ad
1663 3008 1706 3048 me
1722 2992 1793 3050 liber

156 3065 304 3120 editionem
316 3079 376 3120 esse
390 3072 563 3135 procuratam
574 3063 607 3117 ad
619 3062 698 3118 iidem
713 3061 892 3132 ejusdennnet
903 3076 949 3116 co·
1001 3064 1144 3129 harnesii,
1165 3065 1188 3120 is
1202 3064 1259 3134 ipsc
1279 3064 1405 3118 nimirum
1438 3063 1658 3120 uemeillletios
1675 3064 1789 3118 viderat.

159 3134 227 3190 dicis
238 3149 291 3204 quo
303 3133 443 3190 llassonus
457 3133 590 3188 utebatur.
603 3131 727 3204 Magnam
740 3147 822 3202 porro
834 3105 985 3202 gratiamC
1001 3134 1067 3190 Nam
1083 3136 1111 3190 in
1131 3149 1164 3189 eo
1189 3134 1319 3215 seriptum
1343 3142 1402 3188 erat
1419 3079 1520 3188 (librum
1536 3134 1619 3190 luisse
1639 3149 1673 3188 ιι
1693 3133 1791 3187 biblio-

158 3204 395 3260 debcmusomnes
409 3204 542 3269 llassono,
557 3204 592 3259 ob
610 3211 749 3259 serratum
762 3200 947 3273 agobardum.
1001 3206 1078 3262 tbeeu
1108 3205 1265 3259 monasterii
1290 3202 1490 3259 bonevallensis
1518 3205 1544 3258 in
1572 3203 1682 3260 dioecesi
1711 3203 1792 3257 l'ien-

159 3274 227 3328 Nam
242 3290 303 3328 cnm
318 3273 350 3339 is,
366 3283 394 3328 ut
407 3274 464 3345 lpse
481 3273 575 3329 scribit
589 3274 615 3327 in
626 3272 738 3397 epistola
750 3273 785 3327 ad
799 3268 949 3327 Ecclesiam
1000 3275 1087 3331 nensi.
1105 3274 1195 3328 Prima
1205 3289 1270 3344 ergo
1281 3274 1346 3329 mihi
1362 3289 1426 3327 eura
1442 3271 1492 3328 luit
1503 3282 1533 3328 ut
1545 3273 1642 3328 librum
1654 3273 1791 3343 Agobardi

159 3342 377 3414 Lugdunensem,
390 3343 512 3415 Lugduni
526 3344 552 3397 in
562 3343 623 3399 rico
652 3342 766 3398 lercium
780 3341 864 3396 libros
878 3356 950 3412 quur-
999 3345 1131 3401 adversus
1142 3344 1309 3400 Amalarium
1320 3342 1469 3399 conferrem
1482 3358 1543 3398 cum
1553 3344 1707 3413 apographo
1718 3341 1793 3396 Chil-

159 3422 242 3479 reret,
253 3421 280 3469 et
292 3413 361 3484 apud
373 3421 569 3485 compacturem
582 3413 712 3469 librorum
724 3420 880 3467 uersaretur
890 3410 949 3481 ejus
999 3412 1080 3480 betii3
1093 3423 1161 3479 tum,
1173 3423 1203 3469 ot
1217 3414 1316 3469 librom
1328 3415 1361 3468 de
1374 3412 1513 3482 privilegio
1525 3422 1553 3467 et
1561 3413 1622 3482 jure
1636 3410 1790 3480 sacerdotii.

158 3485 198 3538 rei
214 3499 305 3547 eausa,
331 3493 538 3553 compactorqoe
560 3482 604 3538 ille
625 3480 761 3554 Agobardi
779 3482 901 3537 codicem
921 3481 949 3535 in
1018 3484 1045 3539 ui
1058 3485 1085 3539 in
1098 3499 1131 3539 eo
1145 3498 1252 3553 qnoque
1268 3484 1360 3539 codice
1372 3483 1489 3552 scriptus
1507 3492 1581 3546 erat,
1597 3498 1657 3537 cnm
1675 3482 1792 3536 editione

160 3553 325 3608 irrenrbranis
339 3553 518 3624 perscriptum
532 3552 669 3608 ueteribus
681 3553 752 3606 notis
762 3552 893 3606 dilaniare
902 3565 950 3621 pa·
999 3498 1117 3610 §lassum
1132 3553 1258 3609 similiter
1275 3553 1436 3608 conferrem.
1461 3551 1567 3607 Contuli
1589 3553 1682 3616 etiarn,
1698 3560 1727 3604 ot
1742 3552 1793 3605 boc

158 3632 233 3678 ratos
248 3633 336 3689 esset,
359 3624 473 3678 cultrum
496 3636 528 3676 ue
542 3625 576 3678 ad
589 3636 650 3676 eam
664 3621 850 3677 carnificinam
867 3636 949 3675 manu
1001 3639 1109 3750 quoque
1134 3623 1222 3678 obiter
1253 3638 1389 3688 moneam,
1417 3622 1544 3691 epistolas
1570 3621 1641 3676 driti
1673 3621 1793 3701 episcopi

160 3701 274 3758 teneret,
295 3693 377 3748 vitam
391 3693 429 3747 illi
444 3709 458 3746 ι·
492 3693 556 3748 emit
577 3691 732 3757 Massones,
754 3698 896 3746 numerato
911 3690 949 3745 ri·
1026 3693 1164 3748 leunensis
1179 3709 1239 3748 cum
1255 3693 1373 3748 editione
1388 3691 1543 3755 sirmondi,
1568 3692 1671 3746 meliori
1688 3695 1793 3745 lortcao

159 3763 258 3818 delicet
270 3763 361 3834 pretio
373 3763 445 3820 libri.
1000 3764 1061 3819 luce
1074 3764 1218 3834 aliquando
1238 3761 1386 3817 donandas.
1409 3762 1441 3816 Et
1462 3779 1514 3817 non
1527 3764 1563 3816 ita
1580 3762 1663 3816 inulto
1677 3769 1737 3829 post
1753 3775 1794 3812 rc-

193 3833 327 3889 Preterea
342 3833 528 3889 admonendus
541 3847 581 3900 es,
603 3834 697 3898 lector,
718 3847 771 3887 nun
793 3831 861 3886 adeo
874 3845 950 3887 scru-
1000 3834 1100 3890 missns
1123 3842 1166 3889 est
1183 3833 1250 3888 liber
1272 3832 1306 3888 ad
1328 3830 1502 3901 Clapierium,
1520 3832 1628 3887 donnino
1653 3846 1701 3886 sno
1721 3831 1792 3885 bona

157 3903 279 3974 polosum
296 3905 307 3959 ι
309 3905 380 3959 nisse
391 3920 433 3959 me
449 3905 476 3959 in
489 3904 540 3960 hac
553 3903 682 3968 editione,
694 3910 724 3957 ut
738 3918 792 3957 non
812 3900 948 3957 interdum
1001 3903 1053 3959 fide
1068 3903 1230 3959 reddendus.

157 3985 294 4028 auctorem
305 3974 375 4030 laune
386 3983 507 4028 nostrum
518 3975 716 4030 emendaverim
727 3988 760 4028 ex
774 3972 890 4044 ingenio,
903 3971 949 4027 obi
1035 3973 1133 4030 Addidi
1156 3985 1246 4028 autern
1269 3973 1332 4029 bule
1357 3972 1486 4037 editioni,
1502 3987 1535 4026 ne
1555 3972 1618 4040 qoid
1639 3971 1681 4025 liic
1701 3969 1795 4023 deesse

112 4057 119 4067 “
157 4045 265 4098 occasio
280 4044 351 4109 tulit,
366 4043 459 4108 idest,
475 4043 519 4097 ubi
537 4045 643 4099 turbata
661 4040 949 4111 ridebaturllgobordi
1000 4045 1129 4128 conqueri
1151 4043 1265 4125 posses',
1287 4043 1382 4105 lectur,
1399 4042 1538 4111 epistolam
1557 4041 1656 4109 Papirii
1675 4038 1792 4118 llassoni

158 4113 290 4168 sententia
306 4115 333 4168 in
354 4113 438 4168 reteri
459 4113 568 4177 codice,
589 4109 796 4180 emendatiuque
815 4108 903 4164 facilis
923 4117 952 4162 et
1000 4114 1034 4168 ad
1056 4113 1205 4168 hcclesram
1229 4113 1447 4181 Lugdunensem,
1472 4112 1590 4177 itemque
1607 4109 1795 4177 praelationem

158 4183 238 4237 obvia
258 4191 327 4238 erat.
346 4182 419 4250 Quos
434 4195 543 4237 errores
554 4196 615 4236 com
629 4180 731 4235 librarii
745 4193 806 4234 esse
818 4178 948 4241 riderem,
1001 4182 1059 4271 epus
1070 4182 1104 4235 ad
1118 4182 1140 4233 Α
1160 4181 1304 4243 obardurn,
1318 4188 1345 4233 et
1358 4180 1497 4248 synopsim
1516 4177 1635 4248 Operum
1648 4175 1794 4246 agobardi.

158 4267 210 4307 non
234 4267 298 4308 rero
312 4252 466 4324 Agabardi,
485 4252 615 4321 optimum
631 4250 703 4304 lactu
717 4249 809 4319 putatd
827 4247 850 4302 si
871 4247 948 4301 tulle-
1003 4252 1103 4306 lerum
1126 4196 1192 4305 illud
1205 4257 1231 4303 te
1245 4263 1356 4302 monere
1372 4249 1473 4312 velim,
1489 4247 1624 4316 permulta
1638 4262 1698 4301 esse
1711 4247 1737 4299 in
1753 4246 1796 4299 bis

157 4337 215 4378 reru
228 4340 234 4375 :
247 4338 296 4378 nec
311 4332 377 4392 puto
390 4337 570 4392 quemqnam,
587 4320 630 4376 cui
645 4334 722 4375 meas
734 4333 800 4375 sana
815 4317 867 4382 sit,
879 4330 951 4388 aegre
1002 4319 1119 4375 llassoni
1132 4318 1373 4382 lucubrationibus,
1389 4333 1448 4386 quae
1464 4331 1551 4385 neque
1565 4317 1726 4370 conreninnr
1740 4330 1797 4368 mo·

160 4393 289 4447 laturum.
308 4395 467 4462 erauquam
482 4391 504 4446 si
525 4389 678 4446 emendatio
692 4389 825 4460 quapiam
838 4388 877 4442 sic
890 4395 950 4440 ten·
1004 4391 1080 4445 ribus
1094 4389 1184 4445 seculi
1205 4387 1378 4459 Agabardici,
1400 4403 1486 4456 mque
1506 4394 1658 4456 corrgrnnnt
1677 4385 1798 4440 historiae

159 4472 216 4517 tata
239 4463 378 4518 rideretur
401 4461 514 4530 alicujus
539 4460 689 4526 momenti,
711 4474 764 4514 ιοιι
785 4456 951 4513 dissimulari
965 4455 992 4516 Ι)
1005 4459 1111 4514 illorum
1126 4467 1287 4528 temporum.
1302 4455 1355 4513 Sed
1373 4460 1430 4512 bace
1445 4458 1479 4511 ad
1497 4457 1587 4509 rivum
1602 4465 1729 4510 excercere
1747 4471 1796 4534 ιιι·
1834 4475 1838 4484 ’

157 4533 375 4588 emendationem
396 4547 458 4588 esse
482 4546 586 4596 meam,
606 4546 640 4586 ne
658 4543 738 4602 quem
760 4529 804 4585 bic
817 4527 954 4596 deciperet
1004 4530 1112 4585 luimus.
1133 4526 1161 4584 Si
1190 4528 1255 4598 quid
1278 4537 1366 4582 minen
1390 4528 1446 4582 illic
1474 4527 1609 4594 repereris
1637 4527 1708 4595 quod
1726 4534 1798 4579 nous

157 4602 256 4660 retnsti
272 4603 374 4659 codicis
387 4603 543 4658 auctoritas.
557 4601 696 4671 Praecipue
710 4614 775 4655 vcro
789 4599 860 4653 hauc
874 4610 953 4666 regu·
1004 4601 1106 4656 nostris
1119 4599 1286 4655 eontrarium
1309 4598 1355 4663 sit,
1370 4598 1527 4653 existimare
1546 4597 1656 4651 onimno
1671 4594 1753 4650 debes
1772 4593 1798 4647 id

158 4672 212 4727 lant
226 4680 383 4736 constanter
397 4688 430 4727 ac
443 4687 548 4728 summa
563 4670 616 4726 lide
628 4669 734 4726 servan
745 4670 771 4724 in
784 4667 862 4724 libris
873 4666 953 4722 editis
1004 4679 1090 4726 totum
1105 4685 1166 4725 esse
1178 4667 1345 4725 eontrarium
1359 4667 1478 4723 recitati.

158 4743 186 4797 in
201 4758 280 4798 carisa
292 4742 397 4798 discidii
416 4743 485 4796 inter
495 4740 659 4796 Lndorieum
672 4739 749 4794 Pium
761 4738 951 4809 imperatorem
1039 4738 1104 4795 ιιιιι
1122 4747 1197 4804 aurat,
1219 4737 1314 4801 lector,
1335 4739 1369 4792 de
1392 4739 1490 4807 quibos
1512 4744 1539 4790 tc
1562 4734 1723 4789 monendum
1739 4745 1799 4786 esse

159 4812 282 4882 liliosqoe
300 4812 367 4882 ejus,
379 4826 447 4880 qnos
459 4811 543 4866 libros
555 4809 695 4866 ertrendari
712 4808 746 4863 ad
759 4808 840 4863 tidem
851 4806 954 4863 codicis
1022 4812 1106 4866 utari.
1123 4811 1204 4865 Vides
1221 4816 1312 4863 autem
1334 4808 1399 4862 dare
1415 4822 1459 4861 me
1471 4805 1564 4861 scdulo
1577 4819 1688 4873 operam
1704 4817 1738 4856 nc
1751 4800 1796 4853 lal-

160 4883 353 4952 mannscripti;
369 4889 416 4935 aut
429 4882 452 4936 si
467 4882 531 4950 quid
549 4896 582 4934 ex
596 4889 705 4949 recepta
720 4879 834 4934 lectione
848 4876 951 4931 ιιιιιιιιι
1004 4826 1057 4936 Eun
1075 4879 1305 4951 exspectationem
1329 4887 1411 4933 tuom.
1428 4876 1494 4930 Nam
1517 4875 1562 4944 qui
1581 4874 1705 4943 proxitno
1729 4884 1800 4924 anno

169 4953 267 5023 noprio
281 4963 376 5014 marte,
386 4966 440 5006 noo
456 4951 527 5006 tacui
543 4951 614 5005 inter
626 4959 712 5005 ιιοιιιι.
728 4948 781 5004 lies
794 4951 866 5004 euim
878 4946 952 5001 rtde-
1007 4951 1187 5022 promiseram
1208 4963 1293 5004 noras
1315 4949 1448 5002 editiones
1471 4944 1660 4999 nonnullorum
1678 4949 1800 4995 veterum

159 4969 240 5076 luatur
252 5038 312 5078 esse
326 5021 415 5094 anagni
428 5021 569 5077 momenti.
1007 5021 1182 5091 scriptorum,
1198 5029 1226 5075 et
1243 5020 1270 5073 in
1285 5019 1327 5073 bis
1337 5015 1482 5089 leobardi,
1499 5014 1580 5068 iidem
1601 5027 1698 5071 naeam.
1719 5025 1800 5078 quarn

195 5092 310 5147 Enlribet
335 5101 426 5147 antem
451 5092 510 5146 baec
527 5089 620 5154 editio,
635 5097 744 5217 ipreter
762 5087 953 5161 vulgatasjam
1008 5092 1058 5145 tibi
1081 5091 1242 5147 obstrictam
1264 5088 1396 5155 sciebam,
1417 5084 1459 5143 rel
1476 5085 1525 5140 bae
1544 5082 1661 5139 editione
1686 5080 1801 5136 liberare

159 5160 222 5216 olim
236 5162 372 5234 agobardi
397 5159 634 5229 lucubrationes,l
664 5175 724 5217 rum
744 5159 804 5232 ejus
824 5159 956 5216 adversus
1008 5159 1091 5216 rolui.
