3832 6120
165 269 219 328 sss
630 266 757 323 ustus.
779 267 812 322 ΙΝ
832 265 939 322 svtst.
961 266 993 321 D.
1014 266 1116 322 built
1136 267 1181 321 AD
1200 266 1325 323 astat.
1741 263 1795 321 asc

165 382 335 439 vitaeiuturae
358 379 491 436 Utanteru
507 379 672 444 ostenderet,
697 379 770 449 rpviod
783 379 848 433 vivit
864 378 890 431 in
907 376 951 431 ilio
968 381 990 438 :l
1005 376 1132 445 parvulae,
1158 384 1186 431 ct
1200 376 1243 431 luis
1269 377 1316 446 quai
1336 377 1450 434 necdum
1475 376 1553 432 bruto
1579 372 1693 447 vestigio
1712 371 1796 447 sugant

163 474 299 535 Christus,
324 479 353 526 et
375 471 446 539 qrvrid
469 471 495 523 in
520 483 603 524 carne
625 470 727 534 vivens,
761 471 787 523 in
812 468 864 522 lide
888 468 954 520 vivit
1003 471 1125 538 gradum.
1144 469 1258 525 ltraieet
1273 470 1426 540 arridamde
1439 469 1605 541 gentilibus:

165 563 225 618 iiiii
255 563 319 625 net,
348 576 401 614 aaa
426 561 515 615 aaran
538 561 579 616 sat
594 574 665 624 esse,
693 560 740 613 sau
762 574 811 629 por
838 559 952 626 cratian
1064 568 1712 633 saevoquaaaeasoaauaiuttacitatacita.

164 654 228 718 Dei,
252 667 312 721 qvam
335 649 436 704 Christi
468 665 561 705 arnorc
583 651 661 705 nobis
682 650 793 720 quaesita
817 658 878 714 est,
904 651 952 705 ad·
1038 650 1095 705 iloc
1114 661 1258 721 utrumque
1283 669 1376 708 verium
1401 654 1447 717 sit,
1478 669 1575 717 aeetae,
1605 653 1680 708 novit
1706 651 1789 716 Deus,

163 744 250 800 didit:
1002 742 1101 796 viderit
1120 743 1228 798 lector:
1247 745 1312 814 uitia
1337 754 1426 813 potest
1450 745 1519 810 sveri,
1547 753 1578 800 ut
1600 754 1628 800 et
1653 745 1790 800 demones

199 834 251 901 Qui
263 832 355 886 dilexit
367 847 407 884 me
421 841 446 885 et
462 830 572 886 tradidit
583 832 696 901 reipsum
707 849 754 902 pro
767 848 817 887 rue.
833 832 887 886 Pro
899 846 953 901 gato
1002 833 1066 889 huic
1082 842 1195 902 peccato
1218 837 1348 898 serviant.
1364 846 1392 891 et
1417 850 1592 905 qtvoseuaque
1608 837 1635 891 in
1650 836 1698 891 Dei
1708 849 1791 905 apere

162 922 266 993 utique,
294 920 347 975 nisi
369 936 419 989 pro
442 926 595 988 peccatore,
623 929 654 974 ιιι
681 937 743 975 eum
769 919 952 989 justificaret?
1001 922 1043 976 vel
1069 924 1194 993 coepisse,
1213 926 1254 981 vel
1274 925 1422 996 profecisse
1448 927 1634 996 cognoverint,
1650 942 1697 981 eos
1713 941 1728 980 a
1743 926 1791 981 bo·

161 1014 196 1069 Et
216 1011 282 1068 dicit
296 1011 347 1067 boc
362 1011 409 1080 quui
419 1009 527 1065 iudaeus
537 1020 629 1084 natus,
640 1021 668 1067 et
684 1013 817 1068 educatus
840 1021 910 1078 erat,
925 1022 953 1067 et
1001 1012 1044 1071 nis
1054 1016 1182 1084 operibus
1193 1026 1326 1071 avertant.
1340 1017 1418 1072 Nunc
1432 1017 1498 1073 illud
1509 1018 1536 1071 ia
1551 1032 1633 1072 causa
1649 1025 1702 1081 est,
1717 1016 1790 1087 quod

161 1105 345 1163 abundantius
356 1102 950 1173 aemulatorexstiteratpaternarumsuarum
1001 1123 1035 1163 ex
1046 1109 1171 1178 opinione
1189 1109 1259 1180 vulgi
1287 1119 1424 1181 sumptum
1443 1119 1570 1181 putamus
1581 1110 1744 1180 tueoiplam,
1761 1119 1792 1164 ut

160 1197 347 1253 traditionum.
367 1194 439 1265 Ergo
453 1193 504 1249 etsi
520 1208 569 1264 pro
592 1195 733 1250 talibusse
748 1196 859 1251 tradidit
874 1195 952 1249 Cbri-
1001 1202 1135 1269 quomodo
1162 1211 1256 1258 tenera
1280 1212 1346 1259 aetas
1365 1218 1463 1258 nocere
1488 1205 1588 1258 dicitur
1612 1203 1735 1258 lasciuo:
1751 1201 1792 1256 sic

158 1297 220 1345 stus
232 1289 315 1343 etiam
329 1287 379 1357 ipa
405 1294 563 1355 peccatores
583 1294 672 1341 crant.
694 1285 752 1341 Nou
765 1301 830 1356 ergo
847 1284 952 1340 meritis
1000 1291 1082 1344 etiam
1109 1290 1210 1346 Galatae
1230 1292 1256 1347 ia
1282 1293 1383 1348 Christi
1398 1294 1450 1348 due
1465 1309 1550 1363 nuper
1570 1293 1625 1348 irati
1638 1302 1667 1348 et
1692 1291 1790 1348 nutriti

155 1381 269 1452 justitie
291 1395 346 1436 sivae
368 1379 462 1434 datum
484 1380 583 1444 dicam,
610 1380 656 1449 qui
670 1386 876 1448 nonopuserat
889 1377 949 1432 dari
1000 1381 1080 1445 laete,
1107 1391 1133 1438 ct
1147 1398 1200 1437 noo
1220 1383 1306 1438 solido
1332 1385 1403 1450 cibo,
1427 1384 1509 1439 veluti
1530 1385 1645 1454 quodam
1666 1381 1791 1438 fascinati

154 1471 246 1541 justis.
272 1471 417 1525 donanim
444 1472 500 1526 seni
520 1487 612 1526 uocare
629 1471 726 1541 justos,
750 1471 788 1526 ait
808 1470 949 1535 Dominus,
1000 1471 1055 1526 siut
1068 1472 1168 1536 toxico,
1188 1482 1215 1527 ct
1228 1476 1462 1530 nonstomaeiuoa
1486 1473 1538 1530 lide
1552 1483 1712 1538 nauseante,
1729 1472 1791 1544 Spi-

158 1563 204 1616 sed
225 1572 372 1632 peccatores
392 1560 500 1633 (llattb.
517 1560 567 1632 rx).
593 1561 633 1615 dd
647 1562 698 1618 boc
720 1563 814 1632 utique
839 1578 872 1616 ne
895 1563 950 1619 sint
1000 1558 1068 1614 ritus
1081 1561 1168 1616 sancti
1179 1561 1269 1616 eibum
1284 1563 1464 1618 evomuerint.
1481 1563 1626 1618 irascentis
1640 1563 1712 1618 enirn
1728 1576 1791 1616 cum

159 1659 325 1722 peccatores.
347 1651 388 1707 bd
407 1651 544 1706 iloiaaaos
568 1650 713 1721 Apostolus
739 1652 773 1707 de
791 1651 847 1706 Deo
862 1651 950 1721 loqui·
1000 1650 1130 1707 miraculo
1158 1654 1241 1708 verba
1262 1662 1325 1708 sunt
1340 1672 1346 1707 :
1363 1656 1427 1725 quia
1448 1656 1488 1710 sie
1508 1655 1619 1709 inerunt
1639 1654 1789 1722 depravati,

158 1752 214 1808 tur,
243 1743 314 1812 quod
327 1743 437 1812 proprio
458 1741 483 1794 F
485 1743 531 1797 ilio
550 1760 599 1797 suo
623 1760 675 1798 aaa
690 1745 812 1814 pepercit,
842 1746 888 1798 aed
900 1761 948 1814 pro
963 1738 986 1797 li
1000 1750 1030 1796 ut
1050 1757 1100 1798 nec
1114 1757 1143 1799 sc
1162 1753 1341 1814 agnoscerent
1365 1747 1574 1802 circumventos.
1602 1744 1696 1801 Omnis
1717 1745 1790 1799 euim

159 1833 232 1887 nobis
246 1832 364 1885 erunibus
377 1849 436 1887 curu
449 1832 588 1887 tradiderit
608 1833 697 1904 (aaa.
712 1834 784 1906 vari.
811 1834 870 1889 Non
881 1849 947 1890 vcro
999 1831 1046 1901 qui
1056 1831 1216 1899 fascinatur,
1230 1836 1328 1889 transit
1343 1836 1442 1891 abono
1455 1835 1488 1890 ad
1501 1836 1602 1890 malurn
1617 1848 1625 1889 τ
1638 1835 1709 1889 sicut
1722 1842 1751 1888 ct
1762 1834 1790 1888 bi

158 1920 206 1985 ait,
228 1921 299 1990 quod
311 1937 341 1976 se
351 1922 407 1991 ipse
419 1922 563 1977 tradiderit
587 1922 722 1990 Christus,
738 1925 787 1981 sed
803 1933 881 1995 pater
892 1934 948 1979 tra·
998 1918 1032 1977 dc
1046 1921 1171 1978 libertate
1184 1931 1213 1978 ct
1224 1926 1370 1980 securitate
1383 1925 1416 1979 ad
1430 1926 1572 1981 servitium
1583 1935 1612 1980 et
1630 1924 1791 1982 sollieitudi-

160 2009 240 2076 didit,
262 2019 292 2067 ut
312 2011 429 2068 salvaret
453 2014 589 2083 perditum
613 2015 892 2074 muudumzssbristus
911 2031 952 2072 se·
999 2029 1061 2069 nem
1082 2016 1258 2071 transierunt.

158 2100 248 2172 ipsum
266 2102 389 2169 tradidit,
407 2111 436 2156 ut
452 2102 542 2158 Patris
555 2119 688 2175 suamque
704 2104 804 2161 iaceret
827 2106 949 2162 volunta·
1034 2106 1100 2160 date
1114 2123 1225 2178 quorum
1243 2107 1332 2164 oculos
1346 2107 1425 2163 Jecur
1441 2108 1561 2163 Cirristas
1571 2108 1731 2180 proscriptus
1742 2117 1792 2173 est,

158 2204 222 2251 term
238 2193 694 2263 iudasantem,etsaccrdotes,et
712 2184 833 2253 seniores
844 2199 949 2267 popuii,
998 2201 1022 2247 et
1041 2195 1069 2247 in
1089 2196 1159 2251 vobis
1178 2198 1331 2266 crucifixus.
1361 2196 1445 2253 Nobis
1473 2199 1546 2252 caim
1571 2206 1644 2252 recte
1670 2198 1790 2268 proscri-

156 2297 184 2344 ct
202 2288 304 2344 Pilatus
324 2289 408 2342 vitam
440 2288 521 2341 morti
544 2289 627 2344 aesc-ii
650 2288 829 2344 tradiderunt.
855 2289 950 2358 ltaque
999 2291 1060 2353 ptus
1080 2286 1388 2355 esthristusdeeaius
1409 2289 1529 2359 patibulo
1543 2298 1571 2342 et
1581 2290 1719 2367 passione.
1735 2289 1791 2344 ala-

156 2393 218 2434 cum
246 2380 304 2448 ipse
323 2393 431 2448 quoque
446 2394 494 2447 pro
508 2388 600 2433 nostra
614 2378 700 2433 salute
712 2379 864 2444 tradiderit,
879 2379 944 2433 bea·
999 2375 1042 2444 pis
1063 2384 1090 2431 et
1100 2374 1212 2445 flagellis
1226 2380 1315 2433 urriols
1327 2380 1522 2449 prophetarum
1542 2381 1665 2448 praedicit
1679 2384 1792 2443 ebosus,

157 2476 201 2523 tus
224 2469 391 2536 nutritumque
409 2467 471 2523 ielis
495 2468 557 2533 crit,
582 2469 629 2538 qui
654 2469 761 2524 virente
784 2469 812 2522 in
827 2484 856 2523 se
872 2467 951 2524 Clari-
999 2473 1030 2520 ut
1042 2480 1150 2520 crucem
1165 2466 1248 2534 ipsius
1261 2484 1314 2522 non
1335 2470 1369 2523 de
1382 2468 1528 2538 Evangelio
1545 2476 1660 2534 muitum,
1686 2470 1714 2523 ia
1736 2484 1790 2539 quo

157 2564 208 2618 sto,
227 2573 276 2626 per
291 2557 409 2627 singalas
422 2558 601 2628 cagitationes
612 2567 639 2613 et
650 2574 731 2629 opera
743 2567 833 2629 potest
845 2561 948 2626 dicere,
999 2554 1146 2610 crrtciirxus
1159 2556 1286 2622 retertur,
1309 2557 1356 2612 sed
1370 2558 1455 2613 multo
1468 2568 1612 2628 arulequain
1628 2560 1792 2615 descendere

157 2646 184 2698 in
201 2644 252 2700 iude
271 2646 333 2701 vivo
354 2643 413 2701 Filii
440 2646 497 2710 Dei,
523 2648 677 2717 qttidilexit
709 2664 762 2714 me,
796 2651 950 2706 ettvadidit
1000 2646 1158 2716 dignaretur
1178 2647 1212 2701 ad
1227 2657 1325 2712 terras,
1357 2656 1385 2703 et
1399 2648 1550 2713 ltominem,
1575 2648 1678 2718 qualest
1703 2651 1791 2705 cruci-

155 2739 274 2807 seipsam
303 2754 352 2807 pro
377 2753 431 2794 me.
1000 2737 1080 2803 daus,
1096 2747 1257 2804 assitmevct,
1283 2741 1449 2796 noverimus.
1471 2741 1526 2797 Nec
1540 2757 1624 2810 parva
1638 2742 1697 2797 iaus
1710 2741 1789 2797 Gala-

193 2829 256 2883 li'mr
274 2830 493 2901 abjicioprutiam
507 2832 563 2886 Det.
583 2833 949 2907 lltdicamperiegemcsse
1000 2837 1088 2885 ιιιιιιιι
1111 2839 1163 2895 est.
1201 2831 1273 2900 quiid
1302 2831 1339 2886 iia
1367 2833 1533 2888 crediderint
1560 2833 1586 2888 in
1620 2834 1791 2898 crucifixum.

154 2920 295 2989 iristitiam.
319 2923 468 2979 llicauteot
489 2924 582 2991 abjicit
598 2927 713 2996 gratiam
734 2927 793 2991 Dei,
821 2929 867 2996 qui
884 2937 947 2996 post
999 2928 1030 2974 tii
1051 2919 1092 2974 cis
1116 2920 1198 2974 suerii
1221 2929 1284 2976 aute
1307 2923 1495 2993 ptuscripttts,
1519 2923 1592 2993 quod
1619 2923 1725 2979 scilicet
1753 2925 1793 2981 le·

155 3012 329 3082 Evartgelium
340 3013 407 3067 vivit
420 3013 447 3067 iu
461 3011 529 3083 lege,
545 3025 573 3070 ct
581 3025 643 3086 post
651 3017 814 3087 baptismum
824 3018 948 3072 sordida·
999 3011 1125 3067 edatius
1150 3013 1308 3082 prophetiis·
1330 3024 1359 3068 et
1373 3015 1464 3068 ⁰fflssi²
1483 3015 1583 3069 velerit
1609 3014 1677 3085 lesit
1699 3030 1792 3071 aucta·

156 3112 201 3158 tur
220 3104 349 3173 precatis.
961 3099 1089 3160 Cmeuta
1112 3111 1265 3168 noscentes,
1294 3105 1336 3158 via
1360 3112 1388 3158 et
1408 3105 1504 3159 ordine
1528 3106 1653 3161 venerint
1673 3107 1707 3161 ad
1732 3122 1791 3163 crs·

191 3193 223 3250 Si
239 3195 308 3248 cuba
327 3211 373 3264 per
394 3193 477 3266 legem
496 3197 613 3266 justitia,
637 3216 699 3269 erpo
719 3200 839 3253 Giuistua
865 3200 947 3268 gratis
999 3194 1127 3250 (lendum.

155 3297 331 3343 mutuarat.
355 3289 444 3352 tuest,
458 3292 518 3346 sine
532 3307 614 3347 caasa
633 3302 758 3348 martarus
772 3300 824 3357 est,
839 3293 947 3363 arraudo
1035 3283 1190 3338 baciolam
1211 3284 1295 3339 uolua
1314 3286 1385 3340 uota
1404 3285 1513 3350 discere.
1541 3304 1573 3342 es
1593 3288 1789 3359 operttartegb

154 3395 204 3452 ρο,
230 3382 324 3447 tegam,
342 3381 368 3435 jd
392 3390 444 3446 esu,
471 3395 520 3452 per
543 3399 626 3452 opera
641 3384 720 3454 legis,
745 3384 844 3453 (paribus
860 3380 946 3438 iudaei
997 3378 1118 3447 spiritum
1144 3378 1580 3448 accedatis,nuenartda'tutidei?
1595 3381 1786 3451 Respontietut·

153 3471 336 3535 conridebant,
357 3480 450 3540 posset
468 3488 528 3528 esse
542 3472 647 3541 justitia
660 3474 686 3528 io
702 3475 865 3530 namtarum.
880 3473 948 3530 (lra-
997 3469 1101 3538 utieuc.
1129 3485 1161 3524 cx
1184 3470 1280 3525 andita
1295 3469 1368 3525 iudei.
1391 3469 1433 3524 ab
1448 3470 1578 3540 apostolo
1601 3473 1674 3527 enim
1693 3471 1792 3541 predi·

154 3563 190 3619 lis
209 3570 300 3616 autern
319 3571 461 3617 mortuum
476 3561 614 3618 Christum
641 3565 947 3634 uueeiilidleutnt,qitos
998 3568 1058 3616 eata
1083 3571 1126 3615 est
1148 3561 1288 3618 eisbdes:
1304 3562 1331 3616 in
1347 3576 1399 3631 qua
1418 3562 1612 3632 predicatione
1627 3564 1721 3631 utique
1741 3564 1790 3617 ad·

156 3651 264 3717 refellit,
293 3653 421 3723 quoniam
442 3652 612 3708 Christianos
637 3670 666 3709 sc
687 3655 813 3710 velebant
838 3656 944 3710 balacri.
997 3660 1118 3716 vantium,
1144 3654 1359 3721 etprmsentiam
1385 3653 1473 3707 sancti
1500 3652 1616 3720 Spiritus
1632 3661 1785 3707 senserant.

153 3739 213 3797 b'on
226 3757 291 3812 ergo
311 3751 385 3798 recte
404 3758 454 3812 per
466 3743 512 3798 iiia
529 3743 596 3813 legis
612 3758 694 3812 opera
717 3743 888 3799 Glaristianos
901 3745 945 3814 iu-
998 3742 1076 3797 Sicat
1098 3742 1144 3796 illo
1157 3752 1277 3811 tempore
1293 3744 1318 3796 in
1333 3742 1455 3796 novitate
1472 3740 1639 3795 invitationis
1654 3741 1689 3796 ad
1707 3742 1788 3797 iidem

128 3816 267 3885 'stiticari
280 3830 440 3885 suadebant.
467 3831 570 3886 idcirco
595 3833 667 3889 enim
686 3830 811 3887 Christus
824 3840 948 3888 mortuus
997 3833 1079 3887 etiam
1095 3832 1268 3887 sensibilibus
1295 3831 1434 3886 rriiracalis
1451 3831 1594 3900 praesentia
1614 3831 1701 3886 uncti
1727 3831 1789 3903 Spi-

152 3928 206 3986 est,
228 3929 258 3976 ut
280 3937 313 3976 ea
330 3931 473 3992 praestaret
501 3937 561 3991 quae
574 3922 618 3976 lex
639 3937 691 3976 vion
714 3929 822 3991 poterat
834 3936 842 3975 ι
856 3937 888 3976 ac
900 3937 949 3991 per
997 3915 1068 3977 ritus
1081 3922 1240 3991 apparel-at,
1256 3921 1328 3976 sieut
1342 3922 1369 3975 in
1383 3920 1498 3975 Actibus
1510 3920 1701 3990 Apostolorum
1723 3921 1789 3993 legi-

152 4014 207 4071 bcc
230 4030 285 4070 nott
304 4016 389 4085 gratis
412 4021 535 4069 mortuus
555 4021 606 4068 est.
631 4012 704 4067 blors
727 4013 799 4067 enim
819 4011 879 4080 ejus
896 4013 945 4082 iu·
998 4020 1052 4068 tur.
1078 4011 1134 4066 lloc
1161 4019 1250 4066 atatem
1271 4010 1373 4066 iactum
1399 4020 1459 4066 erat
1479 4012 1550 4081 apud
1571 4010 1691 4077 Galatas,
1713 4020 1790 4068 ante·

152 4103 282 4162 stilicatio
313 4113 485 4175 peecatorum
518 4113 568 4160 est.
600 4104 745 4174 lineasque
772 4112 869 4159 cortiva
896 4104 948 4160 Dc·
997 4115 1079 4173 quam
1103 4102 1147 4156 isti
1162 4101 1196 4155 ad
1219 4117 1266 4156 eos
1283 4101 1477 4172 pervertendos
1504 4111 1532 4157 ct
1553 4103 1789 4160 circumcidendos

153 4205 228 4253 ιιιιιιι
248 4218 255 4253 :
274 4214 345 4253 nunc
368 4198 403 4253 ad
426 4196 535 4252 Galatas
558 4196 724 4260 revertitur,
747 4197 846 4265 quiltus
872 4205 948 4253 rente
997 4193 1146 4250 venissent.
1168 4191 1221 4247 iste
1244 4208 1310 4263 ergo
1333 4208 1429 4248 sensus
1454 4200 1497 4248 est
1512 4212 1518 4246 :
1532 4192 1560 4248 Si
1584 4194 1611 4248 in
1634 4193 1788 4265 illisoperi·

152 4290 232 4345 dieis.
997 4284 1050 4340 bus
1075 4282 1143 4353 legis
1167 4290 1239 4337 esset
1267 4283 1340 4337 salus
1364 4291 1464 4348 vestra,
1488 4300 1542 4339 non
1568 4285 1643 4340 vobis
1670 4285 1789 4356 Spiritus

424 4380 457 4435 ΙΝ
475 4379 589 4436 caret
611 4379 642 4434 iil
658 4398 664 4433 ε
1001 4382 1127 4440 sanctus,
1142 4373 1195 4427 nisi
1207 4373 1378 4429 circumcisis
1390 4375 1510 4430 daretur.
1526 4377 1629 4432 Deinde
1646 4377 1735 4432 intulit
1752 4393 1759 4431 :

191 4471 361 4528 Oinsensati
380 4448 985 4542 Gaiatrr,quiauotieseioouituuundedireD
1033 4463 1080 4520 Sic
1108 4465 1182 4519 attriti
1207 4466 1280 4529 estis,
1304 4475 1332 4518 ut
1354 4482 1413 4518 cum
1445 4467 1540 4536 spiritu
1561 4469 1699 4537 coeperitis,
1720 4486 1789 4523 nnnc
1859 4534 1865 4547 ἱ

153 4567 278 4623 macuti?
307 4564 456 4634 Dupliciter
481 4564 527 4617 liic
545 4562 621 4616 locus
645 4561 758 4630 intelligi
779 4569 888 4631 potest:
903 4562 946 4615 vel
998 4574 1078 4614 came
1098 4557 1317 4612 consaturmouaiui
1329 4558 1342 4610 l
1369 4557 1426 4611 lloc
1455 4564 1506 4621 est,
1537 4557 1610 4626 quod
1623 4558 1746 4626 nuperius
1761 4559 1789 4612 in

152 4660 216 4716 idac
238 4659 390 4712 insensatos
413 4654 523 4710 Galatas
545 4653 702 4723 appellatos,
721 4654 899 4724 amarioribus
911 4654 946 4708 ad
998 4649 1110 4704 exordio
1131 4649 1258 4703 dixerat:
1277 4646 1335 4701 b'isi
1358 4646 1440 4716 uilium
1467 4648 1532 4711 aiat,
1552 4648 1600 4717 quvi
1627 4650 1791 4704 conturbant

153 4751 259 4807 minora
275 4749 426 4814 venientes,
440 4746 512 4817 quod
525 4747 695 4815 incoeperant
709 4745 819 4814 spiritu,
828 4751 854 4798 et
864 4758 947 4798 carne
999 4755 1057 4803 vos,
1071 4747 1100 4794 et
1114 4737 1207 4794 volunt
1221 4747 1380 4793 convertere
1395 4737 1569 4810 Evangeiinm
1584 4736 1695 4793 Glaristi.
1718 4738 1789 4802 Gon:

153 4842 432 4906 consrimmabaotur;
451 4840 495 4895 vel
513 4839 549 4894 ob
560 4839 598 4902 bi,
612 4837 684 4907 quod
699 4849 867 4905 unaquaque
881 4849 946 4903 pro·
998 4829 1117 4884 turbatio
1140 4829 1213 4883 enim
1230 4828 1319 4884 ordini
1345 4830 1481 4883 contraria
1504 4838 1556 4884 est.
1585 4827 1658 4884 Ordo
1675 4838 1716 4884 est
1743 4845 1790 4884 atr·

152 4935 244 4990 vincta
271 4949 336 4989 siras
363 4933 462 4988 nubea
484 4931 680 5003 proprietatos,
713 4928 755 4983 ret
779 4939 947 4995 antiquaque
999 4928 1052 4973 tem
1080 4934 1096 4972 a
1126 4918 1279 4973 carnatibus
1301 4919 1334 4972 au
1365 4918 1496 4987 spiritalia
1521 4934 1643 4990 surmus.
1674 4935 1727 4975 aaa
1754 4921 1789 4974 ab

153 5023 398 5096 genavelbonum,
418 5023 463 5077 vei
482 5022 583 5075 avaluna
599 5020 699 5074 babere
710 5024 857 5080 asseratur,
879 5015 950 5084 aliod
999 5008 1166 5081 spiritalibus
1178 5009 1212 5064 ad
1226 5009 1346 5064 earnalia
1373 5010 1482 5077 cadere,
1506 5010 1577 5065 sieut
1596 5011 1656 5066 istis
1682 5011 1788 5066 aecide-

154 5116 209 5172 atla
236 5132 289 5171 aon
310 5117 401 5172 hauet.
427 5115 481 5170 uas
501 5115 567 5168 istas
595 5111 752 5167 altitudines
766 5107 947 5172 amittamus,
999 5110 1062 5157 rat:
1079 5100 1147 5156 Cum
1162 5099 1247 5155 iudai
1263 5100 1413 5156 narrantes
1430 5101 1555 5170 spiritura
1569 5101 1715 5172 accipiant,
1737 5101 1789 5156 atsi

154 5208 297 5277 superiora
318 5206 564 5262 sectabimarzaat
586 5201 707 5256 stultitiae
736 5213 783 5255 cos
807 5195 883 5266 argtd
913 5194 954 5250 di·
999 5207 1048 5264 per
1064 5191 1159 5259 fidem,
1176 5207 1253 5247 vose
1277 5192 1416 5248 contrario
1434 5192 1539 5261 putatis
1559 5192 1637 5247 vobis
1662 5193 1788 5262 spiritum

153 5309 261 5366 asans,
284 5314 434 5372 perquam
455 5297 581 5367 spiritum
601 5294 679 5364 legis,
707 5300 735 5346 et
749 5286 949 5356 litteratndiju-
1000 5280 1198 5348 nonsuliieerc,
1226 5282 1276 5337 nisi
1298 5290 1326 5336 et
1347 5281 1400 5353 legi
1422 5282 1585 5337 subdamini.
1608 5282 1642 5337 Et
1667 5284 1725 5337 tinec
1747 5292 1790 5337 cst
1893 5301 1905 5323 ι

153 5390 457 5460 dicarenonpossint:
476 5386 603 5442 nutritio
619 5383 708 5454 gentis
730 5381 842 5451 corripi,
874 5376 948 5446 quod
999 5374 1136 5446 Evangelii
1164 5374 1305 5428 conversio
1326 5381 1487 5435 retrorsum,
1503 5373 1586 5441 quod,
1608 5373 1671 5442 nuria
1687 5372 1788 5428 bonttm

154 5480 287 5536 indociles
301 5481 355 5535 sint
367 5488 396 5534 et
408 5479 547 5541 vecordes,
563 5484 589 5529 et
611 5473 643 5528 ad
658 5471 820 5542 sapientiam
845 5468 948 5524 t-ardio-
1000 5480 1053 5520 non
1080 5474 1142 5526 est,
1171 5476 1225 5515 noa
1251 5469 1294 5516 est
1316 5460 1491 5531 Esarugeliava
1517 5475 1578 5515 cnm
1604 5461 1657 5519 boe
1681 5477 1788 5519 uiuun-

154 5586 210 5630 ια.
231 5574 309 5641 Quod
324 5571 558 5641 arvmmseqnitur,
583 5566 649 5632 Qrtis
661 5582 706 5619 uos
730 5561 893 5634 sarcinarii?
909 5560 950 5614 di·
1001 5557 1094 5612 tiatur.

154 5664 229 5721 citur
247 5664 367 5721 fascinus
390 5663 498 5734 proprie
523 5658 671 5715 inimitibus
695 5671 806 5720 auocare,
822 5661 850 5705 et
876 5651 949 5706 atati
1038 5646 1208 5716 lusapueri
1225 5643 1500 5709 rotinicummauri
1518 5652 1604 5698 tamea
1622 5644 1679 5700 aiae
1693 5658 1787 5700 cuasa
