3832 6120
133 275 184 334 atti
596 264 725 324 Edant.
746 262 780 319 iu
801 261 911 317 tibist.
932 260 963 312 l).
983 259 1086 315 enuit
1104 256 1293 314 anunm.
1498 304 1502 311 .
1715 256 1768 315 902

130 396 222 456 camin
235 388 370 465 appellati
382 386 412 444 Si
422 386 496 443 enim
507 382 640 454 sapientia
652 381 744 437 earnis
758 376 867 432 inimica
884 378 927 426 est
939 371 965 432 Α
977 368 1149 428 charitatem.
1165 383 1248 439 quem
1264 383 1320 424 non
1333 369 1487 425 diuinarum
1501 369 1654 426 litterarum
1664 372 1768 427 studio·

131 491 188 545 beo
221 482 332 541 inimica
352 485 443 536 autem
464 484 528 533 sunt
547 473 639 531 omnia
657 471 784 540 dogmata
801 464 929 520 tauteus
981 475 1042 516 sunt
1069 460 1152 516 laetat
1173 462 1308 517 intentum
1328 461 1363 517 ad
1380 462 1575 531 perscrutanda
1589 464 1713 519 antemi
1738 463 1769 520 Si

130 528 197 637 nep,
204 573 393 648 repugnantia,
406 574 606 640 consequenter
615 563 733 620 haereses
747 557 928 616 inimicaeileo
980 553 1053 608 enim
1062 551 1207 609 fornicatio
1218 559 1261 609 est
1270 566 1347 609 amor
1356 567 1371 607 a
1381 551 1501 622 legitimo
1513 551 1648 608 connubio
1661 553 1769 610 solutus

131 669 167 726 ad
187 666 279 725 earnis
294 678 379 735 opera
394 660 561 718 referuntur.
585 628 701 713 lienosis
724 659 816 708 autem
832 648 926 705 Graece
979 650 1007 699 ει
1028 658 1113 714 vagus
1127 642 1268 713 explendas
1287 641 1408 699 libitinis
1427 642 1608 697 consectando
1634 641 1769 710 letitiam,

131 760 167 816 ab
178 756 310 814 electione
323 753 435 818 dicitur,
446 749 518 821 quod
529 747 633 804 scilicet
643 760 704 802 enm
716 743 768 800 sibi
785 739 928 809 unusquis·
978 737 1043 806 quid
1064 745 1120 791 tam
1134 735 1253 807 legitime
1269 736 1303 792 ad
1325 735 1477 805 spiritalem
1493 733 1688 792 iocunditatem
1705 751 1771 793 con-

130 847 281 921 queeiiqat
300 843 483 915 disciplinam,
506 853 587 910 mam
602 844 679 909 putat
697 849 757 892 esse
774 833 925 890 meliorem.
974 828 1109 900 J'msqitur,
1130 843 1213 898 quam
1235 827 1325 883 aninra
1338 827 1405 890 beo,
1420 828 1464 882 eoi
1475 835 1579 897 quanto
1594 827 1675 884 dxius
1686 828 1770 884 inire-

131 940 291 1010 statumque
305 935 391 1007 igitur
411 929 670 1002 aliterSeripturam
688 924 825 994 metitqtt,
844 935 926 992 quam
978 922 1056 990 serit,
1070 930 1146 979 tanto
1158 930 1200 978 est
1217 920 1417 990 incorruptioni
1441 920 1575 976 lnbaereat
1588 928 1680 976 autem
1700 921 1769 977 cba-

132 1045 230 1091 senatu
241 1028 361 1102 Spiritus
372 1024 459 1081 sancti
470 1023 585 1093 daqiut,
597 1035 651 1091 qno
661 1017 816 1089 conscripta
828 1023 881 1079 est,
895 1013 928 1068 ii·
977 1014 1067 1071 ritate.
1090 1015 1174 1071 ilecte
1184 1015 1269 1087 igitur
1283 1011 1454 1069 lomlcationi
1469 1012 1617 1084 opponitur
1632 1013 1767 1081 claritas,

132 1130 179 1183 eet
188 1123 222 1182 de
234 1119 357 1178 Ecclesia
372 1133 426 1174 non
439 1114 601 1181 recesserit,
621 1120 712 1169 umen
723 1107 868 1166 bnemdcm
879 1120 928 1175 ap-
977 1106 1006 1163 in
1017 1120 1073 1176 qua
1090 1105 1149 1162 sola
1162 1115 1205 1162 est
1216 1105 1340 1163 custodia
1353 1105 1498 1162 eastitatis.
1526 1104 1708 1162 immunditie
1721 1120 1771 1162 au·

132 1213 229 1286 pellani
241 1216 342 1282 potest,
355 1216 382 1264 et
399 1208 431 1263 de
443 1205 535 1263 carnis
547 1203 675 1281 operibus
687 1208 730 1258 est
751 1199 855 1273 ettqem
866 1212 927 1270 qnae
977 1204 1034 1252 mm
1051 1203 1115 1252 sunt
1130 1211 1227 1253 omnes
1243 1195 1461 1267 perturbationes
1483 1193 1517 1250 de
1528 1193 1572 1249 iiia
1587 1192 1769 1251 fornicatione

132 1303 227 1377 9050„
242 1307 315 1357 mm,
417 1318 421 1325 -
977 1292 1125 1356 conceptae,
1141 1285 1241 1356 quibus
1258 1285 1386 1356 gaudium
1397 1283 1600 1354 tranquillitatis
1610 1284 1767 1355 opponitur.

170 1388 382 1454 Ernssimdio,
396 1403 456 1459 qaoe
479 1385 595 1458 predico
613 1384 700 1451 uoltis,
716 1382 784 1439 dest
802 1380 925 1453 predixi,
976 1374 1113 1433 idolorum
1122 1383 1214 1432 autern
1225 1376 1342 1433 servitus
1351 1376 1445 1430 ultima
1453 1374 1598 1432 fornicatio
1607 1388 1650 1431 est
1659 1376 1769 1438 animat,

131 1483 259 1557 marr
272 1480 317 1553 qni
332 1478 398 1534 tatic
410 1485 502 1550 opert,
519 1491 627 1549 reptant
644 1475 694 1531 Dei
705 1490 758 1529 nott
769 1487 927 1544 cousequen-
976 1472 1089 1537 propter
1098 1481 1181 1537 wrm
1193 1465 1278 1522 etiam
1292 1466 1391 1523 bellurn
1401 1463 1531 1521 aduersus
1543 1465 1769 1537 Eranqeiiumre-

134 1586 189 1632 tar.
202 1573 297 1630 Potest
314 1579 405 1627 autem
423 1582 535 1626 morere
551 1568 623 1639 quod
642 1568 691 1634 ait,
702 1583 761 1639 qao
779 1564 926 1620 diceretis
977 1554 1131 1612 concitiuts
1145 1555 1193 1611 liei
1215 1555 1423 1613 tenutissimum
1435 1565 1541 1628 gestum
1552 1566 1610 1612 est:
1634 1555 1712 1625 eujus
1723 1573 1768 1613 re-

135 1666 204 1724 stent
217 1662 340 1735 medici,
353 1661 479 1732 montom
494 1659 540 1732 qni
560 1657 626 1713 tolio
644 1664 736 1729 optant,
750 1672 858 1727 requam
877 1653 927 1709 lter·
977 1645 1079 1717 liqulae,
1100 1648 1225 1719 quamtis
1245 1661 1315 1718 pene
1327 1647 1422 1718 sopitae
1434 1646 1545 1713 luerint,
1570 1646 1658 1702 adbuc
1677 1656 1769 1702 tamen

135 1770 189 1812 m
201 1751 411 1827 ,mpppm'sq
422 1748 615 1821 ,pumturum
625 1749 676 1804 qm
687 1745 853 1818 manem,
863 1758 926 1800 mm
940 1726 965 1790 b
979 1737 1108 1793 recalent.
1133 1736 1203 1794 liuic
1214 1736 1306 1809 itaque
1316 1754 1369 1809 par
1384 1738 1522 1794 contraria
1534 1746 1586 1800 est,
1601 1751 1655 1806 qua
1673 1753 1769 1792 recon-

135 1845 165 1901 ln
176 1845 228 1901 hac
241 1841 362 1913 Epistola
372 1854 426 1896 non
436 1838 582 1895 inuenitur.
596 1838 668 1911 Ergo
680 1845 856 1907 autpraescns
865 1850 928 1892 eum
979 1826 1105 1883 ciiinmur
1120 1826 1188 1893 Deo,
1202 1828 1351 1898 cademque
1364 1841 1432 1898 paee
1442 1827 1525 1882 etiam
1538 1840 1600 1881 eum
1614 1826 1769 1882 honunibua

135 1940 219 1997 esset,
237 1932 289 1986 hoe
300 1929 482 2001 predixeram
493 1936 541 1984 aut
555 1933 718 1999 cognoverat
730 1925 884 1996 pervenisse
893 1924 927 1980 ad
978 1917 1115 1973 custodita
1136 1915 1348 1983 veneficiorum,
1373 1914 1587 1980 inimicitiarum,
1615 1916 1769 1970 eontentio·

135 2020 197 2078 illos
206 2019 422 2090 Epistolamque
434 2018 516 2075 missa
528 2025 570 2074 est
582 2019 616 2074 ad
626 2016 792 2075 corinthios.
804 2016 842 2074 lbi
854 2016 927 2073 enim
978 2022 1053 2073 num,
1064 2007 1278 2073 emulationum,
1293 2006 1495 2063 animositatum
1516 2006 1769 2077 dissensionumque

135 2111 178 2167 ,te
189 2110 242 2165 qq:
259 2109 348 2166 Nom,
357 2127 457 2177 mm,
469 2125 550 2182 „pm
560 2108 743 2180 sompnum,
757 2122 838 2178 „equ
849 2105 927 2162 tantu
977 2098 1043 2155 uitia
1055 2108 1187 2155 sanautur
1196 2100 1223 2156 in
1232 2100 1320 2156 nobis.
1346 2098 1383 2156 Ut
1397 2106 1485 2154 autem
1498 2099 1526 2153 in
1537 2099 1608 2166 aliis,
1621 2099 1692 2155 inter
1701 2116 1770 2171 quos

135 2201 283 2265 oeroieutcs,
298 2216 380 2271 nequ
390 2199 515 2265 adulteri,
526 2213 608 2269 neque
619 2196 721 2262 molles,
732 2213 814 2267 neque
824 2213 928 2251 mosca-
978 2192 1106 2255 vivimus,
1118 2193 1192 2263 iusta
1213 2193 1398 2250 moderatione
1421 2208 1571 2259 versemur,
1590 2202 1618 2250 et
1638 2195 1673 2250 ad
1687 2197 1770 2251 susti

136 2292 223 2347 lorum
237 2291 427 2355 concubitores,
443 2306 524 2362 neqw
537 2289 618 2359 fures,
640 2305 722 2360 neque
740 2290 824 2352 ooori,
847 2304 929 2359 neque
978 2281 1096 2336 nendum
1111 2282 1315 2354 Ιθῐιιθῐιίιΰῑῑθι,
1340 2292 1368 2338 tt
1392 2285 1426 2338 Ἅι]
1439 2284 1590 2339 tutandum
1603 2284 1769 2355 benignitas,

136 2384 252 2448 ebriosi,
274 2399 356 2454 neque
369 2381 510 2447 maledici,
532 2397 613 2452 oeque
627 2396 735 2452 rapaces
752 2395 859 2448 repuens
879 2378 929 2432 net
978 2376 1007 2424 et
1018 2369 1053 2424 td
1065 2370 1258 2439 ignoscendum
1267 2373 1377 2427 botritas
1392 2372 1499 2427 militat.
1531 2371 1592 2426 lam
1607 2374 1770 2428 verobaere·

137 2473 307 2544 possidebant
329 2471 360 2544 (l
374 2469 437 2527 Cor.
457 2472 511 2543 tu).
531 2471 581 2527 ilie
591 2486 656 2541 erqo
668 2485 729 2526 cum
743 2478 930 2526 enumerasset
979 2461 1054 2517 tibur
1068 2461 1146 2528 tides,
1157 2462 1265 2520 invidie
1279 2463 1470 2527 mansuetudo,
1481 2464 1659 2519 ebrietatibus
1673 2472 1700 2518 et
1724 2478 1770 2519 eo·

138 2576 221 2633 opera
231 2560 333 2626 earnis,
346 2560 445 2633 quibus
457 2561 577 2617 olausm
593 2570 636 2615 est
647 2559 694 2614 liei
707 2573 830 2629 regnum
841 2559 931 2629 subje-
979 2550 1364 2608 messationibusoontiucntia
1376 2552 1535 2608 reluctatur.
1570 2552 1609 2607 No
1628 2554 1691 2623 quis
1700 2570 1768 2610 sane

138 2648 178 2704 eit
192 2649 276 2703 etiam
289 2664 371 2720 opera
383 2649 503 2720 spiritns,
518 2664 578 2719 quae
588 2647 704 2704 iruettun
719 2647 830 2717 spiritus
839 2655 928 2703 vocat.
980 2641 1128 2698 arbitretur
1142 2644 1195 2699 boc
1205 2659 1266 2700 esse
1287 2644 1388 2700 inuidia
1411 2646 1536 2715 quoiast
1548 2645 1693 2701 emulatio.
1725 2648 1770 2702 l'i-

174 2737 293 2795 Frnctur
305 2749 392 2795 cutem
410 2741 518 2812 spiritns
538 2750 576 2796 eat
597 2741 721 2794 cirritos.
737 2738 862 2796 Omnium
876 2740 931 2795 uir-
980 2733 1049 2789 cinae
1061 2734 1135 2789 enim
1150 2742 1224 2801 sunt,
1247 2744 1274 2791 et
1288 2743 1399 2806 propter
1422 2736 1508 2807 ipsam
1535 2736 1702 2792 uicinitatem
1715 2738 1771 2807 ple-

139 2834 228 2881 tutum
243 2829 329 2897 prima
344 2836 387 2884 est
400 2829 529 2895 ebaritas,
544 2845 613 2900 qun,
627 2830 697 2885 sicut
714 2829 883 2895 notavimus,
902 2830 930 2885 in
980 2840 1095 2895 rumque
1104 2825 1262 2882 utrumlibet
1274 2827 1371 2883 horum
1384 2842 1434 2897 pro
1447 2827 1543 2893 altero,
1558 2829 1697 2885 aemulatio
1721 2846 1770 2900 pro

140 2925 257 2987 quatuor
272 2917 402 2975 diuiditur
417 2927 526 2991 partes:
546 2919 574 2974 in
597 2919 741 2976 dilectione
756 2920 820 2986 liei,
837 2920 864 2975 in
881 2935 930 2976 sua
979 2917 1092 2981 invidia,
1109 2917 1152 2973 tel
1180 2918 1281 2974 invidia
1302 2934 1353 2990 pro
1372 2918 1543 2976 aemulatione
1563 2921 1682 2990 partitur.
1716 2921 1770 2978 Sed

140 3005 361 3077 uniuscujusque,
377 3008 404 3064 in
419 3010 547 3079 proximi,
557 3018 585 3066 et
599 3009 711 3065 inimici.
981 3009 1045 3081 quia
1055 3018 1200 3080 utrumque
1212 3011 1256 3067 bic
1272 3011 1340 3068 iocis
1349 3013 1406 3068 suis
1420 3011 1522 3068 dietum
1537 3021 1590 3078 est,
1602 3014 1695 3083 utiquc
1716 3016 1768 3071 dis·

177 3092 455 3167 Gondinmspiritale‚
477 3115 539 3169 poc.
555 3098 584 3155 Si
598 3100 741 3172 tranquilla
761 3117 839 3158 mens
851 3102 931 3159 nullis
944 3063 967 3128 G
982 3101 1141 3158 tinctionem
1166 3103 1201 3159 do
1223 3103 1303 3159 nobis
1318 3101 1449 3175 llaqitant.
1482 3102 1549 3159 liam
1573 3105 1709 3161 aemulatio
1731 3117 1772 3161 cst

140 3187 311 3258 passionibus
323 3189 507 3259 perturbetur.
981 3188 1059 3245 dolor
1077 3191 1161 3247 animi
1181 3206 1242 3247 curn
1257 3192 1327 3247 alius
1349 3193 1524 3262 pervenitad
1543 3209 1600 3249 retu
1625 3211 1706 3265 quum
1720 3197 1772 3249 duo
1850 3213 1856 3227 =

178 3277 385 3349 unqommitoc.
399 3280 489 3338 illatas
502 3281 616 3351 injurias
631 3282 774 3340 sustinere.
980 3278 1106 3350 plumare
1116 3281 1279 3352 appetebant
1290 3293 1319 3339 et
1332 3283 1383 3339 nisi
1396 3285 1430 3339 ab
1440 3298 1495 3338 uno
1505 3283 1599 3340 baberi
1610 3302 1663 3341 non
1671 3297 1769 3356 potest.

177 3367 298 3424 Bonitas.
314 3369 427 3443 Semper
440 3372 600 3429 benelaoerc
613 3374 692 3430 veile.
980 3372 1063 3430 istam
1076 3384 1155 3431 sanat
1165 3391 1229 3446 par,
1244 3391 1298 3448 qua
1311 3376 1339 3433 ld
1352 3377 1504 3447 appetimus
1533 3376 1606 3449 quod
1619 3381 1772 3449 omnesqui

178 3455 340 3528 deuiqrdtoa.
351 3459 421 3516 Nulli
433 3460 559 3531 injuriam
569 3462 645 3528 lacit,
657 3478 707 3520 nec
715 3465 851 3521 desiderat
861 3465 928 3522 lieri.
981 3471 1111 3535 appetam
1121 3466 1144 3521 si
1155 3477 1346 3538 manantur,
1370 3484 1454 3523 unum
1466 3468 1493 3523 in
1509 3484 1563 3525 uuo
1575 3469 1652 3524 liunt.
1670 3470 1772 3527 inritlia

142 3549 296 3606 Notandum
309 3551 381 3622 quod
402 3561 431 3608 et
454 3552 522 3608 tides
537 3567 554 3608 a
570 3552 627 3610 beo
649 3555 744 3621 detur,
760 3571 844 3626 quatu
859 3556 932 3612 inter
980 3568 1048 3611 tero
1060 3557 1138 3613 dolor
1157 3559 1241 3614 animi
1255 3566 1307 3625 est,
1331 3575 1392 3614 curn
1407 3560 1533 3631 indignus
1544 3560 1652 3615 ridetur
1671 3561 1774 3630 aliquid

143 3641 249 3699 tructus
259 3643 370 3715 spiritus
381 3646 496 3716 septimo
505 3646 564 3702 ioco
572 3646 717 3717 Apostolus
726 3648 832 3720 posuit:
843 3655 871 3703 et
880 3649 932 3704 ltoc
981 3646 1098 3716 meunt,
1110 3647 1194 3703 etiam
1209 3648 1282 3718 quod
1291 3656 1321 3702 tu
1331 3663 1385 3703 non
1399 3648 1554 3718 appetebas.
1570 3646 1774 3704 interluviduut

143 3736 292 3792 mamm
305 3737 394 3808 quiaa
408 3735 526 3792 Decest.
982 3741 1113 3790 tutemet
1128 3735 1291 3792 inuidiosum
1307 3732 1360 3792 imo
1376 3737 1573 3809 interestquod
1595 3736 1775 3795 invidusleii·

180 3822 272 3881 Εὕα.
288 3824 337 3882 Vei
358 3825 414 3883 ileo
428 3825 557 3895 credero,
571 3824 614 3883 rel
632 3824 786 3883 bominibus
798 3826 933 3898 pmmisca
981 3823 1050 3880 eloti
1064 3823 1177 3891 tnrtdet,
1199 3825 1351 3883 invidiosus
1363 3833 1453 3881 nutem
1473 3827 1531 3898 ipse
1545 3836 1588 3883 est
1612 3828 1659 3898 qni
1675 3828 1711 3884 ab
1720 3829 1776 3885 aiio

141 3914 290 3985 comptem.
983 3910 1230 3982 padturtnvtdiam.
1253 3912 1609 3970 liancsanatmansuetudo.
1622 3913 1690 3971 Cum
1700 3916 1776 3987 quis-

179 4003 322 4060 Nodcotto.
339 4003 398 4062 Non
412 4005 503 4062 irasci.
982 4004 1220 4080 queadjudiciunt
1234 4007 1495 4066 beirorocausnon
1514 4009 1775 4066 resistitroiuutati

179 4093 357 4153 enacmin.
371 4096 543 4155 Continentia
556 4112 606 4169 pro
620 4107 741 4169 tempore
752 4105 802 4154 est.
983 4096 1052 4167 eius,
1066 4106 1095 4154 et
1105 4097 1191 4170 magis
1203 4097 1229 4153 ei
1243 4097 1331 4155 credit
1344 4106 1417 4154 recte
1430 4096 1532 4153 lacuum
1547 4114 1608 4155 esse
1629 4114 1709 4169 quam
1723 4099 1774 4156 sibl

179 4185 305 4244 Coctitos.
324 4187 508 4260 Sempiterna:
523 4189 934 4259 etnonsoluutalornicatione,
983 4189 1056 4260 quod
1068 4189 1181 4259 putabat
1193 4188 1344 4261 indignum.
1366 4187 1565 4261 llegtranterqo
1585 4188 1723 4261 spiritales
1730 4174 1775 4246 is'ti

144 4276 195 4336 aad
211 4276 247 4333 ab
260 4280 334 4334 omni
343 4279 484 4350 iniquitate
496 4281 644 4337 continere.
984 4278 1124 4337 tructusin
1136 4278 1255 4344 bomine,
1268 4279 1295 4334 in
1309 4292 1364 4349 quo
1377 4288 1487 4349 peccata
1498 4294 1551 4334 non
1565 4288 1690 4352 regnant.
1721 4280 1774 4336 lie-

181 4366 312 4425 ddoeraaa
330 4369 482 4440 hujumodi
498 4387 551 4427 non
572 4381 609 4426 cat
628 4372 680 4427 tec.
709 4371 768 4429 Non
793 4373 865 4429 enim
880 4373 933 4428 ista
985 4376 1069 4440 quant
1091 4374 1181 4422 autem
1193 4366 1243 4420 isto
1258 4366 1341 4432 bona,
1365 4366 1504 4422 sitantum
1517 4365 1663 4433 delectant,
1678 4367 1776 4439 utipsa

144 4458 295 4530 probibuit,
309 4467 337 4515 et
350 4460 395 4529 qui
408 4460 514 4517 Novum
527 4461 630 4532 implet,
653 4472 761 4519 nonest
777 4465 828 4519 sub
842 4464 933 4520 Veteri
945 4418 973 4480 D
987 4468 1097 4517 teneant
1108 4460 1227 4514 animum
1240 4458 1268 4512 in
1282 4458 1488 4521 tentationibus,
1510 4471 1544 4511 ne
1556 4458 1583 4511 in
1594 4458 1698 4528 peceati
1711 4474 1776 4512 cort·

145 4548 332 4607 Testamento.
358 4551 427 4607 ilinc
445 4552 626 4623 intelligamus
645 4555 705 4611 ilios
720 4556 842 4627 sublege
861 4559 934 4627 posi·
986 4552 1138 4610 malonem
1153 4557 1223 4604 ruat·

145 4648 201 4705 ttts,
216 4639 243 4695 in
256 4640 355 4710 quibus
368 4641 419 4697 ista
433 4658 489 4699 non
504 4651 629 4713 regnant.
651 4643 719 4698 Nam
730 4645 757 4699 in
768 4646 866 4714 quibus
877 4647 934 4703 baec
1025 4642 1077 4710 Qui
1090 4651 1177 4697 uatem
1191 4638 1369 4703 suntdltrirti,
1384 4654 1489 4692 corneas
1499 4654 1575 4693 soom
1588 4637 1776 4706 cntdfirerant

145 4740 266 4803 regirant
284 4731 335 4802 ipsi
346 4732 404 4801 lege
422 4731 541 4802 legitime
551 4739 676 4796 utuntur,
686 4734 749 4803 qula
762 4750 814 4790 non
830 4743 872 4790 est
885 4737 937 4793 illis
987 4752 1049 4792 catu
1062 4736 1167 4791 ot'tit'aet
1182 4733 1405 4804 concupiscentiis.
1433 4731 1510 4789 Unde
1527 4741 1617 4785 autem
1632 4729 1776 4785 crucifixe·

144 4818 191 4877 lex
204 4822 238 4877 ad
249 4822 429 4878 coercendum
440 4822 539 4893 posita.
564 4822 649 4893 ilajor
659 4824 730 4878 euim
740 4834 768 4880 et
780 4826 937 4897 praepollen-
989 4819 1766 4893 runt,nisitimoreiliuenstopermonenteinsaeculutusar

145 4911 203 4967 tior
217 4910 361 4967 delectatio
381 4926 486 4977 corum,
499 4910 605 4981 justitia
617 4921 670 4968 est.
698 4912 757 4969 Non
779 4916 863 4980 enirn,
887 4919 935 4978 ait,
986 4918 1052 4981 culi,
1065 4932 1118 4986 quo
1128 4913 1400 4972 cavemusolleuderc
1415 4912 1503 4977 illum,
1514 4926 1594 4981 quem
1608 4919 1666 4966 toto
1682 4910 1775 4970 cordo,

146 5001 280 5058 aduersus
295 5001 352 5057 buc
368 5017 422 5057 non
432 5012 474 5059 est
492 5002 545 5069 lex,
567 5003 616 5059 sod
633 5003 757 5059 moeroris
773 5005 936 5076 hujusmodi,
988 5015 1044 5063 tota
1067 5007 1169 5065 anima,
1191 5010 1247 5058 tota
1262 5012 1353 5059 mente
1361 5002 1515 5072 diligimus:
1541 5010 1570 5057 ct
1594 5001 1654 5055 idon
1676 4999 1700 5055 si
1726 4999 1777 5054 boc

146 5095 262 5159 booest,
275 5095 333 5151 siue
344 5095 406 5161 ista,
420 5096 478 5150 sive
488 5096 571 5150 etiam
580 5103 682 5152 eaetera
698 5096 861 5167 hujusmodl.
884 5096 938 5154 Sed
987 5099 1167 5157 moeonia
1182 5096 1260 5154 simul
1269 5095 1397 5152 crucillta
1410 5103 1473 5151 suut
1486 5093 1620 5157 membro,
1632 5100 1660 5148 et
1672 5091 1773 5147 destru-

147 5192 242 5241 ttnten
268 5184 412 5255 diligenter
433 5184 685 5250 considerantibus,
719 5201 773 5242 non
797 5187 841 5244 nio
863 5189 938 5244 muni
986 5200 1061 5248 mum
1077 5200 1121 5246 est
1134 5190 1161 5244 in
1174 5188 1252 5244 nolin
1266 5202 1347 5243 omne
1360 5200 1430 5257 opus
1446 5184 1560 5255 peccati,
1580 5191 1686 5238 etearo
1699 5181 1778 5251 quasi

147 5274 231 5331 uodo
240 5277 391 5332 carnalium
404 5276 618 5347 spiritaliumque
630 5293 741 5349 operum
752 5281 885 5351 oppositio
898 5282 939 5336 in-
988 5281 1110 5354 pendens
1123 5281 1150 5336 in
1169 5295 1259 5341 eruce.
1273 5278 1364 5335 secun
1379 5277 1521 5334 desideriis
1540 5275 1673 5331 exstincta
1697 5281 1778 5343 atque

146 5364 367 5438 ordinatamque
377 5366 490 5425 contusa
502 5377 552 5425 est.
576 5366 617 5424 0b
626 5368 678 5425 lroc
690 5379 779 5426 autem
791 5370 865 5437 latet,
875 5374 939 5443 quia
990 5369 1170 5434 mortitleata,
1196 5369 1262 5424 nibil
1282 5368 1425 5423 aduersum
1450 5366 1499 5421 liei
1519 5371 1652 5436 precepta
1677 5364 1705 5419 in
1728 5378 1779 5418 sat·

146 5456 277 5528 puriora
288 5458 330 5513 vel
337 5458 442 5530 singula
453 5459 614 5529 quibusdam
624 5459 747 5530 pluribus
756 5472 938 5535 opponuntur.
990 5460 1052 5518 culo
1062 5458 1247 5528 concupiscit:
1270 5456 1378 5527 utquid
1405 5456 1445 5512 eis
1469 5455 1554 5526 legem
1566 5457 1643 5526 iuxta
1658 5455 1778 5509 litteram

149 5542 264 5603 b'ttnex
278 5551 393 5620 eoquod
406 5550 832 5620 incapiteearnaliumvitiorum
851 5555 941 5625 posuit
990 5561 1084 5608 tencre
1112 5549 1258 5615 contenit,
1285 5565 1345 5620 quat
1365 5549 1400 5603 ad
1420 5548 1487 5603 uitia
1508 5556 1680 5619 peccatorum
1701 5560 1778 5602 coer-

125 5637 357 5721 ,tomicauonec
374 5644 401 5698 in
421 5641 510 5714 capite
524 5650 614 5698 autem
628 5643 758 5701 uirtutum
776 5647 940 5719 spiritalium
990 5643 1076 5701 nenda
1098 5642 1160 5697 ‹iata
1185 5641 1251 5697 est?
1277 5639 1356 5696 simul
1380 5638 1446 5696 illud
1469 5637 1616 5695 notandum
1641 5637 1714 5709 quod
1729 5650 1780 5693 eoa
