3832 6120
138 286 190 345 att
823 293 826 299 ·
904 279 1001 337 vlia,
1713 287 1771 343 pre

138 420 188 477 per
203 405 255 459 ltoe
276 401 376 456 rirtute
389 397 509 455 destitui.
527 395 628 452 Natura
650 396 723 449 enin
739 395 796 450 sois
818 395 924 449 deserta
938 392 1125 457 Acotnnmdis
1138 391 1172 446 ab
1187 407 1220 447 so
1236 393 1353 450 sillictus
1365 394 1411 457 sit,
1435 395 1540 464 etquid
1565 403 1659 449 contra
1687 405 1764 451 natu·

137 491 293 555 comitibus,
309 502 421 545 necesse
440 496 528 543 estut
548 488 619 543 ricta
633 486 751 541 latiscat.
781 485 858 552 Quod
868 498 928 540 esr-
978 495 1036 534 rata
1049 490 1076 535 et
1087 481 1194 535 Domini
1208 491 1370 552 preceptum
1386 483 1450 537 talia
1464 484 1569 555 agendo
1593 500 1762 542 corunreruc·

136 598 216 646 nens,
229 581 312 651 jussit
329 580 381 635 sibi
394 579 485 651 parari
512 576 665 633 habitacula
678 575 771 630 aestiva
785 583 867 644 atque
879 588 927 629 cr·
977 568 1022 623 rit.
1041 567 1093 624 Sed
1105 569 1168 638 qnia
1191 570 1257 640 ipse.
1274 571 1371 641 inquit,
1387 573 1420 627 ad
1435 587 1478 627 me
1502 573 1595 627 venire
1607 572 1763 630 satisfactu-

135 669 322 745 peditionalia,
347 669 376 724 itt
400 668 490 724 insula
514 668 632 737 quadam
662 666 788 736 contigua
815 663 927 734 lloqon·
977 675 1023 714 rus
1037 661 1142 728 nequit,
1157 662 1291 732 eqoquod
1306 676 1396 717 meunt
1418 670 1461 718 est
1474 678 1535 734 ago,
1550 663 1626 719 robis
1650 665 1764 721 testibus
1861 690 1864 695 ·

136 765 217 821 tiacae
230 762 333 817 civitati
350 779 356 815 :
373 761 465 830 ibique
488 760 593 815 uiribus
605 759 746 822 desertus,
754 755 854 813 lectulo
867 770 927 810 sese
958 758 1004 807 ‚et
1019 749 1085 814 lieo,
1098 751 1188 805 omnia
1203 766 1263 819 quan
1275 752 1303 806 in
1317 768 1360 807 me
1379 753 1502 821 peccarit
1515 753 1553 807 illi
1568 755 1687 809 remitto.
1714 754 1765 810 Vc·

135 852 290 909 committit.
977 850 1064 898 strum
1081 852 1171 896 autern
1189 844 1241 897 crit
1255 843 1329 898 illum
1351 859 1471 909 monere,
1486 852 1515 898 ut
1528 845 1612 916 siege
1631 844 1669 900 illi
1685 847 1764 901 toties

171 944 258 998 Porro
269 941 331 1010 quis
342 938 459 1009 explicet
480 937 539 1007 ejus
550 954 601 1010 pro
613 938 743 993 Ecclesia
766 945 839 993 statu
852 936 927 992 solli-
976 948 1117 1004 perperam
1141 943 1216 1004 gesta
1240 933 1348 998 indulsi,
1364 934 1408 989 illc
1433 943 1522 988 tannen
1538 934 1578 988 sni
1602 949 1655 988 non
1669 933 1764 988 oblivi-

135 1035 299 1097 citudincm,
326 1030 371 1086 rel
396 1045 448 1101 pro
474 1029 533 1098 eius
557 1029 736 1085 concussione
760 1027 928 1083 merorem?
977 1034 1078 1091 scatur,
1093 1027 1140 1096 qni
1166 1040 1248 1081 canos
1270 1035 1398 1096 paternos
1418 1025 1527 1080 deducit
1541 1040 1603 1079 cum
1624 1023 1764 1080 dolorcad

134 1124 197 1194 quit
209 1133 339 1178 enarrare
351 1119 533 1189 lacrymarum
546 1117 668 1182 flumina,
686 1131 755 1187 quas
782 1130 833 1186 pro
847 1129 926 1170 aeos·
976 1125 1103 1181 mortem,
1120 1123 1148 1170 et
1161 1115 1189 1169 in
1211 1116 1311 1170 talibus
1325 1116 1476 1170 communis
1496 1114 1585 1170 Putris
1607 1113 1655 1168 bei
1668 1128 1765 1184 praec·
1800 1181 1801 1184 Ἴ

134 1209 377 1268 lerationcditinae
399 1207 550 1264 clementiae
578 1203 927 1262 londcbatlbioncnimsc
977 1212 1023 1275 pta
1052 1204 1193 1276 minasque
1219 1208 1391 1275 contempsit.
1419 1205 1467 1261 liis
1491 1207 1610 1276 peractis
1631 1212 1659 1258 et
1685 1205 1765 1259 dictis

133 1316 307 1361 recessurum
320 1300 440 1365 dolebat,
458 1298 590 1369 scdqood
608 1297 730 1353 loturum
755 1303 868 1352 nouerat
881 1309 928 1363 ge-
978 1295 1139 1368 (eratenim
1164 1312 1278 1368 uespere
1309 1296 1437 1368 sabbati),
1455 1297 1584 1368 praecepit
1608 1303 1638 1351 ut
1660 1305 1722 1350 ante
1736 1312 1765 1349 sc

134 1396 239 1459 mebat,
255 1392 348 1447 dicens
362 1406 392 1446 se
416 1390 557 1453 miserum,
584 1389 662 1459 cuius
685 1394 806 1443 extrema
822 1385 928 1440 claude
977 1386 1180 1442 celebrarentur
1193 1387 1291 1459 vigilie
1303 1395 1451 1452 nocturne,
1466 1394 1494 1441 et
1507 1385 1581 1453 ligno
1591 1394 1692 1441 sanctae
1704 1401 1766 1441 crn-

134 1491 232 1540 rcntur
258 1480 358 1535 talibus
382 1477 486 1535 inleriis
516 1476 673 1549 [miseribi-
696 1476 818 1531 Adorant
836 1484 926 1529 autem
977 1479 1017 1534 cis
1040 1489 1134 1549 pectus
1156 1495 1233 1534 suum
1259 1479 1476 1534 munireturzet
1501 1477 1622 1546 qnandiu
1646 1476 1766 1539 ualebat,

133 1573 195 1645 qus
207 1568 384 1628 consolationi
409 1567 578 1624 venerabiles
589 1566 725 1622 antistites
743 1573 772 1620 et
794 1563 839 1618 aiii
854 1561 927 1618 serui
978 1585 1060 1625 manu
1078 1571 1189 1641 propria
1203 1577 1259 1625 ram
1279 1569 1396 1625 spontem
1409 1583 1489 1638 quam
1513 1576 1607 1638 pectus
1628 1567 1722 1622 podem
1734 1567 1768 1619 si-

135 1667 183 1723 lici
198 1662 403 1735 quamplurimi,
416 1661 486 1716 inter
503 1675 571 1729 quos
585 1668 664 1715 crant
674 1657 927 1715 lietbirenerabilis
978 1660 1092 1729 qnaculo
1107 1660 1261 1732 insignibat.
1273 1659 1301 1715 Si
1314 1659 1420 1729 qnando
1434 1658 1595 1721 lassabatur,
1611 1671 1659 1726 per
1670 1672 1768 1721 manus

136 1755 317 1812 Treverorum
341 1751 569 1820 arcltiepiscopus,
589 1748 716 1820 tharius
731 1747 874 1820 bioqontiae
890 1747 926 1803 si·
940 1754 965 1814 Β
978 1748 1073 1806 iratris
1098 1751 1140 1808 sui
1156 1750 1290 1823 Drogonis
1306 1759 1372 1806 notu
1397 1751 1424 1805 id
1438 1749 1497 1805 lieri
1510 1749 1647 1823 poscebat.
1669 1747 1770 1802 liansit

135 1844 237 1901 militer
257 1841 499 1912 archiepiscopus,
519 1841 566 1896 sed
581 1848 609 1894 ot
621 1842 710 1910 broqo
724 1838 809 1894 irater
822 1838 924 1894 domini
976 1856 1041 1911 erqo
1067 1850 1123 1896 tota
1137 1841 1182 1896 illa
1198 1850 1277 1897 nocte
1301 1841 1391 1897 ontnis
1402 1841 1508 1896 uirtutis
1529 1855 1666 1911 corporeae
1679 1841 1767 1910 inops,

135 1931 307 2003 imperatoris
331 1930 460 1988 bistones
484 1931 636 2000 episcopus,
651 1945 703 1985 nec
723 1943 777 1984 non
791 1929 860 1985 sacri
878 1943 926 1999 pa·
975 1931 1058 1986 solius
1076 1931 1231 1987 sobrietatis
1247 1931 1329 1986 animi
1344 1945 1463 2003 compos.
1488 1929 1691 1996 incrastinum,
1708 1945 1768 2000 quen

136 2020 196 2078 latii
210 2018 453 2090 archicapellanus.
468 2019 553 2087 Qrtem
567 2028 667 2090 quanto
681 2019 734 2074 sibi
755 2019 927 2090 propinquis
970 2028 1037 2094 ‘erat
1048 2019 1200 2087 Dominica,
1213 2019 1295 2089 jussit
1311 2020 1491 2076 ministerium
1505 2020 1600 2074 altaris
1610 2021 1768 2091 praeparari,

136 2130 194 2171 rem
214 2120 338 2178 nouerat,
354 2119 432 2166 tanto
444 2113 469 2167 ci
488 2111 649 2166 familiarius
665 2126 713 2166 sua
728 2111 818 2166 omnia
835 2117 863 2165 et
880 2125 926 2164 sc·
974 2115 1003 2165 et
1016 2122 1064 2178 per
1084 2106 1200 2163 officium
1220 2107 1351 2178 Drogonis
1368 2108 1513 2163 missarum
1537 2107 1669 2163 solemnia
1695 2108 1771 2164 cele·

136 2212 193 2258 ruet
211 2201 347 2257 credebat.
373 2199 426 2254 Per
455 2200 578 2254 eumdem
603 2185 729 2267 qnotidie'
747 2196 926 2255 consessionis
974 2201 1071 2263 brari:
1093 2216 1144 2259 nec
1155 2216 1209 2267 nou
1223 2215 1273 2272 per
1291 2217 1388 2256 manus
1401 2199 1554 2272 ejus,juxta
1567 2216 1682 2266 morem,
1694 2215 1769 2257 com-

136 2307 192 2348 suae
204 2305 312 2353 munus,
328 2287 491 2344 saerillcium
505 2288 615 2357 spiritns
628 2287 811 2351 contribulati,
826 2297 926 2342 etcor-
976 2289 1131 2344 munionem
1151 2304 1255 2344 sacram
1275 2290 1327 2345 sibi
1341 2290 1409 2355 dari,
1426 2297 1453 2344 et
1471 2297 1533 2359 post
1547 2291 1605 2344 hacc
1627 2289 1767 2360 cujusdam

136 2385 178 2440 dis
190 2380 336 2445 humiliati,
365 2380 438 2448 quod
461 2379 533 2434 [leus
551 2393 606 2433 non
634 2378 758 2447 despicit,
785 2377 925 2434 ollerebat.
976 2380 1138 2450 potiunculae
1160 2378 1282 2441 calidulae
1294 2381 1419 2440 haustum
1434 2380 1559 2448 praeberi.
1587 2378 1770 2449 Quoperpan·

135 2472 219 2529 Cibus
243 2474 303 2543 ejus
325 2480 385 2526 crat
407 2470 575 2525 solummodo
599 2485 650 2540 per
675 2468 733 2524 dies
749 2471 927 2541 qnadraginta
977 2468 1061 2523 lulum
1087 2467 1237 2538 praelibato,
1262 2475 1388 2538 precatus
1409 2475 1452 2522 est
1475 2467 1605 2533 iratrem,
1633 2476 1661 2523 ct
1688 2468 1769 2523 simul

138 2565 308 2620 bominicum
323 2580 432 2635 corpus,
450 2563 576 2618 laudante
588 2579 620 2618 co
642 2562 775 2632 justitiam
790 2564 836 2619 Dei
848 2573 875 2620 et
888 2565 928 2619 di-
978 2567 1109 2622 astantes,
1125 2566 1155 2613 ιιι
1169 2559 1297 2614 curandis
1311 2559 1470 2630 corporibus
1495 2574 1605 2629 operam
1620 2560 1725 2625 darent,
1739 2570 1781 2613 sc·

137 2660 236 2708 cente:
252 2651 344 2708 iustus
366 2667 407 2719 es,
438 2652 563 2719 Domine,
596 2653 929 2725 utquiaQuadragesirnae
979 2647 1072 2707 ardu
1096 2648 1313 2719 praestolaturum
1337 2649 1456 2718 quandiu
1488 2648 1527 2702 illi
1552 2647 1626 2703 reltci
1649 2657 1768 2717 possent.

137 2752 245 2814 tempus
270 2761 323 2801 non
347 2745 473 2815 jejunans
500 2743 590 2815 exegi,
611 2743 706 2799 saltem
733 2753 842 2800 coactus
857 2744 927 2800 idem
976 2738 1098 2794 instante
1112 2746 1201 2793 autern
1213 2737 1382 2809 migrationis·
1396 2737 1453 2807 ejus
1465 2736 1589 2803 articulo,
1604 2734 1698 2803 iuncto
1709 2736 1769 2806 pol⁴

132 2831 265 2901 ieiunium
282 2835 328 2888 tibi
344 2833 493 2889 exsolvam.
518 2833 602 2888 lussit
618 2842 708 2888 antem
736 2834 825 2890 eidem
847 2848 929 2891 rene-
978 2828 1029 2883 lice
1047 2843 1110 2882 eum
1133 2827 1256 2883 articulis
1283 2826 1346 2899 (boe
1371 2827 1444 2881 enim
1467 2825 1558 2881 lacere
1579 2835 1769 2892 consueverat,

137 2924 216 2978 rabili
231 2922 309 2977 lratri
322 2939 371 2978 suo
384 2923 513 2994 iiroqoni,
531 2933 561 2981 nt
574 2923 715 2981 ministros
741 2938 929 2985 cammerata
977 2918 1001 2983 si
1015 2918 1124 2989 qnando
1135 2916 1249 2979 trabem
1271 2926 1337 2973 ιιιιιιι
1353 2917 1479 2989 vocabat)
1500 2914 1655 2987 liroqonem
1679 2932 1769 2971 accer-

136 3019 200 3067 ante
214 3028 244 3066 se
260 3012 353 3066 venire
364 3010 473 3075 laceret,
490 3020 517 3067 et
527 3028 585 3067 rem
598 3011 770 3078 familiarem,
786 3028 847 3084 quar
859 3029 926 3069 con-
979 3009 1050 3064 sivit.
1070 3008 1130 3076 Quo
1143 3009 1269 3065 veniente
1285 3017 1313 3064 ct
1327 3008 1439 3080 reliquis
1464 3009 1660 3074 sacerdotibus,
1675 3009 1769 3063 verbis

137 3103 228 3158 stabat
240 3102 267 3155 in
293 3103 460 3156 ornamentis
474 3102 623 3173 regalibus,
647 3102 751 3158 scilieet
764 3102 883 3169 coronis,
895 3093 959 3158 ctC
974 3100 1073 3171 quibus
1096 3099 1185 3170 potuit
1195 3106 1223 3154 ct
1236 3099 1347 3156 nutibus
1371 3114 1401 3154 se
1417 3098 1622 3164 commendans,
1642 3098 1765 3154 benedici

138 3191 233 3256 armis,
250 3191 333 3254 uasis,
349 3190 436 3254 libris
457 3190 722 3260 sacerdotalibusque
734 3193 864 3258 restibus,
877 3207 926 3263 per
976 3190 1083 3260 petivit,
1099 3199 1126 3244 et
1150 3204 1210 3259 quas
1228 3188 1316 3244 solent
1337 3188 1380 3259 aqi
1403 3189 1430 3242 in
1445 3203 1553 3258 egressu
1571 3188 1679 3253 animae,
1710 3187 1767 3241 lieri

136 3279 242 3351 sinqula
256 3280 372 3335 describi
385 3279 503 3350 juberet.
519 3279 569 3335 Cui
596 3289 675 3350 prout
689 3281 739 3337 sibi
763 3283 850 3337 risum
864 3280 924 3343 init,
976 3280 1132 3352 postularit.
1160 3280 1263 3347 Quibus
1278 3280 1303 3334 id
1324 3278 1476 3350 agentibus,
1497 3279 1569 3334 sicut
1595 3278 1686 3349 plures
1700 3277 1779 3331 mibi.

135 3367 202 3439 qnid
216 3368 426 3439 ecclesiis,quid
446 3370 619 3438 pauperibus,
637 3372 848 3442 postremoquid
863 3372 926 3428 otiis
977 3368 1137 3434 retulerunt,
1166 3383 1297 3424 conversa
1322 3369 1380 3423 acie
1395 3369 1422 3422 in
1441 3367 1581 3423 sinistram
1596 3379 1712 3437 partem,
1729 3367 1769 3421 in·

134 3457 246 3528 elargiri
271 3458 394 3525 deberet,
412 3460 544 3526 edixerat,
567 3459 695 3516 Lotltario
719 3460 926 3519 seilicctetssa·
976 3459 1112 3531 dignando
1136 3459 1345 3529 quodammodo,
1361 3458 1461 3514 virtute
1482 3465 1583 3527 quanta
1603 3458 1690 3526 potnit
1701 3457 1769 3510 dixit

135 3547 204 3605 tolo.
217 3549 250 3602 Et
262 3548 391 3605 Lotbario
405 3550 514 3619 quidem
525 3564 664 3615 coronam,
675 3565 779 3616 ensem,
789 3559 925 3622 sceptrum
976 3553 1018 3608 bis
1033 3550 1114 3614 Hirta,
1133 3550 1217 3616 llutz,
1232 3549 1303 3620 quod
1316 3549 1463 3620 significat,
1476 3547 1571 3611 Fortis,
1584 3545 1678 3601 Foras.
1693 3545 1771 3601 Unde

134 3652 204 3699 turo
216 3639 385 3709 gemmisque
414 3639 580 3704 redimitum,
597 3653 631 3693 eo
656 3647 751 3696 tcuom
772 3641 925 3698 babendum
976 3649 1052 3709 patet
1074 3642 1137 3710 quia
1154 3640 1299 3710 malignum
1317 3639 1442 3706 spiritum
1463 3637 1541 3701 ridit,
1556 3636 1633 3706 cttjns
1655 3635 1770 3690 societa-

135 3731 263 3795 minitat
280 3731 360 3786 iidem
387 3730 483 3787 carolo
512 3727 646 3786 otludith
669 3738 925 3788 serraretcttotam
978 3740 1095 3787 temneo
1118 3731 1196 3784 riuus
1213 3745 1262 3784 nec
1283 3728 1404 3782 moriens
1429 3724 1769 3782 transmeduanensis

134 3823 211 3892 rapui
226 3823 378 3892 portionem
405 3821 442 3876 illi
457 3821 624 3877 consentiret
636 3829 665 3876 et
677 3828 810 3887 tueretur,
831 3837 924 3891 quam,
978 3821 1091 3876 eleuatis
1108 3821 1141 3876 ad
1155 3820 1254 3875 eoeltrrn
1273 3819 1370 3882 oculis,
1394 3827 1497 3887 quanto
1515 3819 1568 3873 buc
1582 3817 1714 3874 ruinosius
1728 3819 1769 3873 in-

134 3915 193 3973 beo
218 3924 287 3972 teste
309 3923 337 3971 et
350 3915 510 3985 proceribus
519 3914 622 3984 palatii,
642 3913 687 3970 ilie
711 3929 804 3970 secum
818 3921 846 3969 et
865 3923 926 3969 ante
978 3910 1115 3975 tuebatur,
1139 3918 1214 3964 tanto
1232 3908 1295 3964 illuc
1320 3907 1408 3963 laetius
1431 3904 1590 3962 intendebat
1616 3906 1680 3978 [lis.
1696 3908 1767 3969 coda,

133 4023 166 4067 ac
178 4007 292 4078 largitus
306 4009 332 4064 ei
356 4007 455 4064 luerat.
474 4008 522 4064 llis
537 4008 589 4064 rite
603 4008 730 4078 peractis,
755 4007 857 4076 gratias
871 4007 926 4061 lieo
977 4002 1134 4073 angelorum
1153 4001 1261 4072 agmina
1275 4001 1310 4056 ad
1323 4014 1352 4053 se
1372 3999 1481 4054 intuens
1492 3998 1633 4068 conspexit
1659 3998 1768 4054 rotrirn-

133 4101 268 4172 egitquia
296 4100 362 4156 nibil
385 4100 437 4156 sibi
461 4114 605 4170 superesse
626 4099 764 4170 proprium
790 4098 924 4169 cognovit.
978 4097 1037 4152 tia:
1058 4095 1101 4151 illa
1122 4095 1210 4151 letius
1228 4096 1267 4150 sic
1295 4092 1462 4156 intendebat,
1486 4089 1561 4164 etc.],
1578 4092 1615 4147 ita
1630 4092 1741 4148 utnibil
1752 4110 1768 4148 a

134 4188 209 4245 luter
221 4189 280 4244 baec
290 4198 346 4243 tam
356 4188 519 4245 venerabilis
534 4188 649 4244 antistes
661 4186 760 4258 liroqo,
777 4202 858 4256 quam
872 4200 926 4243 cae-
978 4189 1083 4245 ridente
1098 4186 1208 4244 differre
1224 4186 1370 4243 videretur.
1386 4183 1416 4240 ln
1437 4184 1534 4240 talibus
1547 4199 1611 4256 ergo
1626 4185 1686 4245 ritae
1698 4201 1768 4259 prte-

134 4277 188 4339 teri
206 4276 358 4346 pontifices,
377 4279 440 4333 dnm
455 4278 482 4335 in
502 4278 609 4334 cunctis
632 4293 692 4348 quae
707 4277 927 4349 agebanturlioo
978 4279 1062 4336 sentis
1093 4277 1237 4334 terminum
1259 4277 1380 4340 sortitus.
1404 4276 1438 4330 ad
1453 4274 1575 4346 requiem
1598 4273 1722 4341 feliciter,
1739 4285 1769 4332 nt

133 4375 227 4440 pratos
249 4366 454 4436 persolverent:
480 4376 511 4423 ut
537 4375 599 4437 pote
625 4367 670 4439 qui
692 4367 821 4422 ridebant
852 4366 927 4436 quod
978 4369 1124 4433 eredimus,
1152 4366 1446 4438 cumrniqraviuqnia,
1464 4374 1493 4421 ut
1514 4364 1765 4422 veraciterdictum

134 4470 208 4522 οιιιιι,
225 4470 306 4526 quem
319 4458 420 4512 chorus
445 4458 575 4513 virtutum
593 4471 701 4529 semper
714 4457 858 4514 comitatus
870 4457 928 4513 lue·
939 4426 967 4486 D
978 4470 1021 4519 est
1043 4477 1058 4515 a
1083 4459 1201 4515 veridico
1224 4458 1353 4512 doctore:
1372 4455 1432 4508 Nou
1457 4463 1538 4525 potest
1561 4455 1629 4509 arole
1644 4455 1711 4511 mori
1724 4457 1768 4526 qui

134 4554 188 4613 rat,
209 4562 282 4601 nunc
310 4548 513 4618 perseuerantia
542 4549 723 4619 subsequens,
749 4550 826 4619 quasi
840 4550 926 4606 cauda
980 4551 1042 4617 berte
1055 4552 1157 4607 riserit.
1172 4549 1292 4605 Decessit
1304 4555 1394 4601 numm
1407 4561 1444 4599 ιιι
1463 4543 1595 4600 liniendas
1606 4544 1680 4611 tulit,
1696 4560 1767 4599 anuo

134 4637 243 4703 Mite,
258 4639 413 4709 lotentejus
427 4638 491 4693 rita
515 4639 677 4696 sacrificium
693 4641 748 4697 lieo
762 4657 872 4712 prorsus
883 4656 927 4696 ac·
981 4645 1044 4699 ritae
1059 4658 1114 4699 strar
1125 4639 1297 4711 sexagesimo
1319 4643 1426 4706 quarto.
1443 4634 1476 4690 Et
1491 4633 1642 4704 Aquitaniae
1659 4633 1766 4706 quidem

133 4734 245 4796 comatur
264 4727 412 4782 reddebat:
434 4743 518 4782 unum
539 4737 598 4783 erat
613 4744 668 4798 qao
692 4731 820 4798 gaudium
833 4746 926 4786 eorum
980 4731 1089 4804 prainit
1101 4746 1149 4802 pcr
1162 4745 1249 4785 annos
1265 4728 1372 4799 triginta
1400 4733 1513 4795 septem,
1538 4722 1679 4795 imperarit
1701 4739 1766 4779 rerer

133 4813 328 4871 omsmbatur.
353 4815 524 4873 Verebantur
546 4818 620 4874 enim
645 4834 680 4874 nc
697 4817 767 4875 lorte
791 4820 846 4875 lilio
870 4822 925 4876 Ln-
979 4822 1075 4895 riqirrti
1089 4829 1202 4892 septem.
1217 4819 1313 4876 beirna
1323 4833 1405 4891 porro
1418 4817 1570 4880 recedente,
1586 4816 1673 4889 Droqo
1684 4813 1769 4872 irater

133 4902 232 4959 dorico
246 4903 424 4973 implacabilis
433 4920 494 4962 esse
506 4904 596 4973 uellet,
616 4907 734 4963 scientes
746 4909 819 4978 quod
830 4908 927 4964 rubim
980 4911 1039 4982 ejus
1053 4920 1080 4967 ct
1094 4912 1236 4983 episcopus
1252 4908 1388 4969 distensis,
1411 4922 1472 4963 cunt
1486 4905 1545 4965 aliis
1561 4904 1706 4977 episcopis,
1722 4905 1769 4959 ab

135 4993 294 5066 frequenter
321 4998 447 5065 incisum,
474 5006 521 5053 aut
546 4999 665 5054 cauterio
691 5000 825 5065 adustum,
854 5016 927 5057 acer·
979 5001 1098 5067 batibus,
1123 5000 1277 5065 comitibus,
1305 4998 1392 5053 vassis
1419 4996 1573 5063 dominicis,
1599 4995 1768 5067 plurimaque

131 5084 240 5141 bioretn
266 5087 388 5144 dolorem
420 5089 563 5145 sustinenti
581 5099 758 5161 propagaret,
781 5090 823 5146 lisi
837 5097 927 5147 tamen
980 5092 1133 5162 frequentia
1156 5099 1211 5146 tam
1225 5090 1290 5146 cleri
1308 5104 1388 5159 quam
1410 5088 1511 5160 populi,
1527 5086 1642 5158 sumptis
1654 5085 1769 5158 impera-

135 5174 239 5245 deeius
253 5179 354 5233 inuicta
366 5179 496 5249 patientia
522 5194 577 5248 qua
600 5195 708 5250 semper
732 5196 798 5237 usus
811 5189 863 5247 est,
879 5197 928 5251 per
980 5185 1047 5240 toris
1069 5184 1189 5255 reliquiis
1216 5196 1391 5251 cummagno
1416 5179 1518 5234 horrore
1533 5176 1611 5231 lieris
1628 5184 1767 5247 transpor-

135 5268 291 5339 aaronem
306 5269 420 5324 lratrem
438 5269 508 5339 ejus,
527 5269 605 5340 cujus
628 5273 709 5328 rerba
735 5288 863 5344 spernere
877 5289 927 5329 no·
982 5276 1032 5330 tari
1045 5274 1117 5338 lectt,
1134 5283 1161 5330 et
1173 5275 1200 5331 in
1213 5270 1324 5349 basilica
1339 5271 1426 5326 sancti
1440 5268 1553 5333 errrulll,
1569 5284 1623 5339 qno
1637 5276 1665 5323 et
1680 5275 1768 5323 ntater

135 5357 219 5423 lebat,
244 5360 365 5415 animum
390 5359 462 5416 illius
489 5359 588 5415 leuiter
603 5360 720 5430 pulsant.
739 5362 789 5430 Qui
811 5364 928 5433 primunt
979 5364 1038 5435 eitrs
1050 5365 1159 5421 condita
1171 5373 1225 5429 est,
1240 5361 1366 5419 nobiliter
1378 5359 1509 5430 sepelivit.

134 5451 247 5522 miden
259 5453 466 5508 amaritudinem
478 5452 519 5507 sui
531 5452 614 5506 aniani
626 5454 801 5509 demonstrat.
816 5454 853 5509 dt
864 5469 929 5513 tero
1016 5454 1125 5511 Finierat
1155 5452 1215 5507 Vita
1238 5462 1262 5506 ct
1275 5461 1348 5507 actim
1374 5449 1480 5521 qioriori
1498 5449 1622 5522 principis
1641 5449 1731 5507 invidi
1741 5456 1766 5505 ct

135 5557 284 5614 pantmpcr
311 5543 473 5608 deliberans,
501 5550 529 5599 ct
556 5543 658 5600 viribus
685 5545 928 5615 quantuliscunque
979 5545 1117 5602 ortltodori
1130 5544 1291 5612 imperatoris
1304 5540 1427 5598 Lttdoeict'
1441 5540 1491 5597 Pii.

135 5631 261 5689 rota-eris
286 5649 446 5690 enumerare
472 5634 632 5701 conabatur,
643 5643 709 5703 quot
728 5642 754 5691 et
769 5636 875 5705 quantis
891 5635 925 5690 in·
