3832 6120
141 293 193 349 lta
686 276 824 334 cnsnnh
844 270 1079 332 rtuhtnnltSls
1098 266 1254 327 tristent
1723 262 1776 320 ltt

140 422 192 466 uos
207 407 234 461 iu
251 399 389 474 prosperis
402 403 505 469 portat,
520 392 584 464 quia
607 390 730 447 destituti
752 389 817 445 dum
836 386 935 444 cadere
948 390 973 448 Α
986 384 1124 441 bominem
1146 381 1197 438 liei
1214 380 1362 437 coercitum
1383 378 1473 451 potins
1493 377 1682 449 temporaliter
1696 392 1779 452 aq„
1823 440 1826 445 Ι

138 496 294 567 incipimus,
309 500 338 544 et
360 496 451 543 tamen
473 481 558 552 adjuti
577 479 738 544 retinemur,
759 484 788 534 et
810 476 932 532 doctrina
986 473 1021 529 ad
1039 481 1166 539 mortem,
1184 487 1266 544 quam
1280 469 1404 542 punitum
1425 484 1486 526 esse
1506 476 1569 541 post
1590 478 1719 525 mortem.
1743 468 1781 529 ug

138 588 183 651 dt,
203 582 275 655 quod
292 579 438 649 inlapsum
453 571 658 644 trepidavimus,
673 578 700 624 et
713 568 847 633 custodia,
860 566 933 637 quod
984 581 1038 636 qun
1054 580 1084 620 re
1105 563 1251 635 Apostolus
1271 577 1333 619 cum
1348 570 1459 632 propter
1472 562 1487 601 ¹¹
1500 560 1685 631 quorumdam
1698 558 1782 617 οπω-

137 678 165 732 ἰιι
180 684 252 733 statu
264 682 482 742 permaneamus.
497 664 583 720 nemo
599 677 664 733 ergo
678 676 707 716 se
723 660 837 731 aiicujus
848 659 935 714 virtu·
984 672 1040 723 sas,
1053 662 1294 712 commemorasset
1314 653 1497 717 infirmitates,
1511 660 1672 723 mortesque
1683 652 1782 710 mergo.

137 768 172 820 tis
187 765 312 826 aestimet,
328 761 410 816 ctiam
424 771 485 812 cnm
501 753 566 824 qnid
581 751 689 807 lortiter
703 762 716 791 ἃ
731 749 853 821 poterit:
870 747 933 818 qnia
984 763 1044 802 rum
1063 745 1090 817 (l
1107 744 1169 801 Cor.
1185 762 1230 810 rr,
1246 745 1278 800 dl
1296 753 1320 798 et
1334 741 1379 814 52)
1394 760 1400 796 :
1417 742 1440 796 si
1455 742 1524 796 enim
1541 740 1726 810 nemerim,
1743 742 1783 798 gn,

136 858 160 912 si
186 855 278 911 diviua
302 849 436 922 protectio
461 843 576 906 deserit,
602 841 638 896 ihi
664 850 775 910 repente
798 836 935 893 enerviter
984 839 1053 908 quit,
1064 836 1289 909 judicaremus,o
1307 832 1420 888 barutino
1436 848 1488 886 uon
1499 831 1709 900 judicaremur:
1723 848 1781 887 ears

135 948 272 1012 obruitur,
288 943 333 998 nbi
348 956 377 997 se
390 938 513 993 valenter
526 944 600 990 stare
613 933 628 973 b
643 931 785 1003 gloriatur.
808 928 879 996 Quid
892 935 935 984 est
978 927 1137 998 judicamur
1149 934 1247 990 autem,
1265 940 1282 977 u
1303 921 1415 977 Domino
1427 920 1595 991 corripimur,
1608 930 1639 973 st
1655 936 1710 975 sorr
1723 937 1781 975 ee.

136 1039 210 1095 enim
222 1035 294 1107 quod
307 1033 349 1087 vir
360 1030 408 1086 hei
421 1038 515 1084 contra
530 1025 615 1082 altare
627 1021 759 1077 Samariae
771 1020 805 1075 ad
818 1018 933 1089 propbe-
983 1017 1031 1070 huc
1045 1015 1141 1071 nruudu
1154 1015 1320 1069 damnemur.
1342 1011 1410 1067 Eum
1429 1024 1496 1066 saue
1514 1010 1581 1080 ipse,
1598 1010 1648 1079 qui
1668 1010 1781 1081 derepe-

137 1128 249 1184 tandum
263 1124 392 1186 directus,
407 1125 540 1190 presente
555 1129 619 1185 rege
636 1110 827 1168 auctoritatem
841 1109 934 1166 liberae
983 1117 1026 1162 rat
1038 1110 1116 1177 (cers.
1130 1106 1176 1177 30)
1193 1105 1220 1160 in
1236 1113 1412 1161 monumento
1426 1103 1537 1175 proprio
1550 1102 1618 1157 saris
1632 1101 1781 1158 honoris„

136 1218 212 1273 vocis
222 1213 353 1277 exercuit,
365 1210 540 1282 ejusdemque
552 1204 623 1276 regis
636 1210 779 1258 extensum
790 1200 932 1255 brachium
983 1197 1116 1267 sepelivit,
1139 1210 1223 1264 seque
1242 1193 1426 1264 sepeliendum
1444 1191 1522 1262 justa
1543 1191 1602 1261 ejus
1624 1205 1690 1247 ossa
1704 1207 1780 1249 enra-

137 1307 166 1361 in
181 1317 192 1345 ⁰
209 1305 325 1375 rigorem
340 1299 501 1356 mirabiliter
514 1294 656 1358 astrinxit,
672 1291 744 1362 quod
762 1299 853 1346 tamen
869 1305 933 1346 mox
983 1290 1042 1344 vit:
1060 1290 1097 1344 ita
1112 1303 1225 1359 sperans
1241 1286 1317 1357 parci
1332 1299 1413 1356 posse
1426 1284 1534 1340 ossibus
1548 1284 1616 1347 suis,
1630 1298 1695 1338 cunr
1707 1285 1781 1341 reat.

137 1392 351 1451 misericorditer
368 1388 449 1445 saluti
465 1384 601 1442 restituit?
622 1379 705 1451 Cujus
723 1381 750 1435 in
765 1380 875 1435 domum
891 1379 933 1434 in·
983 1385 1026 1432 rct
1047 1385 1164 1448 tempus,
1188 1377 1297 1446 quando
1320 1374 1469 1430 secuudum
1492 1372 1565 1428 illius
1586 1372 1712 1429 hominis
1733 1370 1778 1431 bei

136 1488 237 1549 vitatus
251 1482 394 1540 comedere
415 1479 512 1544 noluit,
536 1475 583 1547 qui
606 1487 642 1530 ne
665 1475 693 1529 in
706 1473 750 1528 via
766 1471 932 1538 comederet,
982 1469 1153 1538 prophetiam
1166 1463 1497 1541 (tvncpxnnmat'l),
1510 1461 1601 1519 iosias
1614 1478 1663 1519 rer
1673 1462 1778 1523 dudsir

137 1576 329 1648 prohibitionis
338 1573 480 1630 dominium
493 1576 627 1641 precepta
641 1566 768 1632 servavit,
780 1565 826 1635 qui
840 1574 932 1620 tamen
982 1558 1027 1613 illa
1044 1567 1117 1613 terra
1131 1557 1278 1613 multorum
1296 1557 1368 1612 eruit
1382 1571 1445 1612 ussa
1459 1565 1650 1620 mortuorum,
1666 1554 1778 1613 eisdem

137 1672 167 1726 in
178 1670 273 1725 eadem
285 1669 339 1732 via,
351 1673 378 1722 et
391 1665 519 1721 seductus
532 1660 659 1725 eomedit,
671 1665 699 1713 et
709 1666 804 1728 pastus
815 1656 929 1712 interiit.
982 1663 1035 1718 que
1054 1648 1161 1704 ossibus
1180 1648 1313 1719 sacrilega
1327 1646 1434 1712 altaria,
1455 1661 1515 1716 qum
1531 1632 1709 1716 schlptiiibns
1724 1645 1777 1704 ine·

138 1764 196 1830 0¹1³
211 1763 239 1816 in
253 1777 294 1825 re.
311 1759 376 1829 qnid
400 1757 493 1813 subtili
515 1752 733 1810 consideratione
757 1751 909 1823 colligimus
923 1765 931 1804 ε
945 1735 970 1795 Β
985 1744 1048 1793 taut
1059 1739 1218 1804 constituta,
1235 1737 1403 1794 funestavit:
1419 1736 1540 1808 pepercit
1554 1736 1658 1808 quippe
1672 1735 1712 1792 illi
1724 1752 1777 1795 ῃ.

138 1853 212 1923 quid,
225 1858 256 1906 ut
270 1851 307 1905 ita
318 1847 451 1911 dixerim,
468 1843 670 1899 lormidandum
684 1841 865 1911 suspicamur,
880 1840 932 1895 nisi
982 1840 1124 1896 numento,
1138 1830 1185 1887 abi
1203 1828 1312 1899 jacebat
1325 1829 1473 1898 Propheta,
1484 1829 1608 1901 quiante
1624 1844 1712 1887 annus
1724 1844 1778 1889 an-

137 1941 209 2012 quod
225 1939 341 1995 lorsitan
356 1935 426 2006 apu'd
439 1933 614 2003 semetipsum
630 1931 737 1993 tacitus,
752 1937 780 1985 et
800 1944 850 2000 pro
864 1943 933 1998 prm·
981 1921 1051 1991 tilius
1064 1929 1257 1991 quatercentos
1271 1922 1322 1978 ista
1335 1922 1490 1991 predixerat
1505 1940 1511 1975 :
1526 1928 1553 1976 et
1566 1930 1684 1993 propter
1694 1922 1777 1993 im

137 2032 223 2100 ceptis
236 2027 379 2083 dominicis
391 2039 482 2096 regem
503 2038 532 2079 sc
552 2021 747 2091 contempsisse
761 2018 775 2059 ἃ
790 2019 931 2090 gloriatus,
981 2028 1031 2069 nec
1046 2013 1129 2080 illita,
1145 2013 1191 2082 qui
1205 2027 1267 2068 eum
1281 2014 1434 2077 seduxerat,
1455 2013 1597 2083 sepultura
1613 2013 1717 2069 riohta
1727 2023 1776 2073 est

136 2124 172 2177 ab
185 2124 290 2177 interna
311 2135 375 2175 rnor
397 2116 533 2171 soliditate
555 2121 699 2182 quassatus
713 2117 765 2166 est.
781 2110 814 2167 Et
827 2110 890 2166 inde
904 2109 932 2165 in
980 2101 1085 2158 diiectu
1100 2118 1217 2173 namque
1231 2101 1276 2157 illo
1290 2100 1371 2174 (Epir.
1383 2117 1412 2168 v,
1427 2101 1483 2170 29),
1496 2116 1553 2172 qno
1563 2116 1649 2159 mmo
1661 2118 1778 2175 unqua·

137 2229 219 2284 opero
243 2212 321 2282 eulpa
336 2208 478 2278 surripuit,
492 2206 564 2262 unde
585 2204 670 2274 gloria
690 2203 717 2257 in
737 2201 819 2258 oordc
840 2214 852 2241 ⁰
872 2216 933 2256 ιιιι-
981 2210 1091 2251 caruem
1113 2209 1190 2250 suam
1205 2194 1267 2250 odio
1290 2194 1384 2260 babet,
1401 2194 1558 2265 providerat
1579 2194 1712 2251 cadaveri
1732 2210 1778 2251 no

139 2307 232 2377 repsit.
258 2304 334 2361 Unde
354 2302 430 2358 salsis
444 2301 583 2372 prophete
603 2296 693 2353 uerbis
705 2296 833 2366 deceptus
845 2294 932 2351 disce-
981 2287 1027 2359 qui
1041 2285 1181 2342 occiderat
1195 2285 1337 2341 mendacio
1357 2285 1476 2340 animam
1495 2299 1585 2341 snam.
1608 2286 1648 2343 Ex
1663 2287 1719 2343 hoc
1731 2286 1777 2359 igi-

137 2409 195 2465 ret,
222 2398 284 2469 quia
310 2410 481 2467 nequaquam
504 2391 620 2464 proprie
647 2387 813 2445 fortitudinis
837 2385 931 2453 luerit,
981 2387 1036 2444 lul.
1052 2378 1125 2448 quod
1147 2391 1256 2434 earnem
1272 2377 1479 2448 §antennisque
1502 2377 1668 2434 naturaliter
1681 2377 1776 2452 diligit,

137 2490 210 2560 quod
221 2489 255 2543 ad
270 2487 341 2557 regis
354 2485 435 2540 verba
450 2482 603 2538 restitisset.
626 2480 698 2535 Bene
711 2486 802 2533 autem
819 2492 855 2532 ex
874 2473 932 2545 ejus
981 2481 1008 2529 et
1020 2473 1059 2530 illi
1073 2487 1154 2545 prena
1168 2473 1220 2530 luit
1234 2473 1385 2541 addiscere,
1402 2488 1455 2529 non
1473 2489 1536 2530 earn
1552 2475 1680 2531 loturum
1692 2476 1721 2532 in
1737 2492 1778 2535 ss·

137 2598 185 2638 ore
198 2582 294 2637 mortis
306 2578 468 2635 sententiam
483 2574 598 2645 accepit,
611 2571 688 2642 cujus
698 2570 855 2627 seductione
868 2570 932 2626 vitae
980 2565 1095 2638 pulchro
1108 2575 1217 2636 patrum
1230 2581 1353 2632 suorum,
1369 2573 1397 2621 et
1409 2565 1473 2621 huic
1486 2581 1551 2621 cura
1563 2566 1739 2638 prospicere,
1749 2578 1778 2624 ιιι

138 2681 273 2745 precepto
288 2670 421 2734 deviavit,
445 2676 475 2724 ut
495 2666 557 2723 inde
577 2678 686 2735 prunam
704 2662 839 2717 veraciter
851 2659 932 2718 adsa-
981 2664 1140 2729 parceretur
1152 2658 1259 2714 ossibus
1280 2657 1347 2724 suis,
1361 2657 1385 2712 si
1397 2656 1476 2726 jnrta
1487 2672 1549 2713 eum
1560 2655 1682 2726 jaceret,
1703 2658 1778 2733 coins

138 2773 243 2830 meret,
268 2764 339 2818 uude
366 2760 533 2832 negligenter
559 2756 666 2828 culpam
690 2754 854 2810 admisisset.
882 2752 932 2811 Se·
981 2747 1155 2819 sepulchrum
1173 2747 1389 2805 ncmoviolaret.
1405 2746 1486 2805 hunc
1499 2748 1629 2806 allectum
1641 2760 1778 2825 martyres

138 2859 231 2929 quitur
246 2875 252 2910 :
981 2841 1082 2898 Christi
1103 2850 1239 2898 certantes
1252 2856 1302 2914 pru
1315 2842 1442 2909 veritate,
1455 2841 1591 2898 vicerunt.
1607 2840 1665 2899 liec
1680 2843 1777 2901 mim

173 2951 256 3019 (riri,
278 2944 341 3016 il.)
367 2962 376 2994 ι
400 2941 464 2997 lice
486 2940 495 2980 ¹
515 2939 578 2996 dicit
596 2938 740 3003 hominus,
758 2937 819 3008 quio
839 2936 930 2992 isole·
981 2932 1053 3004 quod
1080 2939 1319 3001 contempserunt,
1347 2931 1419 3002 quod
1446 2945 1501 2987 uun
1528 2929 1639 2987 fueraut
1667 2942 1777 3002 peracta

137 3037 211 3091 diens
226 3034 299 3106 [cisti
310 3033 349 3087 ori
364 3031 481 3095 honriui,
497 3039 521 3083 et
541 3045 592 3082 nour
610 3027 746 3082 custodisti
763 3027 928 3094 modorum,
981 3031 1069 3079 morte
1081 3022 1206 3089 sensuri,
1223 3021 1268 3091 qui
1282 3037 1336 3078 non
1349 3029 1495 3094 pomcrnut
1507 3021 1557 3088 cis,
1572 3037 1643 3094 qnos
1655 3022 1777 3081 virentes

136 3127 206 3197 quod
225 3125 345 3196 precepit
365 3120 414 3176 tili
431 3121 560 3174 hominus
580 3119 652 3173 Deus
672 3129 744 3183 tuus,
767 3127 792 3174 et
814 3086 966 3174 resersusC
981 3113 1145 3180 sentiebant,
1167 3113 1332 3169 eruciatibus
1346 3113 1428 3169 vinci.
1451 3112 1561 3170 Poterat
1578 3113 1676 3185 utique
1695 3114 1777 3181 hess,

137 3232 175 3279 es,
192 3225 216 3268 et
232 3212 368 3268 comedisti
388 3225 498 3282 punem,
518 3218 542 3262 et
560 3207 646 3262 bibisti
664 3224 760 3279 equom
774 3208 803 3262 in
820 3207 887 3276 ioco,
903 3209 932 3265 in
981 3203 1027 3275 qui
1050 3202 1155 3259 leonem
1176 3204 1315 3275 propheta
1328 3218 1437 3274 eorpus,
1456 3203 1529 3276 quod
1553 3204 1613 3275 ipse
1625 3204 1776 3273 occidus.

137 3323 189 3377 quo
206 3305 327 3375 pracepit
342 3302 388 3368 tibi
402 3318 433 3355 ne
451 3299 597 3354 comederes
613 3315 722 3369 punem,
736 3316 819 3371 neque
832 3300 932 3356 biberes
981 3292 1094 3349 ulterius
1115 3308 1169 3348 non
1184 3293 1309 3365 permisit
1330 3294 1473 3365 attingere,
1488 3301 1517 3349 et
1535 3291 1602 3350 iecit
1618 3295 1656 3353 de
1672 3308 1778 3369 pern·

137 3410 249 3467 aqueus,
263 3409 315 3446 rreu
330 3391 457 3462 inseretur
469 3389 581 3442 cadauer
607 3399 681 3442 tutem
703 3388 731 3442 iu
749 3386 868 3459 sepulcro
886 3406 933 3461 pu·
980 3390 1058 3453 plere
1068 3385 1207 3441 custodem
1221 3402 1228 3440 :
1244 3393 1366 3457 poterat,
1386 3385 1513 3455 inquam,
1532 3400 1680 3443 asnorum
1695 3386 1777 3445 lutee

138 3498 207 3542 rrum
221 3496 343 3551 tuorum,
359 3480 512 3551 etreliqua.
980 3472 1060 3530 lectis
1081 3474 1251 3546 corporibus,
1275 3491 1368 3542 canes,
1391 3475 1490 3547 quibus
1511 3474 1623 3534 lucrant
1641 3478 1775 3553 prolaeta,

176 3575 305 3643 «Quanti
325 3576 383 3630 haee
404 3586 485 3643 prena
509 3571 650 3642 pendenda
670 3570 716 3636 sit,
737 3569 759 3625 si
782 3568 930 3627 secundum
979 3567 1123 3638 prohibere
1138 3585 1145 3622 ι
1162 3574 1284 3639 poterat,
1304 3576 1332 3623 et
1353 3567 1473 3638 ipsorum
1492 3567 1636 3627 bominum
1651 3569 1777 3629 tuna*

138 3667 312 3740 Evangelium
327 3666 486 3735 cogitemus,
501 3664 546 3719 ubi
565 3670 627 3733 post
640 3677 739 3734 corpus
752 3661 873 3718 occisum
888 3661 930 3718 ni·
979 3659 1111 3723 rabilibus
1125 3660 1212 3716 modis
1223 3668 1316 3717 tenere
1328 3660 1517 3727 saevitiam'ne
1528 3661 1668 3718 cadavera
1686 3662 1776 3719 ἰω-

138 3761 176 3818 bil
187 3759 360 3816 metuendum
374 3772 436 3812 esse
449 3755 605 3821 didicimus,
618 3770 653 3812 ne
672 3755 794 3810 membra
809 3756 822 3796 ⁸
837 3755 930 3811 exani·
979 3754 1059 3821 dere,
1081 3768 1131 3809 uec
1146 3755 1154 3795 ¹
1172 3752 1200 3808 iu
1221 3767 1284 3808 aera
1306 3751 1461 3825 dispergere
1482 3752 1639 3809 auderent:
1657 3755 1708 3812 sed
1725 3752 1775 3812 ltus

25 3894 28 3899 ,
137 3861 209 3907 mata
224 3851 372 3923 patiantur,
385 3862 435 3903 nec
446 3860 526 3919 poeua
539 3845 717 3902 dicendaest.
732 3844 761 3901 Si
775 3854 865 3902 autern
879 3847 929 3905 hu·
979 3856 1092 3919 quoqne·
1106 3845 1321 3919 experimentum
1343 3844 1485 3915 multiplici
1499 3845 1629 3903 varietati
1650 3847 1774 3905 nutam

137 3957 248 3998 manum
266 3956 330 4011 erga
349 3954 424 3995 suam
443 3953 554 3994 carnem
569 3937 771 3994 consideremus
789 3936 928 4007 alieetum,
979 3956 1044 3995 uum
1058 3939 1153 3996 deesse
1175 3953 1230 3995 nun
1252 3937 1355 4003 debuit,
1377 3953 1411 3994 ne
1431 3935 1563 3993 lurdtudo
1582 3936 1773 4004 confessionis.

137 4034 224 4106 potuit
243 4032 304 4087 iude
324 4030 431 4095 terreri,
447 4030 490 4085 vcl
504 4028 661 4085 contristari
674 4029 762 4095 vivus,
780 4030 852 4100 quod
866 4045 930 4088 sen·
978 4046 1039 4103 quae
1060 4028 1222 4086 immanitati
1247 4027 1444 4099 persecutionis
1466 4042 1517 4100 pru
1538 4030 1667 4103 eorporis
1690 4028 1773 4088 utra

137 4139 218 4182 surus
240 4137 293 4177 uua
318 4130 379 4176 erat
392 4127 526 4175 mortuus.
542 4119 577 4174 Et
598 4120 656 4174 hac
676 4126 735 4174 erat
748 4134 839 4189 poena,
861 4134 928 4191 quo-
978 4137 1034 4177 non
1049 4122 1172 4184 cederet,
1191 4135 1241 4192 pro
1273 4118 1390 4191 sepulcri
1412 4121 1516 4177 bonore
1536 4121 1706 4193 trepidarem
1727 4136 1772 4198 ps·

138 4216 213 4271 niam
228 4213 336 4269 dolebat
358 4211 476 4275 animus,
494 4210 521 4265 id
541 4209 576 4265 de
593 4225 642 4266 suo
660 4224 774 4281 corpore
795 4209 926 4280 iutnmm,
978 4221 1081 4268 sucruo
1095 4226 1130 4266 ue
1148 4210 1216 4268 artes
1236 4211 1445 4268 resurrectionis
1461 4213 1702 4287 consumptionem
1715 4228 1772 4275 aar·

138 4304 262 4376 quamvis
282 4317 344 4357 oum
365 4301 452 4366 lieret,
475 4315 529 4356 nou
552 4301 677 4358 doleret:
700 4302 831 4357 hactenus
855 4303 928 4359 euim
977 4317 1074 4373 porum
1091 4300 1260 4357 formidaret.
1279 4302 1436 4359 Debuerant
1448 4310 1554 4372 ergoet
1572 4302 1626 4359 ists
1639 4304 1769 4379 pennitti,

138 4395 223 4452 voluit
237 4393 366 4450 murinus
379 4407 487 4449 servum
503 4407 582 4447 suum
601 4392 729 4462 plectere,
745 4393 790 4464 qui
808 4410 861 4449 non
877 4409 926 4450 sua
938 4428 966 4488 D
978 4400 1008 4447 ut
1023 4393 1105 4447 etiam
1120 4400 1181 4463 post
1198 4392 1255 4448 baee
1268 4392 1336 4447 tanti
1351 4392 1473 4450 horreris
1485 4393 1623 4465 exempla,
1637 4404 1770 4469 martyres

90 4556 101 4575 ·
138 4486 307 4544 coutumacia
326 4494 468 4555 spreverat
485 4493 648 4557 praeceptum
667 4484 726 4556 ejus
740 4485 864 4556 implere,
878 4486 927 4542 sed
979 4484 1006 4539 in
1019 4482 1120 4540 Christi
1133 4482 1461 4552 contessionetorveures,
1475 4484 1555 4557 hirjus
1568 4499 1680 4558 quoqne
1692 4495 1770 4547 terte

138 4579 226 4637 aliena
238 4578 387 4652 decipiente
400 4577 507 4634 fallacia
516 4578 627 4633 obedire
639 4592 669 4634 sc
681 4578 806 4644 credidit,
818 4578 927 4649 qnando
979 4575 1076 4631 herent
1087 4575 1219 4641 veritatis,
1232 4576 1259 4630 in
1270 4591 1323 4645 qua
1334 4576 1496 4643 didicerant,
1510 4592 1569 4643 eos,
1582 4578 1713 4649 aquibus
1723 4593 1770 4639 sna

138 4686 193 4728 non
211 4670 339 4727 obedivit.
358 4669 451 4741 Neque
466 4669 538 4724 euim
552 4668 701 4740 putandum
718 4677 770 4734 est,
791 4669 829 4724 ita
843 4668 928 4728 tuisse
978 4680 1093 4738 corpora
1112 4666 1339 4734 interficerentur,
1362 4675 1455 4738 postea
1476 4667 1544 4723 nihil
1565 4666 1688 4738 babere,
1701 4668 1770 4745 qnod

138 4764 330 4832 interemptum
347 4774 440 4816 morsu
455 4757 562 4824 bestiae,
577 4765 607 4812 ut
621 4759 656 4813 ad
669 4756 829 4828 supplicium
843 4767 927 4816 tarm-
978 4757 1100 4815 lacerent
1116 4776 1122 4813 :
1139 4757 1266 4828 quoniam
1279 4759 1410 4832 quidquid
1424 4760 1538 4816 mortuis
1552 4760 1718 4835 corporibus
1733 4760 1770 4819 la·

138 4868 224 4919 renui,
240 4850 299 4921 ejus
313 4849 512 4906 deindeanima
526 4858 677 4918 raperetur,
692 4848 800 4917 quando
817 4848 926 4919 quidem
978 4858 1082 4917 nerent,
1098 4849 1190 4922 utique
1205 4849 1424 4917 nihillacerent,
1438 4852 1545 4923 quando
1558 4852 1587 4908 in
1600 4854 1769 4913 caroenum
1815 4858 1821 4873 '

137 4944 225 5016 ipsum
239 4941 298 5013 ejus
310 4955 408 5012 corpus
429 4939 499 4996 idem
515 4937 559 4994 leo
577 4938 624 5011 qni
642 4939 789 5004 occiderat,
806 4939 927 4996 custodi·
978 4942 1034 4997 rita
1049 4950 1169 5009 carente,
1182 4957 1233 4999 nec
1245 4942 1348 5013 aliquid
1360 4942 1462 4999 sentire
1472 4950 1565 5013 posset
1578 4943 1626 5015 qui
1644 4944 1769 5003 indemi-

135 5039 185 5103 vit,
202 5035 326 5105 jumento
339 5035 431 5100 etiam,
446 5047 500 5106 qno
514 5033 674 5099 vehebatur,
689 5032 782 5098 illeso,
801 5040 830 5088 et
846 5032 927 5090 sinml
978 5035 1077 5106 gravit,
1092 5047 1142 5088 nec
1153 5032 1256 5104 aliquid
1270 5032 1333 5088 inde
1345 5033 1470 5105 perdere,
1487 5034 1534 5104 qui
1547 5035 1662 5090 creant.
1681 5054 1692 5090 ι

136 5145 198 5185 cum
224 5130 269 5185 iila
290 5128 401 5185 immani
425 5126 483 5183 iera
507 5126 644 5197 intrepida
665 5125 807 5196 presentia
828 5124 862 5180 sd
884 5126 927 5182 sui
1014 5123 1199 5180 eraeermina
1212 5123 1769 5198 nutatiuriltegunnistoria,sdtctsb

137 5220 243 5277 nomini
263 5221 345 5277 iunus
360 5220 494 5284 adstante,
518 5233 573 5290 quo
586 5216 702 5273 mirabili
724 5216 801 5288 signo
816 5225 928 5287 apparet
979 5213 1163 5272 scelestissimi
1176 5214 1258 5285 regis,
1272 5222 1299 5270 et
1314 5213 1452 5287 sacrilegae
1466 5216 1559 5271 usuris
1576 5213 1637 5286 ejus
1660 5214 1768 5275 lezabel

171 5373 184 5403 ι
203 5359 303 5418 Pareat,
978 5347 1145 5428 Augustinus
1163 5360 1222 5469 cap.
1241 5345 1267 5410 7,
1281 5345 1348 5402 alias
1360 5363 1434 5403 num.
1447 5346 1475 5411 u,
1489 5346 1552 5403 libri
1565 5347 1599 5431 de
1609 5344 1686 5405 Cere
1698 5346 1769 5406 lsr-

173 5432 186 5471 n
204 5430 381 5488 armatam
978 5427 1082 5471 tenram
1096 5416 1175 5489 [altas
1206 5432 1296 5471 scaro
1306 5417 1420 5488 qereuda
1432 5433 1481 5488 pro
1494 5427 1603 5473 mortsts
1609 5415 1629 5486 1.

173 5511 184 5540 t
207 5500 312 5572 Rigore,
1016 5488 1028 5528 ⁸
1047 5487 1118 5541 Edii.
1132 5486 1262 5541 exanima.

172 5570 185 5610 ⁰¹
206 5567 375 5624 Glorinbotur
387 5570 421 5624 ei.
1014 5557 1027 5596 t
1047 5555 1192 5622 Quosdam.
1221 5624 1227 5637 .

175 5652 187 5680 e
207 5637 338 5694 Surrexit.
1018 5640 1025 5669 ¹
1048 5626 1129 5680 Deest
1144 5625 1171 5681 iu
1185 5624 1251 5682 edri.
1265 5626 1293 5682 in
1309 5642 1371 5682 cers
1378 5665 1386 5693 ,
1404 5626 1452 5682 sed
1466 5627 1584 5686 niueum
1599 5648 1608 5687 t
1622 5648 1657 5689 ss
1670 5643 1770 5689 essem

176 5710 186 5749 ¹
207 5706 402 5778 Subsequentis
422 5707 527 5764 lineolis
542 5721 592 5777 pro
611 5720 685 5762 mors
703 5712 798 5759 notata
815 5700 926 5758 tradidit
977 5696 1145 5768 dispergere.
