3832 6120
118 281 156 336 53
689 267 754 325 tta.
774 266 855 322 ani.
876 263 1027 323 imitati
1046 263 1195 321 basma
1269 276 1274 283 ·
1724 268 1760 325 di

117 391 206 462 magis
229 402 314 451 minc,
337 383 446 456 quando
460 383 517 453 jam
538 380 720 451 propinquum
742 394 803 435 esse
826 376 915 433 cerni·
929 385 954 443 Α
968 377 1010 431 nis
1022 375 1225 446 gioriseeupidi,
1243 375 1434 433 ideircohonis
1447 376 1610 439 detrectant,
1622 385 1654 432 ut
1665 393 1696 434 se
1708 379 1763 440 iiiia

118 496 182 538 ntus
194 489 301 549 tcmqius
309 476 386 541 iliud,
398 476 432 530 de
445 489 500 545 qno
512 474 644 530 Dominus
656 473 794 542 loquitur:
810 469 919 525 Verum-

120 584 211 628 tamen
232 571 338 626 ueniens
355 566 428 638 filins
450 565 575 631 hominis,
604 575 680 635 pinca
701 564 814 619 lavernet
837 562 917 631 fidem

118 659 334 735 superterram?

157 757 179 811 l.
197 755 265 810 Post
274 751 379 808 obimm
404 747 504 804 Felicis
518 746 589 800 iilius
602 745 649 815 qui
663 743 751 799 fuerat
774 742 914 814 quandam

119 845 309 922 episcopusin
324 857 337 885 ⁸
351 844 416 900 sede
429 840 601 912 Orgciietana
617 838 725 893 inventa
737 845 810 892 esta
834 833 917 890 nabis

120 942 246 1010 quadam
261 932 391 990 schedula
404 933 439 986 ab
451 944 484 988 eo
501 930 575 985 edita
590 930 641 984 sub
654 928 745 998 specie
766 927 918 997 interroga·

120 1034 205 1088 tionis
222 1039 250 1087 et
264 1026 450 1098 responsionis
465 1043 471 1078 :
488 1039 571 1095 quam
595 1037 657 1078 cum
680 1020 803 1092 legentes
824 1017 918 1074 cansi-

121 1127 293 1185 (lemnothus,
309 1117 476 1188 inspeximus
488 1115 626 1172 hominem
641 1113 826 1183 diligemensi
840 1108 918 1163 frau-

969 481 1152 536 superponere
1166 467 1303 531 nitaumr;
1326 476 1354 521 et
1374 468 1398 522 si
1409 467 1624 524 detractionibus
1637 471 1763 527 obtinue-

969 558 1024 612 rint
1047 573 1083 612 ue
1103 557 1143 613 ilii
1159 558 1340 622 adrnirontur,
1363 557 1409 612 isti
1433 558 1622 614 admirationis
1647 561 1763 630 gloriam

968 655 1179 716 consequantur.
1194 647 1228 702 Et
1244 646 1374 715 quoniam
1391 662 1444 702 non
1464 648 1565 704 desunt
1577 650 1649 706 inter
1661 668 1712 707 nos
1724 660 1765 706 ta-

968 740 1008 795 les
1026 738 1124 810 quibus
1144 738 1309 793 accessesit
1330 745 1359 791 ιι
1378 737 1563 808 integritatem
1589 739 1652 796 fidei
1665 756 1766 813 eogno-

968 842 1118 898 increper
1140 842 1222 898 quam
1236 826 1344 907 amsani
1358 827 1459 881 maium
1473 829 1593 897 perfidiae
1611 832 1761 900 declinare,

968 930 997 980 ct
1006 917 1211 986 rectisjudieiis
1224 918 1425 987 obtemperare,
1440 926 1470 973 nt
1483 932 1641 976 mereantur
1653 924 1680 977 in
1696 926 1764 996 ‹log-

969 1020 1043 1072 mate
1067 1010 1177 1080 pietatis
1211 1007 1359 1080 proficere,
1400 1018 1581 1080 opportunum
1607 1015 1699 1082 putavi
1729 1032 1762 1075 ea

968 1116 1029 1171 quae
1039 1099 1185 1170 praetem
1197 1098 1239 1153 vir
1260 1098 1330 1154 maie
1351 1101 1447 1163 sensit,
1474 1104 1662 1173 exaggeranda
1688 1120 1764 1160 assu-
1848 1154 1860 1167 ,

121 1214 250 1269 duienter
266 1211 452 1273 instaurasse,
477 1202 651 1276 quantumin
676 1217 706 1257 se
723 1200 789 1264 fuit,
807 1214 917 1255 omnem
967 1206 1052 1255 mere,
1075 1197 1105 1245 ei
1128 1189 1218 1244 verbis
1243 1187 1313 1257 ejus,
1335 1188 1361 1243 in
1390 1189 1489 1260 quibus
1515 1206 1530 1245 a
1557 1193 1674 1249 veritate
1697 1195 1761 1251 fidei

121 1303 285 1375 pravitatem
296 1298 433 1371 dogmatis
448 1296 501 1362 soi,
524 1296 552 1349 in
574 1293 746 1365 quidudum
767 1290 856 1345 fuerat
871 1289 918 1344 de·

121 1407 214 1453 tectos
226 1402 256 1450 et
267 1391 415 1453 municius,
434 1395 463 1444 et
477 1395 684 1457 propterquam
698 1383 733 1438 ab
747 1384 850 1438 honore
860 1380 917 1450 epi·

121 1491 256 1554 scopatus
267 1482 282 1524 i
293 1480 454 1550 depositos:
476 1477 523 1547 qui
548 1475 613 1530 iicet
626 1472 717 1543 aliqua
737 1471 830 1536 verba,
856 1484 917 1539 quae

123 1576 204 1645 prius
226 1570 411 1642 imprudenter
433 1565 574 1630 efferebat,
598 1570 693 1634 postea
724 1560 916 1631 suppresserit,

968 1283 1096 1345 excessit,
1119 1287 1277 1335 sanctorum
1302 1279 1413 1334 Patrum
1434 1282 1583 1338 sententias
1607 1298 1764 1354 opponere,

969 1381 998 1428 ut
1013 1371 1139 1442 quisquis
1166 1370 1293 1440 dignatus
1317 1367 1400 1425 fuerit
1426 1371 1536 1442 legere,
1563 1384 1764 1445 agnoscatque

968 1465 1074 1524 cautela
1090 1463 1232 1520 catholice
1244 1463 1369 1518 ueritatis
1388 1464 1564 1533 purissimum
1587 1481 1697 1522 sensum
1721 1483 1765 1524 se-

969 1563 1081 1627 quatur.

123 1665 216 1734 aiiqua
231 1670 320 1716 tamen
334 1672 408 1713 nunc
419 1656 532 1722 addidit,
545 1668 605 1726 quae
619 1660 684 1707 tunc
697 1650 814 1707 reticuit.
828 1650 916 1717 Quam
1004 1645 1036 1701 ii.
1055 1644 1114 1701 Non
1127 1659 1186 1716 ego.
1198 1645 1249 1700 hoe
1267 1643 1355 1700 doctis
1370 1653 1398 1700 et
1416 1644 1606 1714 eloquentibus
1618 1647 1696 1713 viris,
1717 1649 1766 1720 qui

123 1754 281 1812 schedulam
294 1751 354 1823 ego,
369 1758 401 1804 ,ι
423 1746 508 1818 pomi,
521 1746 600 1818 jum
614 1744 758 1798 ,emnem
776 1741 839 1796 fidei
857 1756 919 1796 cum
937 1728 1069 1793 iicuncta
1093 1739 1151 1793 baec
1169 1737 1270 1806 optimc
1294 1736 1479 1806 dijudicando,
1494 1740 1634 1809 probanda
1655 1751 1702 1798 aut
1717 1744 1769 1800 im·

124 1845 369 1917 reprehendissem,
385 1839 429 1896 rei
446 1837 698 1908 reprehendendas
723 1834 917 1906 publicassem,
971 1829 1112 1899 probanda
1128 1829 1315 1884 demonstrare
1332 1827 1482 1893 sufiiciunt,
1501 1830 1572 1894 dico,
1589 1830 1635 1901 qui
1653 1833 1768 1891 forsitan

123 1940 235 2010 quidam
257 1952 291 1992 ex
306 1933 446 1999 fratribus,
460 1940 492 1987 ιιι
506 1930 639 2001 comperi,
662 1929 772 2000 indigue
787 1927 918 1990 tulerunt,
972 1936 1023 1976 uec
1039 1920 1224 1990 dignabuntur
1238 1918 1327 1989 legere
1341 1919 1393 1973 hoc
1415 1935 1494 1988 opus,
1520 1923 1621 1977 rustica
1636 1925 1768 1995 simplici·

123 2042 153 2085 g,
168 2045 221 2086 „0ss
241 2029 420 2099 perversitate
438 2025 532 2092 aflinni,
546 2032 667 2096 utputo,
683 2024 730 2079 sed
746 2021 920 2091 simplicitate
970 2024 1026 2071 tate
1040 2015 1238 2085 compositum
1263 2013 1312 2068 sed
1334 2014 1402 2068 meis
1425 2015 1568 2080 siniiiihus,
1590 2018 1687 2087 quihus
1702 2034 1768 2076 rere

124 2120 237 2191 ingenii,
251 2118 379 2174 arbitrati
399 2127 461 2175 sunt
480 2133 526 2173 me
539 2131 593 2172 non
607 2116 634 2172 id
654 2114 751 2170 iecisse
772 2113 831 2168 reio
844 2112 917 2176 fidei,
971 2110 1027 2165 scio
1038 2107 1167 2179 expedire
1180 2115 1211 2161 ut
1225 2105 1304 2160 fidem
1322 2120 1399 2160 suam
1414 2106 1590 2163 subtilissime
1608 2110 1764 2182 corrigant;

123 2213 173 2266 ,gp
186 2211 244 2265 κιο
263 2209 431 2274 iuvidentiae,
453 2207 524 2264 sieut
537 2207 622 2263 moris
637 2213 681 2260 est
692 2219 787 2259 eorum
801 2202 847 2273 qui
861 2203 920 2257 ina·
971 2201 1017 2270 qni
1031 2200 1161 2255 incautee
1177 2196 1433 2251 admirantcsritam
1443 2199 1565 2266 praedicti
1579 2200 1689 2270 Felicis,
1704 2219 1766 2275 pru·

199 2298 205 2307 ’
800 2292 935 2349 sabazii
955 2291 1071 2347 liOTAE.

162 2401 175 2430 ⁸
192 2387 262 2444 Sede
274 2384 453 2455 orgelletana.
467 2384 577 2440 Retinet
594 2386 745 2441 etiamnum
765 2383 845 2438 hodie
869 2397 919 2437 no-
973 2383 1086 2437 nomine.
1103 2379 1182 2433 Felis
1192 2377 1258 2460 ,oiim
1271 2379 1396 2460 indignus
1407 2381 1553 2453 episcopm,
1565 2393 1617 2442 etc.
1632 2388 1767 2450 Nimirum

124 2475 199 2514 trien.
212 2457 331 2511 iocatur·
345 2455 419 2510 euim
449 2455 529 2525 vulgo
541 2453 580 2508 Le
600 2455 653 2511 Sea
675 2452 793 2524 d'lirqel,
816 2454 842 2507 id
864 2461 918 2518 cst,
972 2453 1038 2508 olim
1051 2452 1141 2505 iuerat
1155 2464 1309 2519 episcopm,
1323 2451 1349 2503 td
1363 2459 1414 2515 est,
1428 2462 1574 2523 antequam
1594 2458 1621 2512 iu
1635 2476 1666 2515 ea
1686 2477 1767 2532 syuo-

125 2528 212 2583 Scdes
238 2524 414 2609 Urgciicnsis.
439 2523 517 2578 Clara
540 2525 636 2581 civitas
660 2523 796 2594 ilispaniae
818 2522 920 2576 Tarra·
973 2516 1007 2577 do
1020 2521 1201 2590 deponeretur
1219 2518 1254 2572 ab
1269 2519 1371 2573 honore
1398 2522 1580 2591 episcopatus.
1608 2528 1676 2582 Tum
1701 2547 1767 2588 vero

125 2595 266 2660 cunensis,
281 2611 309 2651 m
325 2594 446 2666 Pyrenaei
469 2596 570 2650 montis
582 2594 648 2666 jugo
671 2594 733 2649 sita.
748 2593 921 2662 Eginhardus
968 2590 1046 2659 jusso
1062 2589 1193 2659 principis
1217 2587 1281 2669 inca
1297 2597 1387 2641 autem
1411 2590 1609 2660 episcoporum,
1625 2606 1655 2652 ut
1671 2616 1767 2672 perpe.

126 2670 156 2721 iu
176 2666 328 2721 Annalibus
338 2664 372 2718 ad
387 2679 431 2717 an.
449 2664 500 2719 792
516 2682 522 2717 :
540 2684 549 2715 ι
568 2664 684 2736 Orgeiiis
703 2675 745 2719 est
770 2664 868 2718 ciuitas
893 2663 920 2716 in
974 2676 1032 2716 ram
1048 2660 1143 2714 scribit
1163 2656 1293 2727 Mariana)
1315 2659 1386 2726 apud
1408 2659 1567 2729 Lugdunum
1586 2665 1766 2729 clarissimam

128 2737 253 2807 i’yrenaei
276 2733 528 2803 montisjugosita3
543 2735 725 2804 cujrrsepisco
745 2749 787 2796 us,
812 2734 922 2788 notitiae
973 2731 1121 2786 Galliarum
1136 2728 1231 2782 uellem
1244 2728 1379 2807 relegatus
1393 2740 1444 2785 est.

128 2808 218 2869 Felix,
231 2803 493 2875 untioneiirspanus,
513 2804 547 2859 ab
562 2805 696 2874 Eiipando
733 2804 797 2858 oleti
817 2804 922 2927 episco-
1010 2812 1021 2840 ⁰
1038 2799 1142 2853 Adrnir.
1159 2799 1204 2884 eit.
1214 2815 1260 2920 fr.
1275 2796 1383 2852 Felicis.
1399 2800 1547 2881 Constabat
1560 2821 1625 2877 ergo
1640 2823 1689 2878 per
1706 2812 1767 2868 ilias

127 2893 165 2948 po
180 2892 228 2946 per
243 2875 347 2929 litteras
359 2874 498 2930 corisuftus
517 2876 629 2944 quidde
649 2874 816 2928 immanitate
842 2873 925 2927 'aiva-
976 2868 1212 2950 terupestates,ic
1226 2883 1292 2922 icem
1302 2883 1369 2949 'esse
1383 2885 1537 2941 episcopum
1551 2879 1636 2933 moris
1649 2882 1766 2953 antiqui,

128 2949 198 3001 toris
213 2945 260 3000 liei
276 2953 303 3000 et
314 2944 421 2998 florium
438 2946 524 2999 nostri
542 2943 606 2998 Jcsu
635 2944 738 2999 Christi
753 2944 854 2998 sentire
878 2944 925 2998 de·
975 2954 1119 3008 moresque
1144 2952 1203 3006 equs
1224 2952 1283 2992 csse
1300 2937 1459 3008 inculpatos.
1484 2942 1550 2998 liam
1579 2948 1767 3021 nondgohar-

130 3019 217 3078 beret,
232 3025 322 3071 utrum
333 3014 482 3069 sccmmum
502 3015 527 3068 id
541 3015 613 3083 quod
635 3015 716 3069 homo
730 3023 781 3078 est,
797 3000 959 3084 propriusC
975 3013 1026 3065 dus
1040 3009 1127 3065 solum
1148 3009 1176 3062 id
1198 3010 1288 3090 docet,
1304 3010 1351 3063 sed
1365 3011 1447 3064 etiam
1458 3011 1596 3090 aiminus,
1610 3025 1767 3077 eorurndem

131 3102 165 3140 aa
180 3087 320 3156 adoptivus
332 3085 379 3138 Dei
393 3083 718 3139 Filiuscrcdendusesset
730 3100 763 3139 ac
780 3085 922 3150 dicendus,
975 3089 1126 3150 temporum
1148 3087 1277 3158 scriptor.
1304 3077 1367 3133 ilaec
1385 3091 1452 3144 ,sutrt
1477 3097 1535 3151 eJus
1554 3087 1636 3142 ver-ha
1660 3090 1688 3143 in
1708 3094 1768 3162 epi·

130 3156 208 3212 valde
228 3157 335 3210 incaute
361 3170 375 3206 a
410 3170 442 3207 ue
462 3154 660 3209 inconsiderate
683 3163 711 3208 et
731 3162 825 3208 cottila
852 3154 924 3206 anti·
975 3150 1044 3205 stola
1066 3147 1273 3229 adEhpandum
1294 3148 1642 3230 Tuictauumcpiscopum:
1664 3161 1768 3232 ‹Legi-

131 3241 213 3295 quam
233 3223 373 3280 catholicae
416 3222 521 3278 cciesiae
534 3224 683 3279 doctrinam
699 3224 854 3293 adoptivum
869 3238 922 3277 non
974 3236 1036 3275 mus
1067 3234 1151 3298 enim·
1167 3234 1193 3272 m
1221 3218 1340 3286 cprstohs
1366 3219 1438 3275 beati
1458 3220 1567 3291 Felicis,
1579 3227 1638 3283 viro
1665 3232 1767 3288 scilieet

131 3296 220 3350 solum
234 3294 431 3364 pronuntiavit,
445 3293 492 3348 sed
511 3294 594 3348 etiam
614 3295 724 3363 scriptis
742 3294 775 3348 ad
789 3307 925 3348 menrora·
951 3291 1108 3360 ’religiosae
1126 3297 1190 3342 niue
1203 3289 1339 3359 praecipuo
1358 3299 1385 3344 et
1409 3294 1553 3350 sanctitate
1564 3301 1715 3368 spectabili,
1743 3303 1767 3360 si

133 3376 190 3419 tum
204 3368 360 3434 episcopum
372 3363 449 3419 libris
458 3364 664 3432 perversissime
678 3361 841 3435 pravitatem
863 3363 923 3432 opi·
975 3361 1134 3415 catholicam
1161 3357 1240 3412 iidem
1263 3369 1291 3412 et
1314 3358 1527 3417 ecclesiasticam
1550 3368 1693 3434 diritatem,
1707 3373 1768 3430 sine

135 3435 223 3490 aionis
252 3449 309 3488 suae
337 3431 482 3488 defendere
511 3433 624 3488 curavit.
654 3433 740 3502 liujus
773 3433 811 3488 rei
841 3448 923 3488 causa
974 3445 1028 3501 qna
1047 3429 1138 3484 nulius
1151 3426 1208 3482 Deo
1226 3429 1333 3496 placere
1348 3439 1449 3498 potest,
1464 3447 1557 3490 aruare
1580 3447 1607 3493 et
1617 3443 1768 3509 predicare

134 3505 232 3559 dinetus
244 3505 278 3559 ad
298 3503 427 3574 palatium
446 3502 532 3573 regis,
556 3503 601 3573 qui
613 3513 678 3558 tuuc
701 3503 772 3573 apud
789 3502 923 3574 lieginum
974 3499 1132 3555 volitabit
1157 3497 1250 3552 infra:
1278 3518 1287 3550 r
1320 3500 1398 3555 Licet
1424 3503 1553 3571 praefatus
1578 3508 1695 3566 famulos
1718 3512 1768 3570 bei

136 3575 266 3644 iiajoariae
280 3575 426 3636 civitatem,
446 3572 473 3626 iu
491 3586 544 3654 qna
567 3582 594 3628 et
617 3574 794 3638 hiemaverat,
824 3574 925 3627 reside·
975 3571 1049 3627 Felix
1071 3568 1198 3651 laudabili
1213 3569 1266 3650 vita
1281 3571 1353 3624 vivat
1365 3586 1459 3626 coram
1482 3573 1651 3645 hominibus;
1665 3590 1766 3652 tamen,

135 3645 192 3700 bat.
217 3644 266 3699 lihi
288 3650 450 3714 congregato
470 3656 656 3713 cpiscoporum
681 3644 797 3699 concilio
817 3645 925 3699 auditus
974 3651 1006 3696 ut
1019 3641 1136 3703 videtur,
1152 3656 1179 3693 ιιι
1190 3640 1282 3694 irruitis
1299 3642 1439 3698 catholicae
1449 3644 1510 3697 fidei
1527 3646 1698 3714 professione
1712 3668 1767 3709 non

134 3725 191 3779 cst;
216 3722 243 3768 et
269 3728 375 3769 errasse
395 3712 545 3779 convietus,
571 3714 606 3768 ad
627 3712 924 3783 praesentiamhdriaui
975 3711 1087 3767 omuino
1105 3709 1230 3832 1pieriiter·
1252 3709 1370 3791 'Patrum
1402 3713 1527 3781 sequitur
1555 3721 1729 3775 senteutiam.
1754 3742 1765 3776 e

152 3784 269 3839 ontificis
291 3784 405 3837 llomam
428 3781 542 3845 missus,
567 3783 613 3838 ubi
638 3784 721 3838 etiam
743 3800 836 3839 coram
866 3784 924 3852 ipso
975 3781 1091 3836 itemzi
1115 3788 1232 3833 ⁴namet
1251 3782 1343 3834 mhoc
1367 3790 1419 3835 ture
1439 3784 1616 3840 sanctissime
1636 3789 1767 3848 voluntati

135 3870 162 3907 ιιι
176 3854 286 3907 hasiliea
298 3853 368 3906 beati
381 3851 454 3906 Petri
464 3852 577 3921 apostoli
591 3854 715 3909 haeresim
729 3853 870 3909 confessus
882 3861 926 3906 est
975 3850 1101 3906 obnixius
1122 3850 1235 3902 suadere
1250 3858 1339 3902 ratum
1362 3852 1465 3917 putavi,
1481 3860 1511 3905 ut
1532 3857 1655 3909 eumdem
1679 3860 1767 3916 virum

133 3933 217 3993 atquc
230 3922 376 3978 abdicavit.
394 3920 547 3989 Quoiacto,
569 3924 603 3978 ad
617 3923 757 3978 civitatem
780 3938 858 3977 suam
882 3935 926 3976 re·
975 3918 1157 3974 venerabilem
1179 3916 1295 3970 Felicem
1320 3918 1372 3972 tuis
1388 3920 1489 3975 sanctis
1507 3924 1633 3992 precibus
1657 3937 1684 3982 et
1704 3945 1768 3985 sua-

133 4009 230 4049 iersus
243 3999 297 4048 est.
314 4011 324 4044 r
976 3988 1095 4043 cissimis
1105 3986 1322 4059 suggestionibus
1335 4000 1494 4047 contremere
1506 3992 1539 4047 ad
1552 3994 1693 4054 catholicae
1704 3999 1767 4057 fidei

171 4061 640 4133 ¹›iieporitoeinccrtumhactenns
660 4060 721 4127 fuit,
738 4075 857 4132 quonam
879 4061 926 4117 de-
977 4058 1108 4114 unitatem
1135 4065 1164 4113 et
1193 4058 1334 4112 veritatem
1366 4059 1473 4116 nitaris.
1499 4062 1599 4120 Fidelis
1621 4076 1663 4122 est
1693 4069 1767 4131 enim

134 4148 208 4189 mum
237 4143 357 4202 ternpore
380 4131 455 4187 Felix
479 4133 622 4204 episcopos
647 4131 814 4202 Urgciicnsis
843 4131 926 4187 fucrit
977 4129 1058 4194 Deus,
1081 4129 1141 4198 pius
1165 4136 1193 4182 ct
1207 4128 1372 4193 misericors,
1396 4132 1767 4200 quinuiiatenusohiivisca-

134 4203 272 4273 depositus
293 4204 327 4257 ab
351 4203 454 4257 honore
471 4204 654 4272 episcopatus.
670 4202 763 4272 Neque
785 4203 858 4256 enim
880 4218 925 4258 as·
979 4198 1089 4267 turaias
1103 4199 1186 4253 muita
1197 4200 1276 4261 frona,
1290 4208 1318 4253 et
1338 4201 1489 4270 religiosam
1500 4205 1594 4269 vitam,
1609 4208 1766 4276 etiaimres,

133 4274 235 4328 sentior
244 4271 342 4328 ioanni
358 4271 496 4336 liarianse,
515 4274 574 4327 siro
597 4273 696 4342 alioqui
718 4273 832 4328 eruditis
846 4274 921 4328 imo:
976 4286 1030 4339 qua
1041 4271 1083 4324 dic
1097 4269 1373 4337 noctuqueiudeicssa
1390 4271 1526 4328 voluntate
1535 4276 1656 4331 desudat.
1672 4278 1766 4346 Quan-

134 4344 220 4414 quiex
232 4352 361 4412 corrupto
373 4342 475 4398 Adonis
490 4343 648 4397 Viennensis
670 4343 728 4397 ioco
748 4343 849 4429 colligit
863 4358 923 4397 cam
939 4351 1004 4441 Dta
1016 4341 1052 4395 sit
1071 4340 1118 4394 tibi
1134 4355 1226 4394 corani
1248 4339 1303 4393 lico
1323 4348 1351 4394 et
1372 4344 1472 4421 satietis
1496 4344 1554 4413 ejus
1576 4347 1661 4415 gioria
1677 4359 1705 4404 et
1720 4366 1765 4406 re-

134 4413 327 4482 dopositionem
349 4411 433 4467 fuisse
455 4421 594 4483 peractum
609 4413 636 4466 in
664 4413 780 4469 concilio
802 4413 923 4467 imrrco·
976 4410 1129 4465 nrirrrcrntio
1151 4410 1272 4474 intende,
1296 4415 1324 4463 et
1349 4410 1657 4479 diligentiusconsidera
1680 4419 1707 4472 in
1723 4435 1767 4474 sa-

56 4497 82 4509 ··
134 4483 270 4543 fbrdiensi.
299 4484 372 4551 quod
395 4497 466 4537 anno
497 4483 548 4538 itit
576 4491 768 4554 congregatum
793 4482 924 4551 estjossu
975 4480 1030 4534 inte
1040 4480 1132 4534 fratris
1153 4480 1203 4543 tui,
1217 4480 1299 4533 ctiam
1310 4487 1338 4532 et
1350 4482 1418 4534 tanti
1434 4482 1494 4545 uri,
1517 4492 1545 4537 et
1562 4494 1616 4538 tam
1628 4488 1767 4554 praeclarae

133 4553 221 4608 (kiroli
244 4552 371 4634 lingui«
400 4552 439 4606 Re
453 4553 575 4608 discussa
595 4553 695 4624 (inquit
716 4553 848 4617 ilariana,
874 4553 921 4607 lib.
974 4551 1114 4674 dignitatis
1143 4558 1171 4604 et
1200 4549 1352 4605 sanctitatis
1382 4550 1483 4605 famulo
1504 4551 1616 4609 Christi.
1638 4555 1731 4612 »item
1755 4573 1765 4613 z

133 4639 170 4677 m
184 4623 248 4677 fier.
269 4622 344 4690 ihsp.
358 4637 418 4693 cap.
431 4621 471 4705 8),
484 4639 566 4693 prava
585 4623 676 4693 opinio
688 4639 749 4677 cum
768 4623 925 4678 auctoribus
977 4642 986 4671 r
1016 4621 1080 4673 iiam
1101 4635 1165 4675 vero
1180 4620 1308 4683 Felicem,
1327 4634 1407 4689 quem
1424 4629 1452 4673 tu
1465 4621 1599 4677 charitate
1617 4639 1765 4694 summum,

134 4693 275 4763 reprobata
292 4702 349 4760 cst;
367 4709 409 4758 ac,
428 4694 480 4747 nisi
504 4702 651 4757 mutarent,
672 4693 747 4747 Felix
771 4703 799 4747 et
816 4694 924 4762 Eiipan-
974 4691 1112 4762 pudicum,
1124 4692 1298 4759 oneribusque
1310 4699 1436 4744 ornatum
1448 4692 1558 4758 asseris,
1570 4709 1620 4749 nos
1635 4695 1766 4754 babemus

133 4763 184 4817 dus
192 4762 336 4818 sacrificiis
359 4763 506 4817 interdicti.
530 4763 616 4827 Felix,
631 4774 661 4817 ut
680 4764 739 4818 Ado
762 4764 925 4818 Ficariensis
975 4761 1114 4815 incastris
1138 4761 1248 4816 Cirristi.
1268 4781 1277 4813 r
1296 4760 1364 4815 Tum
1383 4762 1410 4815 iu
1424 4762 1528 4833 epilogo
1543 4763 1604 4819 iibri
1627 4781 1654 4819 iv
1667 4768 1766 4822 adver·

133 4841 292 4898 estauetor,
308 4832 420 4886 Patrum
443 4833 576 4888 mutantia
591 4833 725 4904 relegatos
739 4841 832 4897 est,et
853 4833 925 4905 Lug·
975 4847 1021 4886 sus
1045 4831 1214 4899 Eiipandum,
1239 4832 1343 4902 eisqui
1366 4831 1399 4887 de
1415 4832 1519 4887 ratione
1540 4836 1680 4891 catholica
1703 4837 1766 4892 fidei
1792 4873 1794 4878 »

134 4902 211 4967 duni,
222 4918 358 4973 tranquatn
370 4917 464 4958 errore
471 4904 604 4974 deposito,
614 4913 767 4959 extremum
779 4904 841 4958 vitae
852 4904 924 4958 diem
975 4901 1099 4957 dubitare
1122 4902 1286 4967 viderentur,
1302 4903 1430 4974 proponit
1446 4904 1598 4975 exemplum
1613 4907 1634 4960 F
1636 4906 1712 4961 elicis
1731 4909 1767 4963 ab

133 4971 271 5026 clausit.»
295 4972 412 5027 Facilius
425 4972 598 5038 crediderim,
614 4973 706 5028 datam
721 4972 803 5027 Felici
818 4974 924 5029 veniam
974 4986 1068 5026 errore
1092 4971 1126 5024 ad
1152 4973 1312 5027 catholicam
1340 4975 1485 5029 conversi:
1513 4975 1616 5029 «iilius
1646 4977 1766 5046 religiosi

133 5042 522 5112 asynodo‚siresipiscerot;
540 5043 613 5098 hunc
634 5058 925 5099 veroerroremsuum
974 5042 1036 5106 riri,
1065 5042 1163 5111 iuquit,
1195 5051 1223 5095 ct
1237 5044 1328 5114 magni
1351 5044 1467 5100 nominis
1484 5046 1554 5099 inter
1576 5060 1640 5099 suos
1653 5048 1766 5104 edoctus

134 5111 285 5176 abdicasse,
308 5111 402 5182 sieque
424 5114 452 5167 in
478 5115 581 5169 honore
601 5114 773 5184 episcopatus
798 5128 925 5184 peruran-
976 5112 1108 5180 exemplo,
1128 5120 1181 5166 etc.
1196 5112 1307 5167 lienium
1319 5115 1347 5168 in
1371 5115 1484 5184 epistola
1500 5115 1533 5167 76
1553 5114 1634 5184 (nunc
1648 5114 1676 5185 i)
1695 5116 1767 5172 Feli-

134 5182 213 5236 sisse.
239 5182 294 5237 Sed
318 5183 446 5252 quoniam
469 5198 578 5239 rursum
604 5185 638 5238 ad
658 5184 788 5254 pristinos
819 5198 926 5239 errores
975 5198 1034 5236 cem
1047 5182 1182 5238 iaudatob
1193 5184 1331 5252 pietatem,
1346 5186 1457 5255 ejusque
1466 5199 1559 5254 preces
1570 5186 1766 5256 postulatapud

134 5252 336 5317 revolvebatur,
362 5253 561 5324 Aquisgranum
585 5253 716 5309 deductus
737 5258 770 5310 ad
797 5253 925 5308 Caroium
977 5252 1070 5314 Deum,
1097 5252 1169 5307 velut
1193 5255 1243 5307 riri
1260 5256 1354 5310 sancti.
1372 5255 1431 5308 lion
1446 5253 1542 5321 injuria
1558 5270 1623 5326 ergo
1639 5256 1667 5311 in
1689 5267 1767 5312 mtu-

135 5320 270 5392 iiegnum,
285 5323 312 5376 in
335 5324 511 5392 synodoque
530 5339 602 5378 anno
623 5324 674 5379 799
694 5322 851 5379 iiiichabita
872 5331 927 5389 est,
976 5322 1026 5376 stis
1054 5322 1152 5378 tabuiis
1181 5323 1306 5379 Ecclesiae
1332 5324 1496 5395 Urgciicnsis
1522 5325 1622 5380 dieitur
1646 5338 1764 5382 sanetus.

134 5391 273 5460 elepantos
301 5392 372 5447 baud
391 5393 472 5449 dubie
490 5394 549 5448 fuit.
576 5394 650 5450 istud
674 5394 778 5450 facinus
804 5409 836 5448 ea
859 5401 926 5447 tem·
976 5390 1048 5445 Nihil
1064 5393 1154 5461 itaque
1168 5392 1291 5449 fallacius
1313 5405 1355 5448 est
1368 5408 1449 5462 qrram
1465 5408 1546 5463 pram
1568 5396 1670 5468 religio.
1688 5398 1766 5454 Unde

133 5469 238 5529 pestate
250 5470 389 5533 peractum
400 5479 432 5517 ex
447 5479 481 5518 eo
494 5471 578 5533 patet,
593 5465 665 5547 qnod
678 5465 705 5519 in
718 5464 831 5533 epistola
845 5478 926 5532 quam
976 5462 1066 5532 colligi
1078 5464 1185 5518 interim
1200 5474 1288 5534 potest
1309 5479 1362 5518 riou
1378 5464 1468 5518 statim
1483 5480 1513 5519 ex
1538 5476 1631 5521 sancta
1646 5466 1765 5537 episcopi

134 5531 227 5586 statim
238 5541 299 5602 post
309 5533 442 5603 synodum
461 5534 533 5588 iiiam
557 5536 667 5605 scripsit
680 5536 713 5590 ad
726 5536 828 5589 clerum
842 5549 928 5604 popu·
977 5535 1032 5588 vita
1052 5534 1128 5602 sequi
1143 5535 1295 5589 doctrinam
1311 5534 1369 5603 ejus
1381 5550 1441 5590 esse
1454 5550 1557 5590 sarram.
1573 5537 1671 5592 Tentat
1692 5537 1765 5591 enim

134 5600 246 5672 iuraque
267 5603 462 5673 llrgeiiensem,
476 5619 530 5659 non
543 5606 658 5660 obscure
676 5606 812 5676 siguificat
828 5619 857 5659 se
871 5604 928 5728 eBi-
977 5619 1027 5658 nos
1044 5603 1177 5658 interdum
1194 5604 1274 5667 heus,
1300 5613 1330 5657 ut
1345 5605 1433 5674 padam
1449 5605 1494 5660 iiat
1509 5615 1599 5660 utrum
1623 5606 1767 5677 diligamus

133 5685 248 5742 scopum
273 5683 399 5729 tututron
421 5673 516 5741 fuisse,
538 5689 601 5729 cum
619 5678 660 5730 sic
683 5676 798 5745 incipit:
819 5674 853 5728 iu
904 5675 928 5729 ei
977 5688 1050 5739 curn,
1078 5689 1112 5729 an
1140 5689 1204 5730 non.
1229 5692 1238 5727 ι
1268 5674 1339 5730 Luce
1364 5676 1464 5733 clarius
1490 5686 1582 5746 aperta
1606 5684 1767 5743 causaest,
1822 5746 1826 5757 ι

1575 5856 1586 5887 (
