3810 6120
130 280 198 338 i'db
680 280 838 335 tissltdt'ti
858 282 866 334 Ι
886 277 1122 340 COGNOMENTO
1142 283 1183 338 l'll
1688 280 1767 342 'lssid'l

128 406 269 448 servorum
287 391 332 443 ilci
349 393 480 446 audenter
494 398 520 444 et
544 391 663 459 impunc,
690 391 744 443 imo
758 391 912 452 crudeliter,
930 394 952 449 ,t
968 390 1126 462 [sirmond.,
1144 393 1356 466 rrretropoiitaui]
1381 395 1543 468 bulgarius,
1560 397 1764 461 liadabaldus,

127 487 259 539 lecerunt.
280 483 376 546 :igitur
397 483 528 554 siquidem
543 481 728 550 iustoiudicio
749 482 796 536 bei
815 483 915 550 utquia
968 483 1059 549 lictid,
1075 484 1246 548 bernoinus,
1270 500 1330 538 com
1346 485 1524 557 sullraganeis
1543 489 1611 543 suis.
1634 488 1765 544 Secundo

127 577 153 630 in
170 574 275 630 cunctis
298 573 491 646 delinquimus,
515 575 628 629 interius
645 575 725 629 sinrui
747 582 775 630 et
796 575 916 629 exterius
967 588 1074 643 qnoque
1088 575 1113 629 in
1126 573 1291 629 Parisiorum
1305 575 1380 642 urbe,
1398 577 1442 633 ubi
1458 576 1565 634 iuturus
1576 581 1697 636 antistes
1714 578 1765 635 Se-

127 662 302 736 llagcllcnnvr.
327 666 580 737 liencliciisqnippc
594 667 642 722 Dei
664 667 803 721 evidenter
822 667 916 721 cristi·
966 665 1090 728 uonicus,
1109 657 1235 727 etEbbo,
1251 664 1429 736 ilagnoardus
1441 674 1470 721 ct
1491 667 1684 722 Landramous
1700 684 1765 723 cum

127 774 186 812 nivis
200 757 310 832 ingrati,
322 761 448 828 quoidam
461 760 502 814 bis
515 776 568 815 non
580 759 613 814 ad
621 759 785 813 volontatem
797 760 855 823 ilci,
868 760 915 814 sed
966 753 1145 825 suffraganeis
1159 754 1216 809 suis
1231 755 1402 810 conveniant.
1416 754 1511 811 Tertio
1525 770 1592 811 vcro
1606 758 1680 826 apud
1695 756 1764 827 Lug-

126 852 158 904 ad
179 851 286 907 libitum
302 861 424 907 nostrum
439 852 575 906 carnalem
591 852 628 904 uti
650 852 812 907 invenimur.
828 851 860 905 dt
876 852 915 907 id-
966 843 1077 908 dunum.
1092 843 1138 898 ubi
1151 840 1320 913 Ᾰιζθῧθῐᾶΰθ,
1335 842 1497 908 3611111113,
1513 844 1652 908 Ᾱ111111311,
1675 843 1764 898 Bibe·

128 941 201 997 circo
219 943 318 998 merito
335 951 465 997 creaturae
482 943 529 998 liei
544 942 622 998 nobis
635 943 765 998 divinitus
780 958 915 999 concessae
965 934 1064 1000 dicius,
1076 933 1207 1004 dgericus
1219 948 1280 987 cum
1291 932 1469 1003 suffraganeis
1484 933 1541 990 suis
1554 933 1765 989 simililereott·

128 1033 247 1100 probeo
269 1043 364 1089 eontra
388 1048 438 1088 nos
461 1035 580 1105 ingratos
594 1041 724 1103 pugnant,
735 1032 813 1102 juxta
829 1033 913 1090 illud:
965 1027 1083 1083 veniant.
1092 1025 1193 1094 Quarto
1205 1027 1287 1081 11111111
1297 1025 1610 1098 11111111Το10811111111111111,
1618 1026 1766 1098 1111031111111

131 1121 261 1194 l’nquobit
283 1140 331 1194 pro
351 1141 381 1177 co
408 1124 478 1179 orbis
501 1133 632 1177 terrarum
655 1134 747 1178 contro
768 1125 914 1181 intentatos
965 1116 1766 1189 conveniamiioiho,RartbolomaeusddalelmuS,Agiuiitts

128 1216 205 1284 islep.
220 1232 246 1279 v,
260 1216 316 1285 ili.
334 1217 432 1269 l'enun
448 1216 511 1287 quia
529 1225 567 1270 tot
584 1217 671 1271 modis
687 1232 818 1273 vexamur
834 1228 915 1288 atque
965 1211 1210 1285 eumsuilraganeis
1223 1208 1324 1266 suisio
1335 1210 1616 1283 qtvibuseonventibos
1628 1216 1766 1274 tractare,

128 1306 315 1374 pierreutimur,
332 1307 364 1359 ad
386 1322 477 1360 cuma
501 1321 555 1376 ιμιο
571 1306 739 1376 percutimur
763 1310 915 1364 totocorde
965 1320 1097 1377 quarere,
1123 1311 1151 1360 et
1174 1318 1235 1358 eum
1252 1304 1299 1358 liei
1315 1302 1449 1372 adjutorio
1470 1303 1595 1358 invenire
1614 1302 1717 1357 debent
1732 1303 1767 1358 de

126 1397 236 1469 dignum
255 1397 491 1468 necessariumque
503 1408 546 1453 est
559 1407 914 1471 utrcvertamur,qvatenus
965 1397 1054 1452 11111518
1077 1396 1110 1452 td
1129 1396 1285 1466 religionem
1299 1395 1481 1451 Chtlslianam
1496 1404 1523 1451 0²
1548 1410 1763 1450 8011111111111111

128 1490 190 1545 iliud
205 1491 391 1561 propheticom
411 1492 436 1546 io
460 1492 536 1546 nobis
560 1492 704 1563 implentur
719 1509 774 1563 quo
791 1494 912 1550 dicitur:
965 1491 1175 1563 pcrtinentibus,
1196 1491 1260 1560 quid
1271 1508 1286 1545 a
1299 1492 1468 1562 principibus
1486 1500 1514 1548 et
1525 1491 1634 1561 reliquo
1645 1492 1761 1562 populo,

128 1579 192 1637 Solo
206 1582 309 1636 occatio
333 1581 491 1636 irreciiectum
514 1582 586 1636 dubit
602 1584 706 1639 raddei
731 1584 800 1657 (isa.
818 1602 912 1654 nvnc,
965 1582 1008 1636 vci
1021 1581 1059 1637 ita
1075 1591 1106 1635 ut
1129 1582 1219 1637 divina
1237 1583 1387 1638 auctoritas
1404 1583 1483 1638 docet
1497 1589 1545 1649 aut
1565 1582 1650 1637 aliter
1671 1591 1766 1639 tenea·

128 1671 182 1745 tu).
211 1671 264 1729 Sed
278 1673 341 1743 quia
355 1674 416 1744 pius
435 1682 462 1728 et
475 1673 595 1730 clemens
615 1675 745 1730 Dominus
766 1677 805 1732 sic
825 1677 913 1748 ipsum
966 1681 1019 1737 tur,
1033 1672 1076 1728 vei
1086 1672 1150 1742 quid
1167 1673 1229 1727 inde
1249 1690 1281 1726 ex
1295 1681 1373 1743 parte
1386 1672 1427 1728 vei
1440 1689 1472 1728 ex
1489 1680 1547 1728 toto
1568 1673 1715 1728 dimissum
1731 1672 1769 1728 sit

126 1762 259 1836 'dagcllum
271 1764 426 1820 moderatur
441 1775 470 1820 ut
483 1782 536 1821 non
552 1768 586 1820 ad
602 1767 752 1833 interitum,
764 1769 811 1824 scd
826 1770 915 1839 potius
930 1752 952 1810 Β
968 1776 1064 1822 utnon
1095 1774 1229 1821 teneatur.
1255 1766 1357 1820 Deinde
1379 1766 1443 1835 qtrid
1458 1766 1484 1820 in
1500 1765 1626 1835 ipsorum
1644 1765 1691 1836 qni
1708 1778 1768 1836 pas·

127 1856 160 1914 ad
169 1856 368 1912 correctionem
381 1867 502 1913 nostram
527 1857 628 1913 inferre
641 1859 772 1927 videatur,
786 1861 918 1918 debemus
969 1866 1042 1914 tores
1054 1857 1145 1928 populi
1158 1855 1298 1912 constituti
1319 1863 1384 1911 sunt
1408 1855 1540 1921 moribus,
1555 1856 1768 1911 conversatione

128 1948 155 2001 in
172 1955 319 2017 conspeetu
343 1946 402 2015 ejus
415 1948 549 2003 veraciter
560 1949 708 2015 inconciliari,
731 1950 869 2008 etfaciam
886 1954 916 2008 il·
968 1957 995 2004 et
1009 1950 1115 2004 actibus
1129 1947 1244 2003 inveniri
1255 1947 1342 2017 possit
1352 1946 1424 2018 quod
1436 1945 1535 2001 divinae
1559 1945 1662 2018 regulae
1685 1955 1769 2017 atque

128 2039 179 2094 lius
198 2039 225 2093 in
238 2037 406 2094 contesimo
420 2041 579 2107 praevenire,
593 2041 705 2112 ejusque
719 2044 846 2113 pictatem
859 2061 918 2115 pro-
967 2040 1123 2096 alletoritati
1137 2055 1190 2094 non
1203 2038 1349 2094 concordet
1363 2055 1370 2101 ;
1387 2036 1523 2108 simulque
1544 2037 1690 2092 inveniant
1702 2054 1764 2109 quae

128 2131 516 2195 nismentiboseroraro3ot
538 2133 583 2201 qud
606 2132 670 2187 iecit
694 2151 744 2190 nos
763 2133 916 2203 justissima
967 2131 1124 2188 occasiones
1147 2131 1174 2184 in
1201 2136 1317 2199 utroque
1343 2128 1439 2184 ordine
1473 2128 1501 2183 id
1518 2127 1666 2184 eileoeriut
1697 2136 1768 2183 uta

127 2221 329 2291 dispensatione
352 2221 455 2290 bugella
477 2224 595 2286 scirtiue,
625 2224 786 2280 sciatnobis
807 2236 918 2295 peecata
969 2231 1043 2277 recto
1055 2219 1164 2276 tramite
1179 2218 1317 2275 deviatum
1334 2219 1379 2273 sit.
1392 2217 1567 2289 tttqotdquid
1584 2218 1620 2274 de
1637 2218 1679 2274 bis
1698 2233 1766 2271 carr-

127 2319 245 2376 nostra,
270 2327 319 2382 pro
338 2313 437 2382 quibus
458 2311 530 2381 juste
556 2314 590 2369 ab
615 2330 648 2369 eo
665 2314 849 2386 flagellamur,
873 2334 918 2374 co-
968 2316 1006 2372 sis
1020 2315 1159 2371 inventum
1175 2311 1266 2379 inerit,
1282 2320 1336 2366 mm
1351 2309 1444 2367 solerti
1456 2325 1525 2366 eura
1543 2311 1719 2366 custodiatur
1738 2320 1770 2363 ut

127 2416 268 2469 quiescere,
284 2408 312 2456 et
327 2401 353 2458 in
367 2403 465 2470 quibus
477 2404 595 2460 maxime
609 2404 685 2460 illum
708 2406 878 2471 offendimus,
890 2418 918 2465 et
969 2407 1121 2464 nuliatenus
1132 2405 1165 2480 ad
1183 2404 1298 2460 aiionnn
1313 2403 1436 2458 notitiam
1447 2402 1593 2474 pervenire
1605 2401 1771 2473 permittant

128 2493 196 2546 iram
213 2492 285 2547 illius
309 2494 536 2564 provocavimus,
562 2494 732 2551 manifestius
746 2497 916 2569 intelligere,
968 2506 1031 2553 ante
1055 2505 1160 2567 tempus
1187 2495 1373 2550 constitutum.
1404 2493 1438 2548 Ec
1464 2492 1525 2548 ideo
1544 2508 1618 2548 unus
1642 2491 1772 2547 roudus

128 2589 156 2634 ot
168 2590 247 2651 post,
258 2596 291 2637 eo
301 2583 456 2651 miseraute,
476 2600 559 2655 prava
573 2585 723 2643 deserendo
737 2597 765 2644 et
780 2591 919 2659 corrigen·
969 2590 1040 2646 inter
1050 2603 1143 2645 omnes
1158 2587 1273 2659 eligatur
1288 2585 1333 2659 qui
1346 2585 1473 2656 quodipsi
1491 2584 1650 2640 inverterint
1664 2584 1772 2640 descri-

127 2672 172 2738 do,
189 2673 259 2728 bona
274 2672 356 2728 etiam
371 2675 511 2741 sectando,
528 2682 556 2731 et
568 2684 623 2731 tota
637 2693 699 2733 cum
715 2678 859 2737 devotione
870 2699 919 2737 er·
968 2682 1025 2746 bat,
1037 2687 1064 2735 ct
1078 2678 1191 2751 ipsesub
1199 2676 1354 2747 juramento
1364 2676 1529 2733 cotratrictus
1539 2691 1572 2731 ea
1583 2690 1646 2746 quae
1655 2676 1772 2733 invelata

128 2766 279 2837 sequendo,
298 2766 436 2822 valeamus
446 2782 495 2838 per
508 2769 633 2839 spiritum
647 2770 808 2828 humilitatis
822 2782 849 2829 et
859 2774 919 2829 ani·
968 2778 997 2824 et
1009 2768 1113 2842 digesta
1128 2765 1229 2823 iverint
1241 2764 1383 2838 diiigenter
1392 2765 1562 2836 fideliterque
1574 2774 1725 2823 conservet

127 2871 200 2911 mam
218 2857 361 2912 contritam
386 2858 551 2916 sacrificium
572 2859 628 2917 ilco
654 2861 774 2917 debitum
796 2863 917 2931 oilerre,

127 2950 251 3019 iramque
261 2947 334 3005 iilius
347 2949 539 3019 indignationis
551 2951 666 3007 evadere
680 2992 688 3016 ,
702 2959 731 3008 et
743 2968 792 3024 per
809 2954 917 3026 dignam

127 3051 328 3112 congmamque
355 3044 573 3109 correctionem,
598 3054 626 3099 et
644 3045 777 3103 bonorum
805 3062 918 3117 operum

127 3133 319 3190 exhibitionem
334 3175 342 3200 ,
358 3136 472 3207 gratiam
486 3136 544 3206 ejus
557 3136 757 3207 propitiationis
772 3139 856 3205 ,licet
874 3141 916 3196 in·
931 3104 953 3166 C

129 3222 212 3294 digni,
239 3225 400 3294 promereri.
431 3224 468 3279 lit
488 3226 551 3295 quia
570 3241 619 3283 nos
631 3227 720 3298 magis
730 3228 757 3283 in
780 3229 832 3286 boe
858 3246 920 3300 pec·

129 3324 205 3365 casse
219 3300 420 3381 cognoscimus,
437 3311 584 3381 quilorma
603 3313 700 3371 salutis
716 3318 841 3375 omnibus
860 3335 920 3375 csse

1253 2877 1419 2934 crissoni
1438 2876 1472 2933 li.

969 2988 1085 3030 artacem
1096 2987 1122 3026 m
1136 2982 1149 3012 1
1161 2986 1263 3027 srnooo
1277 2986 1424 3026 eisterensi
1442 2985 1513 3025 anuo
1524 2969 1581 3026 829
1595 2985 1771 3028 conensem

1039 3058 1073 3098 ιιι
1096 3055 1248 3097 tonovrcus
1261 3057 1296 3096 rr
1317 3056 1473 3096 ιοιιιιιιιιιιι
1491 3055 1697 3098 venenosus.

1270 3129 1364 3204 (utu
1382 3131 1459 3200 ees.)

970 3224 1058 3352 [dgud
1071 3225 1103 3280 D.
1121 3222 1271 3297 bouquet,
1294 3223 1401 3307 liecocil
1410 3225 1455 3279 dea
1474 3225 1550 3307 laist..
1574 3235 1641 3280 tom·
1666 3225 1714 3289 vt,
1734 3241 1772 3282 ex

1026 3296 1160 3361 irmondo,
1181 3304 1255 3351 tomo
1275 3295 1295 3350 ll
1321 3291 1420 3349 donat.
1436 3290 1543 3363 Gailcae,
1567 3310 1630 3366 pag.
1652 3293 1736 3370 m]

129 3401 281 3466 debuimus,
294 3410 321 3456 et
333 3401 452 3456 omnium
460 3417 552 3457 curam
564 3418 668 3473 gerere,
677 3415 705 3462 et
715 3422 763 3476 per
774 3409 920 3464 auctorita-
1005 3407 1126 3463 bominis
1136 3407 1367 3478 praestantissimis
1380 3414 1405 3462 et
1415 3407 1525 3478 pietatis
1534 3406 1623 3479 gratia
1634 3407 1773 3477 pradilia,

130 3504 183 3548 tcm
195 3493 361 3562 imperialem
387 3510 531 3564 pravorum
545 3505 616 3565 acta,
643 3514 678 3554 ne
696 3508 800 3555 tantum
814 3517 920 3557 accres-
970 3496 1107 3555 Ludovieo
1120 3509 1147 3554 et
1159 3497 1289 3554 Lotbario
1303 3496 1463 3553 orthodoxis
1476 3505 1557 3567 atquc
1574 3499 1774 3557 invictissimis

128 3591 231 3648 recent,
248 3584 394 3656 corrigere,
409 3587 531 3656 cupimus
546 3629 553 3653 ,
571 3589 686 3645 Domino
700 3591 778 3646 uobis
791 3592 917 3662 propitio,
970 3591 1107 3665 Augustis.

128 3676 155 3730 in
166 3685 310 3746 conspectu
322 3677 429 3748 pictatis
443 3678 514 3734 iiiios
528 3694 576 3750 per
584 3680 692 3752 dignam
703 3681 918 3737 satislactionem
1006 3684 1062 3741 Nos
1079 3683 1172 3739 lamuli
1190 3684 1283 3749 vestri,
1306 3684 1429 3754 quamvis
1446 3682 1566 3755 indigni,
1588 3693 1685 3740 umen
1708 3687 1772 3756 epi-

129 3767 234 3822 veniam
253 3767 376 3838 adipisci,
389 3775 416 3822 ct
433 3769 695 3837 persaiuberrimam
709 3773 917 3839 correctionem,
970 3774 1055 3844 scopi,
1089 3775 1144 3830 Deo
1166 3773 1305 3829 humiliter
1332 3781 1422 3842 grates
1447 3773 1630 3845 persolvimus
1655 3773 1773 3847 sinuas

129 3858 170 3914 vel
184 3860 338 3930 perbonum
351 3848 481 3925 studium,
493 3862 564 3930 quiid
578 3870 670 3916 nostra
681 3863 782 3918 desidia
799 3873 827 3919 et
841 3866 918 3936 igno·
971 3867 1130 3923 immensam
1157 3868 1287 3937 pietatem
1308 3873 1337 3922 et
1357 3866 1553 3934 benignitatem
1578 3867 1772 3925 collaudamus

129 3951 217 4004 rantia
247 3952 379 4006 hactenus
394 3951 547 4022 neglectum
576 3959 633 4015 est,
652 3954 777 4009 covrsuitu
799 3954 918 4011 tidciium
970 3964 997 4013 et
1010 3957 1200 4026 praedicamus,
1222 3956 1268 4025 qrri
1282 3971 1330 4013 vos
1348 3956 1415 4011 adeo
1430 3956 1458 4011 in
1474 3954 1515 4010 sui
1535 3973 1662 4013 amorem
1684 3959 1770 4015 (leto

129 4049 249 4110 ternpore
267 4051 428 4112 opportuno,
444 4043 613 4111 quantumin
627 4045 920 4109 uobisest,studiosis-
971 4046 1090 4101 tissimus
1114 4045 1228 4101 famulos
1243 4061 1306 4102 suos
1320 4045 1435 4117 llagrarc
1450 4044 1527 4111 lacit,
1547 4055 1579 4101 ut
1594 4047 1632 4103 de
1644 4047 1770 4118 proiectu

129 4131 196 4187 sime
208 4133 363 4198 emendare,
387 4141 414 4188 et
428 4142 548 4188 nostram
568 4134 595 4188 in
615 4136 668 4190 boc
683 4135 850 4192 voluntatem
862 4154 920 4192 om-
969 4147 997 4192 et
1010 4137 1174 4192 exaltatione
1186 4145 1288 4194 sauctae
1303 4151 1358 4191 suae
1374 4135 1502 4191 Ecclesia
1517 4136 1711 4194 indesinenter
1723 4153 1769 4195 en

129 4220 208 4275 nibus
219 4219 485 4278 inaniiestamiacerc
506 4222 676 4294 Quapropter
685 4224 831 4281 statuimus
839 4233 920 4296 atque
970 4229 1073 4300 gitetis,
1088 4242 1203 4297 eamque
1216 4237 1320 4298 utpote
1333 4219 1448 4281 uratr'em
1469 4226 1637 4294 spiritalem,
1652 4229 1725 4284 sicut
1737 4229 1769 4284 ii·

130 4312 298 4368 decrevimus
311 4327 371 4369 eum
382 4314 508 4371 consultu
520 4316 690 4373 sacerdotum
705 4326 921 4389 ceterommqoe
971 4318 1044 4374 dcics
1057 4325 1085 4373 et
1103 4317 1193 4374 dilecti
1213 4316 1349 4387 spiritales
1362 4314 1421 4377 ulii,
1439 4314 1474 4370 ad
1486 4315 1603 4372 meliora
1619 4326 1648 4373 et
1662 4319 1770 4388 potiora

131 4404 250 4460 fidelium
264 4415 431 4472 nostrorum,
449 4406 529 4478 buius
540 4407 578 4461 rei
593 4407 690 4477 gratia,
706 4408 741 4462 ob
755 4408 917 4480 placandum
973 4422 1077 4479 semper
1087 4408 1235 4478 provehere
1248 4405 1387 4462 studeatis.
1396 4404 1465 4460 liant
1475 4419 1538 4461 curu
1548 4421 1650 4463 mucro
1661 4408 1772 4464 divinus

131 4496 917 4568 scilicctcontranosuobisquesubjcctosliominifurorem,
972 4505 1114 4575 imperium
1129 4503 1206 4558 vobis
1219 4500 1347 4557 divinitus
1364 4498 1539 4556 commissum
1561 4499 1684 4556 interius
1695 4512 1773 4558 exte·

131 4587 635 4658 conventuseorumdemepiscoporum
645 4588 673 4643 in
684 4599 800 4658 quatuor
812 4588 918 4658 imperii
973 4596 1091 4663 eiusque,
1106 4592 1203 4649 merito
1223 4600 1323 4647 nostrae
1336 4588 1504 4658 iniquitatis,
1519 4589 1686 4647 multifariis
1698 4600 1773 4648 atte-

131 4677 216 4732 nostri
239 4677 305 4733 iocis
316 4679 560 4749 congruentissime
572 4678 641 4734 lieri.
656 4678 748 4733 Primo
772 4678 878 4734 seilicet
891 4679 918 4735 in

132 4766 342 4838 lloguntiaeensi
365 4770 450 4834 urbe,
472 4769 517 4823 uid
537 4769 699 4823 conveniant
723 4767 917 4839 archiepiscopi

167 4922 235 4977 ⁸Ev
259 4919 416 4992 prolatione
440 4922 519 4991 liujus
541 4920 636 4992 synodi
662 4920 786 4989 quaedam
816 4919 918 4975 reterre

131 4994 226 5064 iuvat:
243 5010 253 5042 ι
271 4991 339 5047 Cum
354 4990 455 5060 liquido
469 4999 560 5061 pateat
572 4990 730 5052 Ecclesiam,
744 5005 826 5059 quam
842 4989 918 5045 Cirri-

132 5073 200 5130 stus,
216 5064 334 5132 quicum
348 5077 396 5117 suo
407 5062 517 5130 proprio
529 5062 659 5130 sanguine
672 5060 796 5124 redemit,
809 5060 918 5128 suisque

131 5132 291 5189 orthodoxis
312 5130 566 5187 lamuiisLodovieo
590 5136 617 5184 et
640 5129 769 5185 Lotbario
794 5128 919 5199 gloriosis

132 5202 260 5275 Augustis
279 5203 424 5274 regendam
441 5201 618 5268 tuendamque
631 5200 800 5253 committere
813 5196 918 5252 occulta

132 5290 180 5330 sua
193 5274 393 5344 dispensatione
407 5272 500 5335 voluit,
519 5270 686 5323 diversorum
701 5268 857 5349 morbonun
872 5283 918 5338 ge-

133 5344 243 5399 neribus
262 5342 341 5406 allici,
356 5342 478 5397 cladibus
498 5337 651 5394 multifariis
667 5338 780 5401 conteri,
797 5338 917 5392 divinum

132 5423 227 5467 corrtra
246 5428 276 5469 sc
301 5426 457 5467 nurcronem
478 5411 590 5465 interius
608 5408 791 5479 exteriusque,
814 5407 917 5462 meritis

132 5483 315 5551 exigentibus,
329 5482 458 5552 grassari,
473 5482 619 5553 plagasque
633 5494 701 5548 quas
715 5477 845 5532 Dominus
860 5478 917 5532 suis

131 5546 213 5615 jussis
233 5551 344 5607 obedire
358 5551 521 5614 nolentibus,
546 5550 593 5605 sed
617 5550 706 5619 potius
722 5549 755 5602 ad
771 5547 841 5601 utala
858 5563 918 5617 quae

133 5620 218 5671 vetuit
238 5620 389 5674 labentibus
409 5621 598 5675 interminatus
616 5627 668 5682 est,
689 5618 859 5672 incessanter
871 5632 919 5672 ex-

115 5755 116 5759 *
134 5687 231 5751 uerit-i,
254 5690 334 5742 iidem
351 5690 404 5743 beo
425 5691 494 5758 piceni
513 5691 647 5760 principes
662 5689 768 5744 colicos
782 5687 915 5756 inspirati,

972 4699 1044 4744 reret
1059 4686 1187 4749 cladibus,
1200 4684 1347 4754 prudenter
1361 4680 1614 4736 animadvertentes
1625 4683 1702 4751 quod
1715 4683 1776 4739 basa

972 4778 1078 4835 nonnisi
1090 4776 1165 4847 justo
1178 4773 1225 4830 bei
1236 4773 1338 4844 judicio
1350 4770 1499 4833 evenirent,
1514 4768 1589 4825 iiiioo
1604 4772 1723 4843 scriptis
1733 4787 1776 4829 se·

972 4914 1095 4970 consulto
1113 4913 1147 4966 ad
1164 4910 1249 4965 berum
1269 4909 1376 4980 dignam
1396 4907 1606 4986 conversionem
1628 4908 1778 4979 judicare-

973 4996 1036 5040 runt
1047 4999 1107 5038 esse
1118 4981 1265 5036 laciendum
1270 5017 1323 5032 .....
1336 4993 1429 5032 corum
1441 4975 1532 5040 salim,
1548 4983 1635 5042 Juxta
1650 4980 1778 5036 ministe-

973 5056 1043 5109 rium
1057 5053 1134 5106 nobis
1150 5050 1285 5113 collatum,
1302 5047 1441 5102 consulere
1453 5048 1622 5114 cupientes,
1645 5064 1724 5104 anno
1736 5051 1779 5106 11..

972 5123 1137 5180 carnationis
1150 5119 1254 5174 Domini
1272 5133 1412 5180 occessit,
1427 5115 1567 5171 Ludovico
1586 5116 1706 5189 filioque
1719 5121 1780 5189 ejus

972 5194 1110 5256 Lotbario,
1131 5192 1181 5245 sub
1193 5191 1236 5245 die
1252 5203 1298 5242 vm
1318 5187 1411 5240 iduum
1427 5183 1586 5251 luuiarum,
1602 5203 1660 5243 nos
1671 5189 1780 5262 indigni

971 5263 1099 5334 episcopi,
1114 5278 1148 5316 ex
1167 5258 1276 5313 dioecesi
1290 5256 1392 5311 scilicet
1406 5256 1638 5327 bavocoytovum
1654 5274 1708 5316 noe
1723 5277 1780 5315 noo

972 5342 1000 5389 et
1012 5332 1121 5387 ctiocost
1134 5329 1267 5384 §aaronica
1278 5336 1305 5382 et
1314 5325 1447 5380 Turonica
1459 5332 1542 5394 atque
1553 5315 1780 5401 liotbomagica.

972 5403 1041 5472 apud
1057 5401 1222 5455 Parisiorum
1245 5399 1338 5452 omem
1351 5394 1528 5473 convenimus
1550 5402 1583 5450 et
1605 5397 1735 5467 qualiter
1748 5401 1782 5456 de

971 5472 1050 5541 paulo
1061 5471 1185 5540 srvpcrius
1195 5467 1340 5539 praemissis
1350 5464 1538 5532 causis,1u1ta
1549 5464 1783 5525 admonitionem

971 5543 1128 5596 corumdem
1144 5539 1305 5610 principum,
1324 5534 1459 5604 egerimus
1476 5533 1522 5587 vel
1543 5539 1782 5601 tractaverimus,

972 5612 998 5665 in
1028 5607 1254 5680 subsequentibus
1278 5606 1397 5661 breviter
1426 5602 1602 5676 capitulatim
1642 5608 1784 5665 adnotare

971 5697 1132 5736 curavimus.
1152 5700 1161 5732 t
