3832 6120
129 262 183 321 995
679 255 839 315 tenuiter
858 255 869 309 1
888 249 1122 309 COGNOMENTO
1142 250 1183 307 itt
1564 272 1566 277 ·
1705 246 1761 311 990

129 377 286 435 eorumdem
299 389 392 445 regum
408 371 626 427 arroteritatesob
637 385 757 426 amorem
767 369 815 425 Dei
830 374 857 422 et
872 381 916 421 re·
930 372 954 431 Α
968 363 1100 435 genitoris
1115 362 1201 419 nostri
1214 363 1304 419 Caroli
1323 363 1401 419 bonae
1418 364 1556 419 momoria
1566 364 1682 435 piissimi
1701 366 1763 421 Au.

131 468 281 524 rcrentiam
295 464 380 535 ipsius
401 461 486 516 sarred
511 461 562 516 loci
582 468 675 515 nostra
693 459 917 519 confirmaremus
971 456 1055 526 gusti,
1071 456 1099 510 iu
1113 470 1167 524 quo
1180 465 1239 511 crat
1258 456 1390 515 inseratur
1405 459 1533 528 eoquod
1552 458 1611 528 ipse
1637 466 1668 516 et
1693 474 1765 517 um

132 560 305 616 auctoritate.
330 553 413 620 Curius
434 553 556 622 petitioni
578 553 696 608 libenter
716 551 916 622 accubuimus,
968 543 1355 614 nouerlippinusquondaru
1365 561 1425 611 ros,
1439 562 1488 602 ssu
1509 549 1591 603 αἰααα
1609 550 1766 620 praedm

130 649 206 713 etita
224 647 251 700 iu
266 640 392 699 omnibus
404 641 598 707 concessimus,
610 649 691 711 atque
707 655 757 710 per
776 639 829 694 lroc
849 652 918 706 prae-
969 645 1044 688 sorcs
1068 648 1177 697 eorum,
1195 648 1273 705 repes
1293 634 1420 691 uidelicet
1436 635 1765 711 Francorumpnnoepttn

130 746 236 809 ceptum
252 740 350 793 nostrae
361 732 532 787 auctoritatis
539 731 741 787 consumamus.
753 728 917 798 Praecipieu-
968 724 1163 779 auctoritattuu
1175 739 1286 780 suanum
1299 725 1414 796 prefato
1425 728 1593 783 monasterio
1611 744 1766 802 congrega·

130 834 172 883 tes
185 839 249 894 erpo
259 821 387 890 jubemus
407 828 437 872 ιιι
451 833 531 875 inemo
553 819 672 874 fidelium
696 826 861 880 nostrorum,
875 815 918 871 rel
969 812 1092 884 tiouique
1110 814 1210 870 ibidem
1225 815 1282 870 Deo
1303 815 1446 872 famulanti
1461 818 1662 875 concessissent
1679 835 1766 875 omne

130 917 257 988 quislibet
273 927 307 967 cx
317 909 462 978 judiciaria
473 917 610 980 potestate
620 911 647 964 in
658 908 788 964 eeclesias
798 916 845 961 aut
859 905 918 960 loca
969 902 1105 967 teloneum
1129 904 1163 958 de
1188 912 1319 969 mercatu,
1334 906 1380 975 qui
1399 906 1429 960 Dt
1447 909 1587 963 aunuatim
1612 908 1766 968 iestiritate

131 1008 174 1063 roi
187 1019 268 1076 apros
280 1017 327 1061 seu
343 998 460 1070 reliquas
484 999 680 1070 possessiones,
701 998 758 1053 sire
778 1012 825 1052 eas
850 1010 919 1065 quas
968 989 1189 1062 ejusdcmsar'rcti
1201 995 1322 1068 Dionysii
1338 997 1364 1051 in
1384 998 1498 1067 pretato
1517 1001 1657 1056 territorio
1683 999 1765 1057 Pari-

129 1099 260 1154 moderuo
275 1106 395 1168 tempore
410 1095 439 1148 iu
454 1090 617 1161 quibuslibet
629 1088 706 1159 pagis
724 1095 752 1142 ct
775 1086 918 1142 territoriis
969 1087 1056 1153 daco,
1067 1102 1101 1142 cx
1114 1089 1240 1144 omnibus
1265 1090 1492 1160 negotiatoribus,
1505 1092 1551 1161 qui
1571 1092 1695 1162 undique
1710 1100 1766 1147 tam

132 1187 202 1243 inira
215 1189 345 1242 ditionem
362 1184 467 1255 imperii
478 1181 552 1251 juste
561 1190 590 1236 ct
602 1180 724 1250 legaliter
734 1177 863 1248 praedicta
875 1192 919 1232 se·
969 1191 1003 1233 cx
1018 1176 1157 1232 Saxonum
1170 1186 1260 1248 pente,
1274 1194 1356 1249 uuam
1370 1189 1399 1235 et
1410 1179 1566 1236 Frisiorum
1589 1182 1631 1239 uel
1648 1183 1765 1237 aliarum

130 1277 180 1331 des
192 1291 239 1331 seu
252 1274 365 1330 cellulas
379 1272 508 1344 possidet,
522 1271 565 1326 uel
579 1285 610 1325 ca
623 1285 683 1339 que
696 1268 825 1336 deiraceps
838 1282 854 1320 a
869 1268 918 1322 bo·
970 1266 1153 1336 qrrarumiihet
1165 1268 1367 1338 gentiumque
1381 1270 1417 1324 do
1432 1270 1549 1325 dirersis
1559 1271 1712 1340 provinciis
1736 1280 1765 1326 et

132 1365 175 1421 nis
187 1365 253 1421 uiris
271 1364 372 1418 eisdem
386 1362 482 1418 collata
499 1360 600 1415 inerint
624 1359 762 1423 ecelesiis,
774 1359 808 1412 ad
821 1372 920 1419 causas
972 1358 1117 1414 territoriis
1130 1358 1157 1413 iu
1174 1360 1299 1414 eumdem
1311 1362 1466 1430 negotiandi
1488 1363 1575 1433 gratia
1595 1364 1765 1419 conveniunt

132 1458 288 1520 erudiendas,
305 1456 346 1511 rei
358 1454 432 1510 freda
444 1462 490 1508 aut
504 1453 604 1507 tributa
620 1450 767 1521 exigenda,
780 1458 827 1504 aut
840 1465 919 1504 mau-
971 1458 1122 1505 mercatum
1143 1468 1150 1504 ι
1170 1465 1275 1506 necnon
1288 1460 1315 1507 et
1327 1467 1360 1507 ex
1372 1454 1496 1508 omnibus
1507 1455 1595 1509 carris
1606 1463 1635 1510 et
1649 1455 1765 1510 nariirrrs

132 1549 222 1604 siones
234 1547 275 1601 uel
287 1553 395 1615 paratas
418 1541 563 1607 iaciendas,
573 1556 623 1597 nec
637 1538 809 1608 fidejussores
822 1537 918 1593 telleu-
972 1547 999 1594 et
1009 1542 1114 1596 caeteris
1133 1541 1276 1605 velriculis,
1292 1543 1390 1611 qrribus
1401 1544 1493 1598 uinum
1506 1555 1534 1600 et
1546 1547 1601 1601 mel
1613 1555 1642 1600 et
1655 1546 1711 1601 alia
1725 1547 1764 1601 di·

132 1640 246 1703 dos,aut
258 1637 382 1693 bornines
391 1634 475 1703 ipsius
486 1632 679 1697 ecclcsiac,tam
694 1632 825 1701 ingenuos
837 1645 920 1700 quam
972 1646 1050 1686 uersa
1064 1633 1226 1688 commercia
1240 1633 1305 1688 illuc
1318 1634 1352 1688 ad
1371 1636 1547 1690 mercandum
1564 1637 1763 1707 deportantur;

132 1743 237 1793 seruos,
259 1742 340 1797 super
359 1734 459 1780 terram
479 1722 562 1791 ipsius
591 1729 796 1777 commanentes
821 1719 919 1788 injuste
933 1712 957 1771 B
971 1738 1019 1778 seu
1044 1724 1127 1778 etiam
1146 1733 1173 1779 et
1188 1726 1222 1780 dc
1236 1727 1342 1782 cuncus
1356 1727 1417 1782 aliis
1428 1729 1613 1784 mercimoniis
1627 1744 1692 1799 quae
1703 1739 1766 1784 tum

132 1818 342 1890 distringendos,
358 1830 408 1870 nec
432 1813 500 1868 ullas
518 1810 712 1867 redhibitiones
737 1819 784 1865 aut
810 1810 919 1866 illicitas
970 1815 1166 1883 temporisnon
1179 1815 1306 1871 salumin
1321 1818 1415 1872 codem
1430 1826 1550 1872 mercatu
1564 1828 1593 1872 et
1608 1817 1681 1873 inira
1691 1834 1765 1874 erm-

132 1911 288 1967 occasioneu
302 1905 489 1977 requirendos,
501 1902 602 1958 nostris
620 1911 667 1956 aut
682 1901 779 1956 tutirris
791 1900 920 1971 tempori·
969 1904 1031 1960 deni
1042 1904 1209 1961 Parisiorum
1221 1906 1327 1971 orbern,
1339 1922 1386 1962 seu
1401 1909 1482 1961 etiam
1497 1922 1557 1977 qrrae
1572 1924 1622 1977 per
1635 1908 1718 1963 riilas
1737 1917 1765 1963 et

132 2001 182 2056 bus
203 1997 306 2069 ingredi
327 1994 455 2058 audeant,
467 1993 510 2047 vel
524 2007 557 2047 0³
582 2007 641 2061 (Diffi
661 2006 742 2061 supra
770 1998 920 2046 memorata
971 2010 1051 2066 agros
1069 2004 1098 2051 et
1110 2004 1208 2050 celcra
1222 1996 1280 2052 loca
1296 1998 1322 2050 iu
1338 1997 1452 2052 circuitu
1466 1998 1539 2052 iilius
1556 2007 1697 2053 urercatus
1720 2015 1766 2068 po

132 2088 433 2162 suntpenituserigerc
446 2096 622 2157 praesumant.
646 2085 700 2140 Sed
720 2083 801 2139 liceat
815 2099 919 2139 memo·
971 2085 1023 2140 sita
1047 2087 1228 2156 negotiantur,
1244 2086 1288 2141 rel
1310 2087 1343 2141 de
1368 2087 1494 2142 moribus
1521 2089 1704 2156 umlccunque
1720 2086 1767 2156 jus

134 2193 193 2241 rato
204 2181 312 2253 presuli
327 2180 438 2249 suisque
448 2178 649 2234 successoribus
664 2192 707 2232 res
729 2176 919 2246 praedictarum
971 2175 1031 2231 iisci
1044 2175 1178 2232 teloneum
1195 2178 1319 2247 accipere
1332 2185 1448 2248 poterat
1471 2179 1670 2234 Contiricbatur
1681 2179 1765 2234 etiam

132 2275 309 2330 ecclesiarum
322 2287 384 2326 curn
397 2269 524 2324 omuibus
542 2267 593 2322 sibi
608 2265 738 2335 sublectis
753 2265 803 2319 sub
824 2264 922 2319 immu-
971 2266 1000 2321 iu
1016 2267 1111 2322 cadem
1126 2269 1287 2325 auctoritate
1301 2269 1373 2338 qirod
1394 2268 1504 2339 quidum
1529 2271 1678 2325 tcnrerario
1696 2285 1764 2325 ausu

134 2367 228 2424 nitatis
242 2362 398 2419 detonsione
418 2361 509 2430 ‹prieto
529 2358 623 2413 ordine
636 2355 783 2427 possidere,
797 2364 825 2411 et
841 2355 921 2410 nobis
972 2357 1098 2411 eumdem
1117 2368 1268 2415 mercatum
1293 2375 1309 2414 a
1335 2368 1470 2430 potestate
1489 2363 1650 2417 nrouasterii
1675 2364 1764 2419 sancti

135 2456 249 2513 iidciiter
273 2451 422 2514 deservire,
435 2457 516 2517 aturre
538 2462 587 2516 pro
605 2447 752 2502 stabilitate
764 2454 855 2500 rromra
878 2442 922 2499 rei
973 2446 1092 2518 Dionysii
1107 2449 1316 2520 subripuissent,
1332 2463 1360 2508 et
1375 2462 1495 2511 rectores
1508 2456 1614 2525 prolati
1626 2465 1767 2512 promte·

134 2551 216 2607 totius
230 2544 335 2616 imperii
349 2559 362 2598 a
378 2543 434 2596 Deo
455 2542 533 2595 uobis
558 2539 647 2596 collati
662 2539 705 2594 rei
729 2537 919 2600 conservandi,
973 2538 1007 2594 rii
1020 2539 1107 2608 ipsum
1120 2541 1156 2594 ad
1169 2540 1304 2612 integrum
1318 2559 1410 2598 coram
1433 2544 1574 2605 Grimaldo
1594 2546 1699 2616 llaJore
1715 2547 1766 2602 ‹it›

134 2657 188 2700 uua
203 2655 264 2697 curu
278 2638 351 2693 ciero
365 2645 392 2691 ct
407 2634 505 2706 populo
516 2632 565 2687 sibi
577 2629 802 2700 subjecto,liberc
815 2627 927 2689 Domini,
973 2645 1033 2686 mus
1043 2631 1096 2686 sibi
1109 2632 1233 2703 legaliter
1250 2638 1460 2703 evindicassent,
1472 2648 1501 2695 ct
1516 2642 1588 2710 qirod
1603 2638 1766 2696 &nunchil-

134 2728 347 2794 miscricordiam
363 2739 485 2780 exorare.
516 2722 550 2776 Et
572 2721 701 2790 quidquid
721 2718 819 2774 exinde
840 2717 922 2771 fiscus
972 2721 1015 2778 dis
1029 2732 1057 2777 et
1070 2722 1216 2781 Gerircdus
1236 2727 1356 2796 ejusdem
1373 2730 1491 2784 ciuitatis
1506 2733 1649 2799 primariam
1673 2747 1767 2788 corrues

135 2829 228 2877 Πθδῑθῐ
242 2832 351 2888 Simile
362 2823 480 2884 D⁰¹⁰l³ls
495 2813 528 2867 ad
543 2812 676 2880 integrum
696 2807 880 2872 ⁰⁰D⁰⁰dimllss
893 2815 923 2861 1¹1
973 2815 1121 2883 eupiditate
1136 2817 1219 2880 tirrcti,
1232 2818 1338 2872 curretis
1353 2822 1559 2888 mercatoribus,
1574 2823 1669 2878 liberis
1692 2825 1766 2880 uile·

134 2908 449 2985 ibiibi-¹¹¹5S[sinilifflbi's
464 2905 563 2960 ibidem
575 2905 630 2959 θα)
647 2901 841 2957 smmum
860 2915 925 2971 ΡΝ)-
973 2905 1075 2964 liceret
1089 2910 1187 2975 serub,
1200 2909 1264 2966 illac
1288 2914 1425 2968 monandi
1445 2916 1531 2986 gratia
1556 2914 1766 2979 continentibus,

138 3003 211 3059 ficiat
226 3002 253 3055 in
268 3005 453 3071 angmentum.
477 2995 510 3049 Et
527 3002 558 3048 ut
576 2993 633 3048 baec
654 2992 803 3046 auctoritas
820 2990 923 3046 nostris
974 2998 1097 3070 singuiis,
1110 3003 1287 3071 exeeptoaiio
1303 3004 1409 3060 uteros
1420 3006 1766 3078 qumlexsolrcbnutmna.

136 3092 287 3159 iirtirrisquc
300 3085 465 3157 temporibus
477 3083 592 3138 Domino
608 3088 767 3152 protegente
777 3080 865 3135 ualeat
882 3080 920 3133 iu·
976 3098 1037 3144 ium
1061 3092 1187 3147 pppappps
1209 3095 1467 3164 superaddidissent,
1481 3106 1509 3153 α
1522 3099 1599 3152 „mm
1614 3100 1669 3154 pm
1682 3115 1765 3155 tm

136 3194 267 3238 concussa
287 3192 408 3241 ”labetes
424 3191 505 3229 millu
522 3173 630 3245 limi)ria
654 3171 875 3242 fflbfflliffiisswi·
896 3177 929 3245 ⁰¹,
976 3181 1108 3247 mulctati,
1124 3185 1268 3239 abeodem
1283 3197 1446 3242 scincrcatu
1461 3189 1652 3252 retroirebnnt;
1679 3198 1708 3245 et
1720 3188 1768 3262 [ct

135 3261 780 3337 a¹¹1¹¹¹¹5¹¹⁰⁵!stillilil'ssssifflfflSidnaiiiussimus·
975 3272 1056 3345 quod]
1078 3277 1261 3342 permodicum
1277 3277 1410 3332 teloneum
1422 3279 1458 3333 dc
1468 3281 1562 3334 couleur
1584 3291 1709 3336 mercatu
1733 3283 1768 3337 sd

172 3362 283 3432 Signum
295 3356 422 3411 L¹¹i¹⁰⁸³¹⁰⁸¹
438 3353 603 3408 sefeflifflffli
616 3348 798 3422 5¹¹¹P⁰f³¹⁰fi⁵·
975 3372 1080 3434 partem
1091 3367 1246 3419 monasterii
1259 3368 1345 3422 sancti
1356 3367 1475 3439 Dionysii
1490 3384 1539 3439 pro
1550 3370 1602 3424 lruc
1612 3384 1697 3426 eurrsu
1710 3372 1769 3426 exi·

170 3452 236 3505 Data
252 3447 348 3502 indul.
362 3443 526 3509 Decembris,
539 3458 611 3497 ariuo
629 3441 717 3511 priuro
733 3436 843 3492 Christo
858 3451 923 3506 pro·
974 3456 1104 3528 gemm
1139 3466 1169 3511 a
1194 3458 1267 3526 quod
1292 3457 1364 3513 hum
1388 3460 1628 3530 ”mimium
1654 3476 1768 3518 mmm

136 3542 202 3613 pitio
213 3539 318 3610 imperii
329 3538 418 3594 domui
430 3535 558 3591 Ludorici
571 3531 737 3590 serenissimi
749 3529 871 3601 tepuisti,
884 3528 924 3582 in-
975 3545 1105 3617 msam,-
1120 3547 1226 3617 genno,
1239 3556 1331 3603 msto,
1345 3564 1466 3605 mm
1478 3565 1534 3605 Μ
1548 3552 1768 3607 mmmmm,

136 3633 254 3688 dictione
266 3630 293 3685 8.
309 3629 405 3684 drtunr
428 3624 592 3699 aquisgrani
614 3622 715 3695 palatio
730 3620 805 3693 regio
826 3619 852 3675 in
877 3619 923 3674 Dei
976 3646 1097 3693 mam
1112 3637 1154 3692 ω]
1169 3637 1537 3702 apdjoe5001‚0fflcp„yp„,
1553 3655 1630 3695 suam
1650 3643 1769 3697 amyoti.

136 3722 244 3777 ¹¹0¹Dl¹¹⁰
260 3719 384 3776 seliciltf·
396 3719 492 3773 Amin·
977 3735 1101 3782 tutemet
1114 3726 1349 3784 conbrnmtionem
1368 3731 1499 3785 badeuus
1521 3731 1609 3800 ipsunt
1632 3733 1768 3788 teloneum

504 3831 562 3887 xv,
977 3818 1154 3886 adintcgrum
1162 3833 1225 3887 pars
1233 3821 1483 3876 ruouasteriimucti
1494 3821 1614 3892 Dionysii
1628 3823 1769 3878 habuisset

316 3938 347 3979 pp
370 3937 494 3979 replemus
513 3936 607 3976 men
626 3935 749 3976 pyopyppy,
978 3909 1020 3962 Vei
1030 3909 1191 3979 Occepitfiei·
1201 3908 1254 3964 ΡῙὈ
1265 3911 1406 3966 fei-him
1419 3911 1548 3967 Orntt'tate
1558 3913 1707 3982 DOSiDiDVii
1722 3929 1769 3969 tto-

438 4014 447 4072 l
454 4016 529 4070 ,luno
543 4014 624 4084 814.)
977 3997 1021 4055 bis
1034 3999 1179 4068 pradictus
1195 4000 1279 4055 abbas
1293 4016 1346 4055 nna
1360 4017 1422 4056 cum
1440 4007 1653 4076 congregatione
1673 4007 1707 4061 ad
1726 4020 1769 4062 re-

137 4109 226 4184 [Apud
238 4109 270 4164 D.
284 4078 515 4230 Bouttuet.,ibipi.,
532 4121 560 4174 p.
571 4105 675 4169 bition
689 4103 806 4160 Dublcto
816 4104 843 4159 in
855 4103 926 4158 ilict.
978 4091 1097 4162 utillum
1109 4091 1162 4147 sibi
1175 4093 1332 4159 mmmm&
1342 4101 1372 4149 Ν
1382 4108 1485 4150 motem
1497 4105 1644 4166 paternum
1654 4111 1770 4169 mett·

329 4195 344 4231 α
363 4176 387 4229 ⁶·
408 4174 438 4230 S·
450 4174 579 4244 bicipiti,
587 4190 649 4245 pag.
661 4172 736 4246 lin]
980 4190 1031 4245 tes,
1043 4189 1163 4236 nostram
1176 4182 1257 4237 etiam
1272 4183 1461 4239 auctoritatem
1473 4198 1556 4256 super
1575 4187 1627 4241 bae
1650 4202 1683 4243 re
1705 4202 1777 4260 erpa

172 4274 200 4329 lu
223 4271 333 4328 nomine
354 4267 461 4322 Domini
481 4266 530 4322 Dei
552 4275 579 4322 et
598 4264 748 4323 Salvatoris
762 4267 846 4321 nostri
864 4265 927 4323 lesu
968 4273 1066 4342 -ipsuiu
1078 4273 1300 4329 sanctuariocum
1315 4274 1374 4330 deri
1386 4289 1569 4331 censeremus.
1585 4276 1706 4343 Quorum
1724 4295 1770 4350 pr·

138 4362 250 4427 Christi,
264 4359 417 4417 badericus
428 4357 518 4414 lirina
533 4359 677 4415 ordinante
690 4359 859 4429 proridentia
878 4359 966 4471 int-D
981 4363 1119 4419 titionibus
1132 4365 1167 4420 ob
1188 4379 1308 4421 amorem
1323 4365 1372 4422 Dei
1395 4375 1423 4422 et
1447 4369 1652 4424 uenerationem
1681 4371 1769 4426 sancti

135 4461 245 4524 perator
256 4451 404 4521 Augustus.
763 4508 770 4525 ι,
978 4452 1099 4523 Dionysii
1119 4455 1225 4523 patroni
1246 4455 1344 4520 nostri,
1360 4455 1439 4512 nobis
1452 4472 1546 4512 aurem
1560 4459 1713 4514 elementer
1727 4476 1770 4514 ac·

171 4543 340 4617 irnperiaicm
369 4541 556 4599 celsitudinem
588 4542 665 4597 decet
696 4541 926 4612 praedecessorum
978 4544 1152 4599 commodare
1165 4545 1254 4601 libuit.
1268 4545 1440 4619 Quapropter
1448 4551 1623 4620 precipimus
1637 4560 1720 4621 atquc
1727 4553 1770 4624 ju·

137 4653 248 4695 suorum
262 4637 305 4707 pie
326 4633 397 4690 iactu
420 4650 475 4689 non
500 4634 586 4690 solum
606 4633 798 4689 inuiolabiliter
819 4647 918 4690 conser
977 4638 1073 4693 lenam
1088 4647 1128 4704 ut,
1142 4639 1211 4694 sicut
1227 4640 1261 4695 ab
1286 4641 1348 4696 aliis
1372 4643 1481 4713 regibus
1496 4642 1666 4700 Francorum
1678 4654 1772 4701 ctare

137 4743 213 4791 rare,
226 4727 272 4781 sed
289 4724 371 4780 ctiam
389 4739 512 4779 ceusurae
537 4739 593 4778 suec
616 4724 777 4778 arictoritate
801 4724 927 4779 alacriter
979 4737 1074 4784 nostro
1091 4729 1205 4800 Pippirro
1218 4731 1306 4801 ipsunt
1322 4733 1457 4789 teloneum
1470 4749 1632 4791 concessum
1643 4736 1688 4792 rei
1708 4752 1773 4792 cou-

137 4814 310 4880 contirmare,
322 4813 485 4869 dividelicet
498 4828 596 4866 rotinus
613 4820 652 4866 tot
666 4813 818 4883 principum
833 4823 926 4869 aucto·
979 4818 1115 4874 sinuatum
1130 4828 1185 4884 est,
1204 4829 1233 4875 et
1245 4836 1337 4876 coram
1352 4822 1491 4878 Grirnaldo
1506 4823 1607 4894 llajorc
1624 4824 1723 4882 mmrrs
1737 4827 1773 4881 ud

137 4905 264 4961 ritatibus
278 4903 442 4958 obamorern
457 4901 504 4956 Dei
516 4901 644 4957 collatum
659 4901 700 4956 rel
722 4903 924 4970 corissrmatum,
976 4919 1082 4980 partein
1103 4911 1188 4980 iprius
1205 4914 1363 4968 ruonnsterii
1382 4914 1616 4975 autumationum
1633 4926 1731 4986 postea
1756 4931 1772 4970 α

138 4995 174 5050 ab
190 4995 232 5050 bis
245 4994 343 5065 quibus
356 4993 515 5048 attributum
530 5002 580 5057 est,
596 5003 625 5048 et
639 4993 743 5052 irrurius
756 5004 887 5062 tencatur,
898 5006 925 5053 et
976 5002 1196 5074 prelatodnnmo
1205 5011 1233 5056 et
1243 5004 1366 5075 genitore
1378 5013 1472 5060 nostro
1482 5003 1581 5061 carolo
1591 5005 1772 5078 impetrare,

138 5084 259 5139 securius
268 5082 448 5154 possideatur.
462 5080 564 5136 idcirco
576 5089 669 5137 notum
681 5083 717 5138 sit
725 5085 854 5141 orrruibus
861 5085 926 5140 doe·
977 5092 1110 5150 molentis
1123 5093 1256 5149 malornm
1269 5094 1407 5148 hominurn
1420 5093 1603 5165 supersedium
1628 5105 1774 5153 eonsuetu-

136 5173 208 5228 libus
220 5181 320 5228 saraciae
339 5172 386 5228 Dei
400 5171 527 5227 Ecclesiae
540 5179 567 5228 et
581 5173 697 5238 nostris,
714 5181 769 5228 tam
783 5176 925 5244 praeseuti-
978 5185 1097 5250 pipinus,
1114 5184 1220 5240 firmins
1234 5185 1360 5240 collatum
1375 5186 1462 5241 eidem
1481 5188 1652 5243 innuantur-io
1664 5197 1772 5252 exstem

138 5263 190 5319 bus
204 5279 284 5334 quara
298 5271 327 5319 et
343 5262 451 5325 iuturis,
464 5262 528 5332 quia
544 5263 588 5316 vir
601 5264 762 5321 uenerabilis
785 5264 925 5321 liiidoinus
979 5275 1016 5329 ita
1031 5275 1159 5344 deinceps
1176 5276 1276 5330 nostris
1289 5275 1441 5345 luturisque
1453 5276 1620 5346 temporibus
1634 5293 1684 5348 per
1701 5278 1775 5333 itanc

139 5352 207 5409 abba
221 5369 255 5408 ex
271 5354 437 5410 monasterio
451 5354 538 5409 sancti
563 5353 692 5426 Dionysii,
708 5359 779 5426 quod
801 5364 843 5412 est
862 5370 927 5412 con·
978 5368 1296 5422 nnstnrriauctoiitntern
1307 5366 1501 5424 inuiolabiliter
1511 5379 1673 5439 permanent
1683 5371 1774 5427 indul-

137 5451 271 5500 structum
285 5442 605 5504 interritorioParisiaco
617 5447 662 5504 ubi
673 5447 730 5520 ipse
742 5458 851 5506 sanctus
865 5451 927 5506 Dio-
979 5465 1045 5512 tum.
1058 5457 1097 5512 lta
1108 5459 1240 5514 duruaxat
1252 5467 1369 5514 ritornoc
1390 5459 1524 5514 teloneum
1538 5459 1572 5516 de
1587 5460 1686 5517 coelem
1704 5478 1775 5517 ruer·

138 5535 233 5605 nysius
252 5544 280 5590 et
303 5536 416 5590 comites
439 5532 498 5604 ejits
510 5551 622 5608 corpore
635 5539 818 5610 requiescunt,
831 5542 925 5597 detulit
979 5548 1109 5616 catuuui
1125 5547 1366 5618 titunnissinpulis
1379 5547 1527 5603 iestiritate
1538 5549 1629 5603 sancti
1650 5549 1771 5620 Dionysii

138 5623 277 5679 obtutibus
301 5625 579 5695 uostrispraecepurm
594 5630 763 5687 auctoritatis
784 5633 874 5687 dorrrui
899 5645 926 5689 it
980 5636 1005 5690 iu
1020 5636 1130 5706 pretato
1145 5636 1282 5693 Darisiaco
1299 5647 1511 5708 pauo,rcctorcs
1530 5639 1572 5694 uel
1595 5643 1774 5712 commun
