<?xml version="1.0" encoding="UTF-8"?>
<!DOCTYPE html PUBLIC "-//W3C//DTD XHTML 1.0 Transitional//EN"
    "http://www.w3.org/TR/xhtml1/DTD/xhtml1-transitional.dtd">
<html xmlns="http://www.w3.org/1999/xhtml" xml:lang="en" lang="en">
 <head>
  <title>
</title>
<meta http-equiv="Content-Type" content="text/html;charset=utf-8" />
  <meta name='ocr-system' content='tesseract 3.04.00' />
  <meta name='ocr-capabilities' content='ocr_page ocr_carea ocr_par ocr_line ocrx_word'/>
</head>
<body>
  <div class='ocr_page' id='page_1' title='image "./patrologiaecurs103migngoog_0556.png"; bbox 0 0 3832 6120; ppageno 0'>
   <div class='ocr_carea' id='block_1_1' title="bbox 136 231 1774 294">
    <p class='ocr_par' dir='ltr' id='par_1_1' title="bbox 136 231 1774 294">
     <span class='ocr_line' id='line_1_1' title="bbox 136 231 1774 294; baseline 0.004 -7"><span class='ocrx_word' id='word_1_1' title='bbox 136 233 206 288; x_wconf 72' lang='lat' dir='ltr'><strong>teos</strong></span> <span class='ocrx_word' id='word_1_2' title='bbox 706 231 904 290; x_wconf 47' lang='lat' dir='ltr'><strong>pretiosiset</strong></span> <span class='ocrx_word' id='word_1_3' title='bbox 924 231 1203 292; x_wconf 73' lang='lat' dir='ltr'><strong>ecclesiastica.</strong></span> <span class='ocrx_word' id='word_1_4' title='bbox 1704 238 1774 294; x_wconf 70' lang='lat' dir='ltr'><strong>abitt</strong></span> 
     </span>
    </p>
   </div>
   <div class='ocr_carea' id='block_1_2' title="bbox 132 342 1853 1237">
    <p class='ocr_par' dir='ltr' id='par_1_2' title="bbox 132 342 1853 1237">
     <span class='ocr_line' id='line_1_2' title="bbox 136 342 1772 415; baseline 0.006 -16"><span class='ocrx_word' id='word_1_5' title='bbox 136 359 228 400; x_wconf 83' lang='lat' dir='ltr'><strong>remus</strong></span> <span class='ocrx_word' id='word_1_6' title='bbox 242 342 438 398; x_wconf 86' lang='lat' dir='ltr'><strong>auctoritatem.</strong></span> <span class='ocrx_word' id='word_1_7' title='bbox 460 342 543 415; x_wconf 83' lang='lat' dir='ltr'><strong>Crtjus</strong></span> <span class='ocrx_word' id='word_1_8' title='bbox 560 345 685 414; x_wconf 89' lang='lat' dir='ltr'><strong>petitioni</strong></span> <span class='ocrx_word' id='word_1_9' title='bbox 708 345 823 401; x_wconf 77' lang='lat' dir='ltr'>libenter</span> <span class='ocrx_word' id='word_1_10' title='bbox 837 360 928 401; x_wconf 83' lang='lat' dir='ltr'><strong>assen-</strong></span> <span class='ocrx_word' id='word_1_11' title='bbox 942 351 967 409; x_wconf 75' lang='grc' dir='ltr'>Α</span> <span class='ocrx_word' id='word_1_12' title='bbox 980 347 1043 401; x_wconf 90' lang='lat' dir='ltr'><strong>dum</strong></span> <span class='ocrx_word' id='word_1_13' title='bbox 1063 349 1240 414; x_wconf 81' lang='lat' dir='ltr'><strong>conidintus;</strong></span> <span class='ocrx_word' id='word_1_14' title='bbox 1260 348 1361 405; x_wconf 84' lang='lat' dir='ltr'><strong>ideirco</strong></span> <span class='ocrx_word' id='word_1_15' title='bbox 1378 356 1472 406; x_wconf 91' lang='lat' dir='ltr'><strong>notum</strong></span> <span class='ocrx_word' id='word_1_16' title='bbox 1489 352 1689 408; x_wconf 86' lang='lat' dir='ltr'><strong>essevolumus</strong></span> <span class='ocrx_word' id='word_1_17' title='bbox 1705 368 1772 409; x_wconf 86' lang='lat' dir='ltr'><strong>eurt-</strong></span> 
     </span>
     <span class='ocr_line' id='line_1_3' title="bbox 135 436 1774 511; baseline 0.003 -18"><span class='ocrx_word' id='word_1_18' title='bbox 135 448 195 493; x_wconf 82' lang='lat' dir='ltr'><strong>sitm</strong></span> <span class='ocrx_word' id='word_1_19' title='bbox 208 436 380 507; x_wconf 75' lang='lat' dir='ltr'><strong>praebuimus,</strong></span> <span class='ocrx_word' id='word_1_20' title='bbox 392 436 501 491; x_wconf 88' lang='lat' dir='ltr'><strong>ethanc</strong></span> <span class='ocrx_word' id='word_1_21' title='bbox 514 446 634 492; x_wconf 88' lang='lat' dir='ltr'><strong>nostram</strong></span> <span class='ocrx_word' id='word_1_22' title='bbox 649 440 850 505; x_wconf 87' lang='lat' dir='ltr'><strong>auctoritatem,</strong></span> <span class='ocrx_word' id='word_1_23' title='bbox 862 455 926 511; x_wconf 86' lang='lat' dir='ltr'><strong>erga</strong></span> <span class='ocrx_word' id='word_1_24' title='bbox 979 436 1031 491; x_wconf 91' lang='lat' dir='ltr'><strong>ctis</strong></span> <span class='ocrx_word' id='word_1_25' title='bbox 1054 437 1178 493; x_wconf 88' lang='lat' dir='ltr'><strong>lldclibus</strong></span> <span class='ocrx_word' id='word_1_26' title='bbox 1195 447 1296 493; x_wconf 80' lang='lat' dir='ltr'><strong>sanem</strong></span> <span class='ocrx_word' id='word_1_27' title='bbox 1313 439 1361 493; x_wconf 86' lang='lat' dir='ltr'><strong>bei</strong></span> <span class='ocrx_word' id='word_1_28' title='bbox 1382 439 1519 505; x_wconf 71' lang='lat' dir='ltr'><strong>Ecclesiae,</strong></span> <span class='ocrx_word' id='word_1_29' title='bbox 1535 443 1702 511; x_wconf 78' lang='lat' dir='ltr'><strong>nostrisque,</strong></span> <span class='ocrx_word' id='word_1_30' title='bbox 1719 450 1774 498; x_wconf 90' lang='lat' dir='ltr'><strong>tant</strong></span> 
     </span>
     <span class='ocr_line' id='line_1_4' title="bbox 133 528 1777 601; baseline 0.005 -19"><span class='ocrx_word' id='word_1_31' title='bbox 133 528 292 599; x_wconf 74' lang='lat' dir='ltr'><strong>pradictum</strong></span> <span class='ocrx_word' id='word_1_32' title='bbox 305 528 498 581; x_wconf 89' lang='lat' dir='ltr'><strong>monasterium</strong></span> <span class='ocrx_word' id='word_1_33' title='bbox 513 528 626 598; x_wconf 85' lang='lat' dir='ltr'><strong>ejusque</strong></span> <span class='ocrx_word' id='word_1_34' title='bbox 647 540 778 597; x_wconf 89' lang='lat' dir='ltr'><strong>rectores,</strong></span> <span class='ocrx_word' id='word_1_35' title='bbox 799 532 927 586; x_wconf 91' lang='lat' dir='ltr'><strong>immuni·</strong></span> <span class='ocrx_word' id='word_1_36' title='bbox 978 530 1159 599; x_wconf 80' lang='lat' dir='ltr'><strong>praesentibus</strong></span> <span class='ocrx_word' id='word_1_37' title='bbox 1181 545 1261 599; x_wconf 89' lang='lat' dir='ltr'><strong>qnam</strong></span> <span class='ocrx_word' id='word_1_38' title='bbox 1278 529 1387 596; x_wconf 87' lang='lat' dir='ltr'><strong>laturis,</strong></span> <span class='ocrx_word' id='word_1_39' title='bbox 1410 531 1473 601; x_wconf 87' lang='lat' dir='ltr'><strong>quia</strong></span> <span class='ocrx_word' id='word_1_40' title='bbox 1489 530 1580 587; x_wconf 84' lang='lat' dir='ltr'><strong>dirino</strong></span> <span class='ocrx_word' id='word_1_41' title='bbox 1601 537 1665 587; x_wconf 89' lang='lat' dir='ltr'><strong>tacti</strong></span> <span class='ocrx_word' id='word_1_42' title='bbox 1681 549 1777 591; x_wconf 91' lang='lat' dir='ltr'><strong>amoro</strong></span> 
     </span>
     <span class='ocr_line' id='line_1_5' title="bbox 135 615 1775 692; baseline 0.005 -23"><span class='ocrx_word' id='word_1_43' title='bbox 135 615 199 670; x_wconf 87' lang='lat' dir='ltr'><strong>tatis</strong></span> <span class='ocrx_word' id='word_1_44' title='bbox 220 623 301 684; x_wconf 77' lang='lat' dir='ltr'><strong>atique</strong></span> <span class='ocrx_word' id='word_1_45' title='bbox 322 615 446 670; x_wconf 73' lang='lat' dir='ltr'><strong>tuitionis</strong></span> <span class='ocrx_word' id='word_1_46' title='bbox 468 617 556 687; x_wconf 90' lang='lat' dir='ltr'><strong>gratia</strong></span> <span class='ocrx_word' id='word_1_47' title='bbox 579 618 638 673; x_wconf 87' lang='lat' dir='ltr'><strong>lieri</strong></span> <span class='ocrx_word' id='word_1_48' title='bbox 662 619 856 676; x_wconf 78' lang='lat' dir='ltr'><strong>decrevimus:</strong></span> <span class='ocrx_word' id='word_1_49' title='bbox 878 636 928 692; x_wconf 93' lang='lat' dir='ltr'><strong>pcr</strong></span> <span class='ocrx_word' id='word_1_50' title='bbox 979 619 1145 674; x_wconf 88' lang='lat' dir='ltr'><strong>monasterio</strong></span> <span class='ocrx_word' id='word_1_51' title='bbox 1158 619 1295 675; x_wconf 80' lang='lat' dir='ltr'><strong>Bucltovia</strong></span> <span class='ocrx_word' id='word_1_52' title='bbox 1310 629 1320 658; x_wconf 72' lang='lat'>0</span> <span class='ocrx_word' id='word_1_53' title='bbox 1338 620 1487 685; x_wconf 89' lang='lat' dir='ltr'><strong>nominato,</strong></span> <span class='ocrx_word' id='word_1_54' title='bbox 1502 621 1573 690; x_wconf 93' lang='lat' dir='ltr'><strong>quod</strong></span> <span class='ocrx_word' id='word_1_55' title='bbox 1588 629 1775 678; x_wconf 87' lang='lat' dir='ltr'><strong>constructum</strong></span> 
     </span>
     <span class='ocr_line' id='line_1_6' title="bbox 132 707 1775 783; baseline 0.005 -24"><span class='ocrx_word' id='word_1_56' title='bbox 132 708 205 777; x_wconf 91' lang='lat' dir='ltr'><strong>quod</strong></span> <span class='ocrx_word' id='word_1_57' title='bbox 231 707 404 777; x_wconf 76' lang='lat' dir='ltr'><strong>praecipimus</strong></span> <span class='ocrx_word' id='word_1_58' title='bbox 431 713 513 777; x_wconf 87' lang='lat' dir='ltr'><strong>atque</strong></span> <span class='ocrx_word' id='word_1_59' title='bbox 532 707 658 776; x_wconf 85' lang='lat' dir='ltr'><strong>jubemus</strong></span> <span class='ocrx_word' id='word_1_60' title='bbox 682 720 712 766; x_wconf 95' lang='lat' dir='ltr'><strong>ut</strong></span> <span class='ocrx_word' id='word_1_61' title='bbox 738 712 826 768; x_wconf 93' lang='lat' dir='ltr'><strong>nullus</strong></span> <span class='ocrx_word' id='word_1_62' title='bbox 844 713 926 782; x_wconf 82' lang='lat' dir='ltr'><strong>judex</strong></span> <span class='ocrx_word' id='word_1_63' title='bbox 977 709 1068 764; x_wconf 82' lang='lat' dir='ltr'><strong>estin</strong></span> <span class='ocrx_word' id='word_1_64' title='bbox 1093 710 1197 765; x_wconf 89' lang='lat' dir='ltr'><strong>bonore</strong></span> <span class='ocrx_word' id='word_1_65' title='bbox 1221 718 1379 765; x_wconf 87' lang='lat' dir='ltr'><strong>sanctorum</strong></span> <span class='ocrx_word' id='word_1_66' title='bbox 1400 708 1517 765; x_wconf 84' lang='lat' dir='ltr'><strong>Cornelii</strong></span> <span class='ocrx_word' id='word_1_67' title='bbox 1539 719 1567 766; x_wconf 89' lang='lat' dir='ltr'><strong>et</strong></span> <span class='ocrx_word' id='word_1_68' title='bbox 1589 710 1728 783; x_wconf 79' lang='lat' dir='ltr'><strong>Cypriani,</strong></span> <span class='ocrx_word' id='word_1_69' title='bbox 1743 729 1775 768; x_wconf 90' lang='lat' dir='ltr'><strong>ac</strong></span> 
     </span>
     <span class='ocr_line' id='line_1_7' title="bbox 132 797 1775 873; baseline 0.004 -20"><span class='ocrx_word' id='word_1_70' title='bbox 132 798 270 870; x_wconf 92' lang='lat' dir='ltr'><strong>publicus,</strong></span> <span class='ocrx_word' id='word_1_71' title='bbox 292 798 335 853; x_wconf 88' lang='lat' dir='ltr'><strong>vel</strong></span> <span class='ocrx_word' id='word_1_72' title='bbox 359 797 488 869; x_wconf 81' lang='lat' dir='ltr'><strong>quislibet</strong></span> <span class='ocrx_word' id='word_1_73' title='bbox 510 815 544 855; x_wconf 84' lang='lat' dir='ltr'><strong>ex</strong></span> <span class='ocrx_word' id='word_1_74' title='bbox 565 800 709 868; x_wconf 79' lang='lat' dir='ltr'><strong>iudiciaria</strong></span> <span class='ocrx_word' id='word_1_75' title='bbox 731 812 877 873; x_wconf 81' lang='lat' dir='ltr'><strong>potestate,</strong></span> <span class='ocrx_word' id='word_1_76' title='bbox 898 807 925 860; x_wconf 92' lang='lat' dir='ltr'><strong>in</strong></span> <span class='ocrx_word' id='word_1_77' title='bbox 978 799 1060 854; x_wconf 86' lang='lat' dir='ltr'><strong>situm</strong></span> <span class='ocrx_word' id='word_1_78' title='bbox 1082 806 1124 855; x_wconf 91' lang='lat' dir='ltr'><strong>est</strong></span> <span class='ocrx_word' id='word_1_79' title='bbox 1148 797 1225 869; x_wconf 79' lang='lat' dir='ltr'><strong>Juxta</strong></span> <span class='ocrx_word' id='word_1_80' title='bbox 1251 802 1340 855; x_wconf 91' lang='lat' dir='ltr'><strong>lacum</strong></span> <span class='ocrx_word' id='word_1_81' title='bbox 1362 802 1408 870; x_wconf 92' lang='lat' dir='ltr'><strong>qui</strong></span> <span class='ocrx_word' id='word_1_82' title='bbox 1435 808 1549 855; x_wconf 84' lang='lat' dir='ltr'><strong>vocatur</strong></span> <span class='ocrx_word' id='word_1_83' title='bbox 1576 801 1730 859; x_wconf 87' lang='lat' dir='ltr'><strong>Phedersec</strong></span> <span class='ocrx_word' id='word_1_84' title='bbox 1748 803 1775 870; x_wconf 70' lang='lat' dir='ltr'><strong>d,</strong></span> 
     </span>
     <span class='ocr_line' id='line_1_8' title="bbox 132 888 1853 964; baseline 0.006 -21"><span class='ocrx_word' id='word_1_85' title='bbox 132 888 272 952; x_wconf 86' lang='lat' dir='ltr'><strong>ecclesias,</strong></span> <span class='ocrx_word' id='word_1_86' title='bbox 287 895 333 944; x_wconf 91' lang='lat' dir='ltr'><strong>aut</strong></span> <span class='ocrx_word' id='word_1_87' title='bbox 347 889 416 952; x_wconf 90' lang='lat' dir='ltr'><strong>loca,</strong></span> <span class='ocrx_word' id='word_1_88' title='bbox 429 889 472 943; x_wconf 86' lang='lat' dir='ltr'><strong>vel</strong></span> <span class='ocrx_word' id='word_1_89' title='bbox 486 904 575 961; x_wconf 90' lang='lat' dir='ltr'><strong>agros,</strong></span> <span class='ocrx_word' id='word_1_90' title='bbox 590 905 637 946; x_wconf 92' lang='lat' dir='ltr'><strong>scu</strong></span> <span class='ocrx_word' id='word_1_91' title='bbox 649 893 767 964; x_wconf 87' lang='lat' dir='ltr'><strong>reliquas</strong></span> <span class='ocrx_word' id='word_1_92' title='bbox 778 896 927 964; x_wconf 90' lang='lat' dir='ltr'><strong>possessio-</strong></span> <span class='ocrx_word' id='word_1_93' title='bbox 979 890 1126 960; x_wconf 70' lang='lat' dir='ltr'><strong>quamdam</strong></span> <span class='ocrx_word' id='word_1_94' title='bbox 1140 890 1232 945; x_wconf 67' lang='lat' dir='ltr'><strong>villam</strong></span> <span class='ocrx_word' id='word_1_95' title='bbox 1252 891 1429 962; x_wconf 68' lang='lat' dir='ltr'><strong>proprietatis</strong></span> <span class='ocrx_word' id='word_1_96' title='bbox 1448 900 1558 957; x_wconf 68' lang='lat' dir='ltr'><strong>nostrie,</strong></span> <span class='ocrx_word' id='word_1_97' title='bbox 1573 893 1654 947; x_wconf 90' lang='lat' dir='ltr'><strong>sitam</strong></span> <span class='ocrx_word' id='word_1_98' title='bbox 1672 893 1698 947; x_wconf 90' lang='lat' dir='ltr'><strong>in</strong></span> <span class='ocrx_word' id='word_1_99' title='bbox 1712 909 1777 949; x_wconf 90' lang='lat' dir='ltr'><strong>cen-</strong></span> <span class='ocrx_word' id='word_1_100' title='bbox 1850 947 1853 953; x_wconf 90' lang='lat'>.</span> 
     </span>
     <span class='ocr_line' id='line_1_9' title="bbox 133 980 1775 1055; baseline 0.004 -19"><span class='ocrx_word' id='word_1_101' title='bbox 133 997 182 1037; x_wconf 89' lang='lat' dir='ltr'><strong>nes</strong></span> <span class='ocrx_word' id='word_1_102' title='bbox 195 981 338 1035; x_wconf 88' lang='lat' dir='ltr'><strong>memorati</strong></span> <span class='ocrx_word' id='word_1_103' title='bbox 353 980 520 1043; x_wconf 88' lang='lat' dir='ltr'><strong>monasterii,</strong></span> <span class='ocrx_word' id='word_1_104' title='bbox 534 980 606 1050; x_wconf 84' lang='lat' dir='ltr'><strong>quoi</strong></span> <span class='ocrx_word' id='word_1_105' title='bbox 619 982 749 1040; x_wconf 84' lang='lat' dir='ltr'><strong>moderno</strong></span> <span class='ocrx_word' id='word_1_106' title='bbox 763 993 884 1055; x_wconf 89' lang='lat' dir='ltr'><strong>tempore</strong></span> <span class='ocrx_word' id='word_1_107' title='bbox 899 986 926 1042; x_wconf 88' lang='lat' dir='ltr'><strong>in</strong></span> <span class='ocrx_word' id='word_1_108' title='bbox 978 984 1049 1044; x_wconf 77' lang='lat' dir='ltr'><strong>tens,</strong></span> <span class='ocrx_word' id='word_1_109' title='bbox 1065 981 1174 1051; x_wconf 73' lang='lat' dir='ltr'><strong>extagia</strong></span> <span class='ocrx_word' id='word_1_110' title='bbox 1188 992 1200 1021; x_wconf 81' lang='lat'><strong>⁰</strong></span> <span class='ocrx_word' id='word_1_111' title='bbox 1217 990 1383 1052; x_wconf 90' lang='lat' dir='ltr'><strong>nuncupata,</strong></span> <span class='ocrx_word' id='word_1_112' title='bbox 1396 988 1456 1051; x_wconf 73' lang='lat' dir='ltr'><strong>qttat</strong></span> <span class='ocrx_word' id='word_1_113' title='bbox 1469 980 1620 1052; x_wconf 76' lang='lat' dir='ltr'><strong>appellitur</strong></span> <span class='ocrx_word' id='word_1_114' title='bbox 1636 982 1736 1054; x_wconf 80' lang='lat' dir='ltr'><strong>Sulgon</strong></span> <span class='ocrx_word' id='word_1_115' title='bbox 1751 983 1775 1050; x_wconf 55' lang='grc' dir='ltr'><strong>Υ,</strong></span> 
     </span>
     <span class='ocr_line' id='line_1_10' title="bbox 132 1070 1774 1143; baseline 0.007 -19"><span class='ocrx_word' id='word_1_116' title='bbox 132 1071 299 1140; x_wconf 77' lang='lat' dir='ltr'><strong>quibuslibet</strong></span> <span class='ocrx_word' id='word_1_117' title='bbox 312 1071 388 1142; x_wconf 79' lang='lat' dir='ltr'><strong>pagis</strong></span> <span class='ocrx_word' id='word_1_118' title='bbox 401 1087 432 1125; x_wconf 82' lang='lat' dir='ltr'><strong>ae</strong></span> <span class='ocrx_word' id='word_1_119' title='bbox 444 1070 597 1138; x_wconf 82' lang='lat' dir='ltr'><strong>territoriis,</strong></span> <span class='ocrx_word' id='word_1_120' title='bbox 612 1072 682 1127; x_wconf 84' lang='lat' dir='ltr'><strong>inira</strong></span> <span class='ocrx_word' id='word_1_121' title='bbox 696 1075 825 1130; x_wconf 84' lang='lat' dir='ltr'><strong>ditionem</strong></span> <span class='ocrx_word' id='word_1_122' title='bbox 838 1079 925 1133; x_wconf 81' lang='lat' dir='ltr'><strong>nostri</strong></span> <span class='ocrx_word' id='word_1_123' title='bbox 979 1086 1043 1127; x_wconf 85' lang='lat' dir='ltr'><strong>cum</strong></span> <span class='ocrx_word' id='word_1_124' title='bbox 1057 1073 1182 1128; x_wconf 86' lang='lat' dir='ltr'><strong>terminis</strong></span> <span class='ocrx_word' id='word_1_125' title='bbox 1195 1082 1222 1129; x_wconf 85' lang='lat' dir='ltr'><strong>et</strong></span> <span class='ocrx_word' id='word_1_126' title='bbox 1237 1074 1362 1129; x_wconf 84' lang='lat' dir='ltr'><strong>omuibus</strong></span> <span class='ocrx_word' id='word_1_127' title='bbox 1376 1073 1409 1128; x_wconf 83' lang='lat' dir='ltr'><strong>ad</strong></span> <span class='ocrx_word' id='word_1_128' title='bbox 1423 1089 1452 1128; x_wconf 88' lang='lat' dir='ltr'><strong>se</strong></span> <span class='ocrx_word' id='word_1_129' title='bbox 1474 1073 1682 1143; x_wconf 83' lang='lat' dir='ltr'><strong>pertinentibus,</strong></span> <span class='ocrx_word' id='word_1_130' title='bbox 1697 1075 1774 1130; x_wconf 85' lang='lat' dir='ltr'><strong>vide-</strong></span> 
     </span>
     <span class='ocr_line' id='line_1_11' title="bbox 133 1153 1776 1237; baseline 0.001 -20"><span class='ocrx_word' id='word_1_131' title='bbox 133 1162 239 1231; x_wconf 88' lang='lat' dir='ltr'><strong>impcrii</strong></span> <span class='ocrx_word' id='word_1_132' title='bbox 251 1161 323 1229; x_wconf 89' lang='lat' dir='ltr'><strong>juste</strong></span> <span class='ocrx_word' id='word_1_133' title='bbox 338 1178 370 1216; x_wconf 87' lang='lat' dir='ltr'><strong>ao</strong></span> <span class='ocrx_word' id='word_1_134' title='bbox 385 1161 506 1233; x_wconf 88' lang='lat' dir='ltr'><strong>legaliter</strong></span> <span class='ocrx_word' id='word_1_135' title='bbox 519 1162 650 1230; x_wconf 79' lang='lat' dir='ltr'><strong>possidet,</strong></span> <span class='ocrx_word' id='word_1_136' title='bbox 665 1165 706 1219; x_wconf 89' lang='lat' dir='ltr'><strong>vel</strong></span> <span class='ocrx_word' id='word_1_137' title='bbox 721 1180 782 1234; x_wconf 82' lang='lat' dir='ltr'><strong>quae</strong></span> <span class='ocrx_word' id='word_1_138' title='bbox 796 1167 925 1237; x_wconf 84' lang='lat' dir='ltr'><strong>deinceps</strong></span> <span class='ocrx_word' id='word_1_139' title='bbox 979 1153 1042 1220; x_wconf 89' lang='lat' dir='ltr'><strong>licet</strong></span> <span class='ocrx_word' id='word_1_140' title='bbox 1055 1164 1206 1231; x_wconf 91' lang='lat' dir='ltr'><strong>curtilibus,</strong></span> <span class='ocrx_word' id='word_1_141' title='bbox 1221 1164 1353 1230; x_wconf 74' lang='lat' dir='ltr'><strong>adificiis,</strong></span> <span class='ocrx_word' id='word_1_142' title='bbox 1367 1163 1478 1218; x_wconf 78' lang='lat' dir='ltr'><strong>familiis</strong></span> <span class='ocrx_word' id='word_1_143' title='bbox 1488 1179 1521 1218; x_wconf 91' lang='lat' dir='ltr'><strong>ac</strong></span> <span class='ocrx_word' id='word_1_144' title='bbox 1536 1163 1689 1234; x_wconf 81' lang='lat' dir='ltr'><strong>mancipiis,</strong></span> <span class='ocrx_word' id='word_1_145' title='bbox 1703 1173 1776 1219; x_wconf 87' lang='lat' dir='ltr'><strong>terra</strong></span> 
     </span>
    </p>
   </div>
   <div class='ocr_carea' id='block_1_3' title="bbox 133 1253 1865 1328">
    <p class='ocr_par' dir='ltr' id='par_1_3' title="bbox 133 1253 1865 1328">
     <span class='ocr_line' id='line_1_12' title="bbox 133 1253 1865 1328; baseline -0.003 -17"><span class='ocrx_word' id='word_1_146' title='bbox 133 1256 162 1311; x_wconf 87' lang='lat' dir='ltr'><strong>iu</strong></span> <span class='ocrx_word' id='word_1_147' title='bbox 175 1257 262 1326; x_wconf 84' lang='lat' dir='ltr'><strong>ipsius</strong></span> <span class='ocrx_word' id='word_1_148' title='bbox 280 1255 367 1308; x_wconf 88' lang='lat' dir='ltr'><strong>sancti</strong></span> <span class='ocrx_word' id='word_1_149' title='bbox 388 1253 439 1308; x_wconf 94' lang='lat' dir='ltr'><strong>loci</strong></span> <span class='ocrx_word' id='word_1_150' title='bbox 453 1257 624 1312; x_wconf 90' lang='lat' dir='ltr'><strong>commodum</strong></span> <span class='ocrx_word' id='word_1_151' title='bbox 639 1256 756 1312; x_wconf 90' lang='lat' dir='ltr'><strong>volucrit</strong></span> <span class='ocrx_word' id='word_1_152' title='bbox 767 1257 857 1312; x_wconf 88' lang='lat' dir='ltr'><strong>diviua</strong></span> <span class='ocrx_word' id='word_1_153' title='bbox 871 1259 928 1328; x_wconf 90' lang='lat' dir='ltr'><strong>pie·</strong></span> <span class='ocrx_word' id='word_1_154' title='bbox 977 1255 1069 1322; x_wconf 86' lang='lat' dir='ltr'><strong>salica,</strong></span> <span class='ocrx_word' id='word_1_155' title='bbox 1084 1255 1164 1312; x_wconf 90' lang='lat' dir='ltr'><strong>cultis</strong></span> <span class='ocrx_word' id='word_1_156' title='bbox 1181 1265 1208 1312; x_wconf 89' lang='lat' dir='ltr'><strong>et</strong></span> <span class='ocrx_word' id='word_1_157' title='bbox 1230 1254 1350 1322; x_wconf 91' lang='lat' dir='ltr'><strong>incultis,</strong></span> <span class='ocrx_word' id='word_1_158' title='bbox 1369 1255 1453 1326; x_wconf 89' lang='lat' dir='ltr'><strong>agris,</strong></span> <span class='ocrx_word' id='word_1_159' title='bbox 1471 1254 1569 1322; x_wconf 89' lang='lat' dir='ltr'><strong>pratis,</strong></span> <span class='ocrx_word' id='word_1_160' title='bbox 1590 1255 1705 1323; x_wconf 87' lang='lat' dir='ltr'><strong>campis,</strong></span> <span class='ocrx_word' id='word_1_161' title='bbox 1729 1268 1777 1322; x_wconf 85' lang='lat' dir='ltr'><strong>pa·</strong></span> <span class='ocrx_word' id='word_1_162' title='bbox 1860 1315 1865 1325; x_wconf 30' lang='lat'>⁸</span> 
     </span>
    </p>
   </div>
   <div class='ocr_carea' id='block_1_4' title="bbox 133 1343 1777 2143">
    <p class='ocr_par' dir='ltr' id='par_1_4' title="bbox 133 1343 1777 2053">
     <span class='ocr_line' id='line_1_13' title="bbox 134 1343 1776 1418; baseline -0.002 -17"><span class='ocrx_word' id='word_1_163' title='bbox 134 1355 177 1401; x_wconf 92' lang='lat' dir='ltr'><strong>tas</strong></span> <span class='ocrx_word' id='word_1_164' title='bbox 190 1345 294 1415; x_wconf 88' lang='lat' dir='ltr'><strong>augeri,</strong></span> <span class='ocrx_word' id='word_1_165' title='bbox 307 1343 340 1398; x_wconf 91' lang='lat' dir='ltr'><strong>ad</strong></span> <span class='ocrx_word' id='word_1_166' title='bbox 353 1359 451 1399; x_wconf 88' lang='lat' dir='ltr'><strong>causas</strong></span> <span class='ocrx_word' id='word_1_167' title='bbox 467 1346 625 1410; x_wconf 88' lang='lat' dir='ltr'><strong>audiendas,</strong></span> <span class='ocrx_word' id='word_1_168' title='bbox 638 1345 681 1400; x_wconf 90' lang='lat' dir='ltr'><strong>vel</strong></span> <span class='ocrx_word' id='word_1_169' title='bbox 693 1345 769 1400; x_wconf 90' lang='lat' dir='ltr'><strong>lreda</strong></span> <span class='ocrx_word' id='word_1_170' title='bbox 783 1347 926 1418; x_wconf 83' lang='lat' dir='ltr'><strong>erigenda,</strong></span> <span class='ocrx_word' id='word_1_171' title='bbox 978 1347 1066 1413; x_wconf 90' lang='lat' dir='ltr'><strong>scuis,</strong></span> <span class='ocrx_word' id='word_1_172' title='bbox 1094 1345 1186 1411; x_wconf 91' lang='lat' dir='ltr'><strong>silvis,</strong></span> <span class='ocrx_word' id='word_1_173' title='bbox 1203 1345 1330 1408; x_wconf 88' lang='lat' dir='ltr'><strong>decimis,</strong></span> <span class='ocrx_word' id='word_1_174' title='bbox 1352 1345 1431 1415; x_wconf 91' lang='lat' dir='ltr'><strong>aquis</strong></span> <span class='ocrx_word' id='word_1_175' title='bbox 1456 1358 1622 1413; x_wconf 88' lang='lat' dir='ltr'><strong>aquarumve</strong></span> <span class='ocrx_word' id='word_1_176' title='bbox 1642 1344 1776 1399; x_wconf 84' lang='lat' dir='ltr'><strong>decursi-</strong></span> 
     </span>
     <span class='ocr_line' id='line_1_14' title="bbox 133 1434 1777 1506; baseline -0.002 -14"><span class='ocrx_word' id='word_1_177' title='bbox 133 1447 182 1492; x_wconf 88' lang='lat' dir='ltr'><strong>aut</strong></span> <span class='ocrx_word' id='word_1_178' title='bbox 203 1436 357 1490; x_wconf 91' lang='lat' dir='ltr'><strong>mansiones</strong></span> <span class='ocrx_word' id='word_1_179' title='bbox 381 1434 424 1490; x_wconf 89' lang='lat' dir='ltr'><strong>vel</strong></span> <span class='ocrx_word' id='word_1_180' title='bbox 444 1443 554 1504; x_wconf 85' lang='lat' dir='ltr'><strong>paratas</strong></span> <span class='ocrx_word' id='word_1_181' title='bbox 577 1435 725 1500; x_wconf 85' lang='lat' dir='ltr'><strong>iaciendas,</strong></span> <span class='ocrx_word' id='word_1_182' title='bbox 746 1444 794 1490; x_wconf 93' lang='lat' dir='ltr'><strong>ant</strong></span> <span class='ocrx_word' id='word_1_183' title='bbox 820 1435 929 1505; x_wconf 80' lang='lat' dir='ltr'><strong>fidejus·</strong></span> <span class='ocrx_word' id='word_1_184' title='bbox 978 1434 1037 1501; x_wconf 86' lang='lat' dir='ltr'><strong>bus,</strong></span> <span class='ocrx_word' id='word_1_185' title='bbox 1060 1436 1233 1502; x_wconf 90' lang='lat' dir='ltr'><strong>molendinis,</strong></span> <span class='ocrx_word' id='word_1_186' title='bbox 1249 1436 1459 1506; x_wconf 87' lang='lat' dir='ltr'><strong>piscationibus,</strong></span> <span class='ocrx_word' id='word_1_187' title='bbox 1483 1436 1534 1490; x_wconf 90' lang='lat' dir='ltr'><strong>viis</strong></span> <span class='ocrx_word' id='word_1_188' title='bbox 1556 1442 1584 1491; x_wconf 93' lang='lat' dir='ltr'><strong>ct</strong></span> <span class='ocrx_word' id='word_1_189' title='bbox 1606 1435 1697 1500; x_wconf 89' lang='lat' dir='ltr'><strong>inviis,</strong></span> <span class='ocrx_word' id='word_1_190' title='bbox 1720 1436 1777 1490; x_wconf 82' lang='lat' dir='ltr'><strong>exi-</strong></span> 
     </span>
     <span class='ocr_line' id='line_1_15' title="bbox 133 1525 1777 1598; baseline -0.002 -14"><span class='ocrx_word' id='word_1_191' title='bbox 133 1542 210 1584; x_wconf 83' lang='lat' dir='ltr'><strong>sores</strong></span> <span class='ocrx_word' id='word_1_192' title='bbox 228 1525 370 1591; x_wconf 87' lang='lat' dir='ltr'><strong>tollendos,</strong></span> <span class='ocrx_word' id='word_1_193' title='bbox 390 1533 437 1580; x_wconf 86' lang='lat' dir='ltr'><strong>aut</strong></span> <span class='ocrx_word' id='word_1_194' title='bbox 450 1526 574 1581; x_wconf 90' lang='lat' dir='ltr'><strong>homines</strong></span> <span class='ocrx_word' id='word_1_195' title='bbox 587 1525 671 1594; x_wconf 90' lang='lat' dir='ltr'><strong>ipsius</strong></span> <span class='ocrx_word' id='word_1_196' title='bbox 684 1525 853 1593; x_wconf 89' lang='lat' dir='ltr'><strong>monasterii,</strong></span> <span class='ocrx_word' id='word_1_197' title='bbox 872 1533 928 1581; x_wconf 90' lang='lat' dir='ltr'><strong>tam</strong></span> <span class='ocrx_word' id='word_1_198' title='bbox 978 1526 1050 1582; x_wconf 78' lang='lat' dir='ltr'><strong>tibus</strong></span> <span class='ocrx_word' id='word_1_199' title='bbox 1067 1536 1094 1581; x_wconf 91' lang='lat' dir='ltr'><strong>et</strong></span> <span class='ocrx_word' id='word_1_200' title='bbox 1114 1528 1294 1598; x_wconf 79' lang='lat' dir='ltr'><strong>regressibus,</strong></span> <span class='ocrx_word' id='word_1_201' title='bbox 1313 1527 1495 1596; x_wconf 89' lang='lat' dir='ltr'><strong>omnibusque</strong></span> <span class='ocrx_word' id='word_1_202' title='bbox 1508 1527 1589 1581; x_wconf 89' lang='lat' dir='ltr'><strong>rebus</strong></span> <span class='ocrx_word' id='word_1_203' title='bbox 1611 1527 1727 1598; x_wconf 89' lang='lat' dir='ltr'><strong>magnis,</strong></span> <span class='ocrx_word' id='word_1_204' title='bbox 1749 1538 1777 1580; x_wconf 90' lang='lat' dir='ltr'><strong>et</strong></span> 
     </span>
     <span class='ocr_line' id='line_1_16' title="bbox 133 1615 1777 1689; baseline -0.002 -15"><span class='ocrx_word' id='word_1_205' title='bbox 133 1619 264 1688; x_wconf 88' lang='lat' dir='ltr'><strong>ingenuos</strong></span> <span class='ocrx_word' id='word_1_206' title='bbox 281 1630 362 1685; x_wconf 87' lang='lat' dir='ltr'><strong>quam</strong></span> <span class='ocrx_word' id='word_1_207' title='bbox 376 1623 403 1669; x_wconf 91' lang='lat' dir='ltr'><strong>et</strong></span> <span class='ocrx_word' id='word_1_208' title='bbox 415 1629 520 1679; x_wconf 90' lang='lat' dir='ltr'><strong>servos,</strong></span> <span class='ocrx_word' id='word_1_209' title='bbox 532 1630 614 1685; x_wconf 90' lang='lat' dir='ltr'><strong>super</strong></span> <span class='ocrx_word' id='word_1_210' title='bbox 629 1622 730 1670; x_wconf 90' lang='lat' dir='ltr'><strong>terram</strong></span> <span class='ocrx_word' id='word_1_211' title='bbox 745 1615 830 1684; x_wconf 89' lang='lat' dir='ltr'><strong>ipsius</strong></span> <span class='ocrx_word' id='word_1_212' title='bbox 853 1630 927 1671; x_wconf 88' lang='lat' dir='ltr'><strong>com·</strong></span> <span class='ocrx_word' id='word_1_213' title='bbox 978 1618 1069 1687; x_wconf 86' lang='lat' dir='ltr'><strong>parvis</strong></span> <span class='ocrx_word' id='word_1_214' title='bbox 1083 1618 1117 1672; x_wconf 91' lang='lat' dir='ltr'><strong>ad</strong></span> <span class='ocrx_word' id='word_1_215' title='bbox 1136 1619 1246 1674; x_wconf 90' lang='lat' dir='ltr'><strong>easdem</strong></span> <span class='ocrx_word' id='word_1_216' title='bbox 1263 1633 1308 1675; x_wconf 90' lang='lat' dir='ltr'><strong>res</strong></span> <span class='ocrx_word' id='word_1_217' title='bbox 1326 1618 1399 1688; x_wconf 85' lang='lat' dir='ltr'><strong>juste</strong></span> <span class='ocrx_word' id='word_1_218' title='bbox 1421 1618 1597 1689; x_wconf 87' lang='lat' dir='ltr'><strong>legitimeque</strong></span> <span class='ocrx_word' id='word_1_219' title='bbox 1614 1619 1777 1688; x_wconf 89' lang='lat' dir='ltr'><strong>pertinenti-</strong></span> 
     </span>
     <span class='ocr_line' id='line_1_17' title="bbox 133 1703 1777 1782; baseline 0.001 -18"><span class='ocrx_word' id='word_1_220' title='bbox 133 1715 284 1769; x_wconf 84' lang='lat' dir='ltr'><strong>manentes,</strong></span> <span class='ocrx_word' id='word_1_221' title='bbox 297 1705 508 1776; x_wconf 87' lang='lat' dir='ltr'><strong>distringendos,</strong></span> <span class='ocrx_word' id='word_1_222' title='bbox 522 1719 573 1760; x_wconf 90' lang='lat' dir='ltr'><strong>uec</strong></span> <span class='ocrx_word' id='word_1_223' title='bbox 586 1703 654 1759; x_wconf 89' lang='lat' dir='ltr'><strong>ullas</strong></span> <span class='ocrx_word' id='word_1_224' title='bbox 666 1704 864 1760; x_wconf 83' lang='lat' dir='ltr'><strong>redhibitiones</strong></span> <span class='ocrx_word' id='word_1_225' title='bbox 880 1713 928 1760; x_wconf 93' lang='lat' dir='ltr'><strong>aut</strong></span> <span class='ocrx_word' id='word_1_226' title='bbox 941 1711 965 1770; x_wconf 87' lang='lat' dir='ltr'>B</span> <span class='ocrx_word' id='word_1_227' title='bbox 978 1709 1040 1773; x_wconf 91' lang='lat' dir='ltr'><strong>bus,</strong></span> <span class='ocrx_word' id='word_1_228' title='bbox 1052 1709 1217 1766; x_wconf 76' lang='lat' dir='ltr'><strong>:eternaliter</strong></span> <span class='ocrx_word' id='word_1_229' title='bbox 1229 1713 1257 1765; x_wconf 94' lang='lat' dir='ltr'><strong>in</strong></span> <span class='ocrx_word' id='word_1_230' title='bbox 1271 1711 1410 1782; x_wconf 88' lang='lat' dir='ltr'><strong>proprium</strong></span> <span class='ocrx_word' id='word_1_231' title='bbox 1423 1711 1572 1776; x_wconf 86' lang='lat' dir='ltr'><strong>donamus;</strong></span> <span class='ocrx_word' id='word_1_232' title='bbox 1586 1711 1777 1765; x_wconf 89' lang='lat' dir='ltr'><strong>constituimus</strong></span> 
     </span>
     <span class='ocr_line' id='line_1_18' title="bbox 134 1795 1774 1871; baseline -0.001 -17"><span class='ocrx_word' id='word_1_233' title='bbox 134 1799 241 1855; x_wconf 87' lang='lat' dir='ltr'><strong>illicitas</strong></span> <span class='ocrx_word' id='word_1_234' title='bbox 263 1797 419 1853; x_wconf 81' lang='lat' dir='ltr'><strong>occasiones</strong></span> <span class='ocrx_word' id='word_1_235' title='bbox 440 1796 632 1866; x_wconf 86' lang='lat' dir='ltr'><strong>requirendas,</strong></span> <span class='ocrx_word' id='word_1_236' title='bbox 658 1795 759 1850; x_wconf 88' lang='lat' dir='ltr'><strong>uostris</strong></span> <span class='ocrx_word' id='word_1_237' title='bbox 779 1803 808 1849; x_wconf 91' lang='lat' dir='ltr'><strong>ct</strong></span> <span class='ocrx_word' id='word_1_238' title='bbox 829 1795 928 1851; x_wconf 81' lang='lat' dir='ltr'><strong>intans</strong></span> <span class='ocrx_word' id='word_1_239' title='bbox 979 1798 1085 1871; x_wconf 81' lang='lat' dir='ltr'><strong>quo‘que</strong></span> <span class='ocrx_word' id='word_1_240' title='bbox 1099 1810 1126 1855; x_wconf 90' lang='lat' dir='ltr'><strong>ct</strong></span> <span class='ocrx_word' id='word_1_241' title='bbox 1140 1800 1333 1856; x_wconf 79' lang='lat' dir='ltr'><strong>confirmamus</strong></span> <span class='ocrx_word' id='word_1_242' title='bbox 1346 1815 1395 1869; x_wconf 92' lang='lat' dir='ltr'><strong>per</strong></span> <span class='ocrx_word' id='word_1_243' title='bbox 1414 1809 1513 1856; x_wconf 72' lang='lat' dir='ltr'><strong>nostrae</strong></span> <span class='ocrx_word' id='word_1_244' title='bbox 1527 1799 1698 1854; x_wconf 82' lang='lat' dir='ltr'><strong>auctoritatis</strong></span> <span class='ocrx_word' id='word_1_245' title='bbox 1712 1815 1774 1853; x_wconf 91' lang='lat' dir='ltr'><strong>ntu-</strong></span> 
     </span>
     <span class='ocr_line' id='line_1_19' title="bbox 133 1888 1776 1962; baseline -0.001 -16"><span class='ocrx_word' id='word_1_246' title='bbox 133 1890 299 1962; x_wconf 80' lang='lat' dir='ltr'><strong>temporibus</strong></span> <span class='ocrx_word' id='word_1_247' title='bbox 312 1889 416 1959; x_wconf 80' lang='lat' dir='ltr'><strong>ingredi</strong></span> <span class='ocrx_word' id='word_1_248' title='bbox 429 1889 539 1952; x_wconf 85' lang='lat' dir='ltr'><strong>audeat,</strong></span> <span class='ocrx_word' id='word_1_249' title='bbox 553 1888 594 1943; x_wconf 81' lang='lat' dir='ltr'><strong>vel</strong></span> <span class='ocrx_word' id='word_1_250' title='bbox 607 1903 640 1942; x_wconf 90' lang='lat' dir='ltr'><strong>ea</strong></span> <span class='ocrx_word' id='word_1_251' title='bbox 654 1903 715 1958; x_wconf 83' lang='lat' dir='ltr'><strong>quac</strong></span> <span class='ocrx_word' id='word_1_252' title='bbox 727 1902 810 1957; x_wconf 89' lang='lat' dir='ltr'><strong>supra</strong></span> <span class='ocrx_word' id='word_1_253' title='bbox 823 1903 929 1945; x_wconf 81' lang='lat' dir='ltr'><strong>memo·</strong></span> <span class='ocrx_word' id='word_1_254' title='bbox 978 1891 1108 1946; x_wconf 84' lang='lat' dir='ltr'><strong>ultionem</strong></span> <span class='ocrx_word' id='word_1_255' title='bbox 1121 1899 1152 1945; x_wconf 90' lang='lat' dir='ltr'><strong>ut</strong></span> <span class='ocrx_word' id='word_1_256' title='bbox 1165 1890 1255 1945; x_wconf 91' lang='lat' dir='ltr'><strong>nullus</strong></span> <span class='ocrx_word' id='word_1_257' title='bbox 1267 1891 1391 1961; x_wconf 91' lang='lat' dir='ltr'><strong>publicus</strong></span> <span class='ocrx_word' id='word_1_258' title='bbox 1400 1889 1483 1960; x_wconf 80' lang='lat' dir='ltr'><strong>juder</strong></span> <span class='ocrx_word' id='word_1_259' title='bbox 1505 1903 1594 1960; x_wconf 87' lang='lat' dir='ltr'><strong>neque</strong></span> <span class='ocrx_word' id='word_1_260' title='bbox 1608 1889 1673 1955; x_wconf 81' lang='lat' dir='ltr'><strong>dun,</strong></span> <span class='ocrx_word' id='word_1_261' title='bbox 1688 1905 1776 1958; x_wconf 87' lang='lat' dir='ltr'><strong>neque</strong></span> 
     </span>
     <span class='ocr_line' id='line_1_20' title="bbox 135 1978 1774 2053; baseline -0.002 -16"><span class='ocrx_word' id='word_1_262' title='bbox 135 1989 193 2038; x_wconf 90' lang='lat' dir='ltr'><strong>rata</strong></span> <span class='ocrx_word' id='word_1_263' title='bbox 205 1991 268 2037; x_wconf 89' lang='lat' dir='ltr'><strong>sunt</strong></span> <span class='ocrx_word' id='word_1_264' title='bbox 282 1983 390 2053; x_wconf 82' lang='lat' dir='ltr'><strong>erigere</strong></span> <span class='ocrx_word' id='word_1_265' title='bbox 401 1988 560 2051; x_wconf 76' lang='lat' dir='ltr'><strong>praesumat.</strong></span> <span class='ocrx_word' id='word_1_266' title='bbox 980 1992 1083 2047; x_wconf 88' lang='lat' dir='ltr'><strong>cuntes,</strong></span> <span class='ocrx_word' id='word_1_267' title='bbox 1096 1987 1141 2036; x_wconf 87' lang='lat' dir='ltr'><strong>aut</strong></span> <span class='ocrx_word' id='word_1_268' title='bbox 1153 1979 1267 2052; x_wconf 89' lang='lat' dir='ltr'><strong>quilibet</strong></span> <span class='ocrx_word' id='word_1_269' title='bbox 1277 1996 1309 2035; x_wconf 84' lang='lat' dir='ltr'><strong>er</strong></span> <span class='ocrx_word' id='word_1_270' title='bbox 1320 1979 1465 2049; x_wconf 86' lang='lat' dir='ltr'><strong>judiciaria</strong></span> <span class='ocrx_word' id='word_1_271' title='bbox 1478 1988 1622 2050; x_wconf 85' lang='lat' dir='ltr'><strong>potestate,</strong></span> <span class='ocrx_word' id='word_1_272' title='bbox 1635 1978 1774 2045; x_wconf 89' lang='lat' dir='ltr'><strong>ecclesias,</strong></span> 
     </span>
    </p>

    <p class='ocr_par' dir='ltr' id='par_1_5' title="bbox 171 2069 1777 2143">
     <span class='ocr_line' id='line_1_21' title="bbox 171 2069 1777 2143; baseline -0.001 -15"><span class='ocrx_word' id='word_1_273' title='bbox 171 2073 225 2128; x_wconf 87' lang='lat' dir='ltr'><strong>Sed</strong></span> <span class='ocrx_word' id='word_1_274' title='bbox 238 2073 319 2128; x_wconf 88' lang='lat' dir='ltr'><strong>liceat</strong></span> <span class='ocrx_word' id='word_1_275' title='bbox 333 2080 483 2128; x_wconf 90' lang='lat' dir='ltr'><strong>memorato</strong></span> <span class='ocrx_word' id='word_1_276' title='bbox 496 2070 587 2127; x_wconf 89' lang='lat' dir='ltr'><strong>abbati</strong></span> <span class='ocrx_word' id='word_1_277' title='bbox 599 2070 712 2143; x_wconf 91' lang='lat' dir='ltr'><strong>suisque</strong></span> <span class='ocrx_word' id='word_1_278' title='bbox 725 2070 930 2127; x_wconf 83' lang='lat' dir='ltr'><strong>successoribus</strong></span> <span class='ocrx_word' id='word_1_279' title='bbox 979 2078 1082 2136; x_wconf 87' lang='lat' dir='ltr'><strong>curtes,</strong></span> <span class='ocrx_word' id='word_1_280' title='bbox 1096 2080 1143 2126; x_wconf 91' lang='lat' dir='ltr'><strong>aut</strong></span> <span class='ocrx_word' id='word_1_281' title='bbox 1158 2070 1228 2138; x_wconf 90' lang='lat' dir='ltr'><strong>loca,</strong></span> <span class='ocrx_word' id='word_1_282' title='bbox 1242 2069 1284 2126; x_wconf 89' lang='lat' dir='ltr'><strong>vel</strong></span> <span class='ocrx_word' id='word_1_283' title='bbox 1297 2086 1386 2143; x_wconf 90' lang='lat' dir='ltr'><strong>agros,</strong></span> <span class='ocrx_word' id='word_1_284' title='bbox 1399 2086 1446 2126; x_wconf 90' lang='lat' dir='ltr'><strong>seu</strong></span> <span class='ocrx_word' id='word_1_285' title='bbox 1458 2071 1578 2143; x_wconf 87' lang='lat' dir='ltr'><strong>reliquas</strong></span> <span class='ocrx_word' id='word_1_286' title='bbox 1590 2071 1777 2143; x_wconf 87' lang='lat' dir='ltr'><strong>possessiones</strong></span> 
     </span>
    </p>
   </div>
   <div class='ocr_carea' id='block_1_5' title="bbox 136 2160 1875 2234">
    <p class='ocr_par' dir='ltr' id='par_1_6' title="bbox 136 2160 1875 2234">
     <span class='ocr_line' id='line_1_22' title="bbox 136 2160 1875 2234; baseline -0.001 -17"><span class='ocrx_word' id='word_1_287' title='bbox 136 2177 178 2218; x_wconf 86' lang='lat' dir='ltr'><strong>res</strong></span> <span class='ocrx_word' id='word_1_288' title='bbox 191 2163 312 2234; x_wconf 68' lang='lat' dir='ltr'><strong>praedicti</strong></span> <span class='ocrx_word' id='word_1_289' title='bbox 332 2161 504 2229; x_wconf 89' lang='lat' dir='ltr'><strong>monasterii,</strong></span> <span class='ocrx_word' id='word_1_290' title='bbox 519 2169 576 2216; x_wconf 91' lang='lat' dir='ltr'><strong>tum</strong></span> <span class='ocrx_word' id='word_1_291' title='bbox 594 2176 689 2217; x_wconf 88' lang='lat' dir='ltr'><strong>omnes</strong></span> <span class='ocrx_word' id='word_1_292' title='bbox 704 2160 796 2217; x_wconf 90' lang='lat' dir='ltr'><strong>lredos</strong></span> <span class='ocrx_word' id='word_1_293' title='bbox 817 2175 930 2217; x_wconf 87' lang='lat' dir='ltr'><strong>conces-</strong></span> <span class='ocrx_word' id='word_1_294' title='bbox 969 2168 1129 2219; x_wconf 85' lang='lat' dir='ltr'><strong>&#39;memnrato</strong></span> <span class='ocrx_word' id='word_1_295' title='bbox 1140 2162 1305 2218; x_wconf 89' lang='lat' dir='ltr'><strong>monasterio</strong></span> <span class='ocrx_word' id='word_1_296' title='bbox 1317 2163 1443 2233; x_wconf 72' lang='lat' dir='ltr'><strong>presenti</strong></span> <span class='ocrx_word' id='word_1_297' title='bbox 1456 2165 1577 2233; x_wconf 85' lang='lat' dir='ltr'><strong>tempore</strong></span> <span class='ocrx_word' id='word_1_298' title='bbox 1591 2160 1774 2231; x_wconf 79' lang='lat' dir='ltr'><strong>subiacentes,</strong></span> <span class='ocrx_word' id='word_1_299' title='bbox 1870 2217 1875 2226; x_wconf 77' lang='grc'>,</span> 
     </span>
    </p>
   </div>
   <div class='ocr_carea' id='block_1_6' title="bbox 134 2249 1779 4170">
    <p class='ocr_par' dir='ltr' id='par_1_7' title="bbox 134 2249 1779 3969">
     <span class='ocr_line' id='line_1_23' title="bbox 134 2249 1778 2323; baseline -0.001 -14"><span class='ocrx_word' id='word_1_300' title='bbox 134 2267 189 2318; x_wconf 86' lang='lat' dir='ltr'><strong>tos,</strong></span> <span class='ocrx_word' id='word_1_301' title='bbox 208 2254 279 2308; x_wconf 87' lang='lat' dir='ltr'><strong>sicut</strong></span> <span class='ocrx_word' id='word_1_302' title='bbox 302 2253 330 2307; x_wconf 94' lang='lat' dir='ltr'><strong>in</strong></span> <span class='ocrx_word' id='word_1_303' title='bbox 354 2261 490 2322; x_wconf 80' lang='lat' dir='ltr'><strong>praecepto</strong></span> <span class='ocrx_word' id='word_1_304' title='bbox 506 2251 608 2306; x_wconf 91' lang='lat' dir='ltr'><strong>domini</strong></span> <span class='ocrx_word' id='word_1_305' title='bbox 632 2258 661 2307; x_wconf 86' lang='lat' dir='ltr'><strong>ct</strong></span> <span class='ocrx_word' id='word_1_306' title='bbox 682 2251 813 2321; x_wconf 77' lang='lat' dir='ltr'><strong>genitoris</strong></span> <span class='ocrx_word' id='word_1_307' title='bbox 840 2251 929 2306; x_wconf 87' lang='lat' dir='ltr'><strong>nostri</strong></span> <span class='ocrx_word' id='word_1_308' title='bbox 978 2252 1022 2309; x_wconf 81' lang='lat' dir='ltr'><strong>rel</strong></span> <span class='ocrx_word' id='word_1_309' title='bbox 1042 2262 1103 2323; x_wconf 78' lang='lat' dir='ltr'><strong>qum</strong></span> <span class='ocrx_word' id='word_1_310' title='bbox 1117 2252 1246 2322; x_wconf 80' lang='lat' dir='ltr'><strong>deinceps</strong></span> <span class='ocrx_word' id='word_1_311' title='bbox 1264 2253 1292 2307; x_wconf 92' lang='lat' dir='ltr'><strong>iu</strong></span> <span class='ocrx_word' id='word_1_312' title='bbox 1314 2251 1400 2321; x_wconf 86' lang='lat' dir='ltr'><strong>juset</strong></span> <span class='ocrx_word' id='word_1_313' title='bbox 1417 2252 1567 2308; x_wconf 89' lang='lat' dir='ltr'><strong>dominium</strong></span> <span class='ocrx_word' id='word_1_314' title='bbox 1585 2249 1705 2321; x_wconf 87' lang='lat' dir='ltr'><strong>ejusdem</strong></span> <span class='ocrx_word' id='word_1_315' title='bbox 1720 2266 1778 2307; x_wconf 87' lang='grc' dir='ltr'><strong>ιιιο-</strong></span> 
     </span>
     <span class='ocr_line' id='line_1_24' title="bbox 134 2339 1776 2414; baseline 0.001 -17"><span class='ocrx_word' id='word_1_316' title='bbox 134 2343 298 2407; x_wconf 84' lang='lat' dir='ltr'><strong>continetur,</strong></span> <span class='ocrx_word' id='word_1_317' title='bbox 309 2341 360 2395; x_wconf 91' lang='lat' dir='ltr'><strong>sub</strong></span> <span class='ocrx_word' id='word_1_318' title='bbox 372 2340 549 2395; x_wconf 88' lang='lat' dir='ltr'><strong>immunitatis</strong></span> <span class='ocrx_word' id='word_1_319' title='bbox 559 2348 659 2395; x_wconf 81' lang='lat' dir='ltr'><strong>nostrae</strong></span> <span class='ocrx_word' id='word_1_320' title='bbox 670 2339 827 2395; x_wconf 77' lang='lat' dir='ltr'><strong>defensione</strong></span> <span class='ocrx_word' id='word_1_321' title='bbox 835 2340 930 2410; x_wconf 86' lang='lat' dir='ltr'><strong>quieto</strong></span> <span class='ocrx_word' id='word_1_322' title='bbox 979 2345 1091 2400; x_wconf 88' lang='lat' dir='ltr'><strong>uasterii</strong></span> <span class='ocrx_word' id='word_1_323' title='bbox 1112 2344 1210 2398; x_wconf 74' lang='lat' dir='ltr'><strong>divina</strong></span> <span class='ocrx_word' id='word_1_324' title='bbox 1234 2344 1345 2414; x_wconf 86' lang='lat' dir='ltr'><strong>pietatis</strong></span> <span class='ocrx_word' id='word_1_325' title='bbox 1370 2350 1514 2414; x_wconf 89' lang='lat' dir='ltr'><strong>augmento</strong></span> <span class='ocrx_word' id='word_1_326' title='bbox 1532 2344 1717 2412; x_wconf 78' lang='lat' dir='ltr'><strong>pervenerint,</strong></span> <span class='ocrx_word' id='word_1_327' title='bbox 1741 2344 1776 2398; x_wconf 93' lang='lat' dir='ltr'><strong>ad</strong></span> 
     </span>
     <span class='ocr_line' id='line_1_25' title="bbox 134 2427 1777 2511; baseline -0.004 -16"><span class='ocrx_word' id='word_1_328' title='bbox 134 2431 230 2487; x_wconf 84' lang='lat' dir='ltr'><strong>ordine</strong></span> <span class='ocrx_word' id='word_1_329' title='bbox 246 2430 396 2501; x_wconf 89' lang='lat' dir='ltr'><strong>possidere,</strong></span> <span class='ocrx_word' id='word_1_330' title='bbox 410 2438 438 2483; x_wconf 71' lang='lat'><strong>0¹</strong></span> <span class='ocrx_word' id='word_1_331' title='bbox 455 2436 549 2485; x_wconf 78' lang='lat' dir='ltr'><strong>¹¹⁰⁸ii&#39;0</strong></span> <span class='ocrx_word' id='word_1_332' title='bbox 564 2428 681 2484; x_wconf 61' lang='lat' dir='ltr'><strong>fideliler</strong></span> <span class='ocrx_word' id='word_1_333' title='bbox 692 2443 789 2498; x_wconf 63' lang='lat' dir='ltr'><strong>lisere</strong></span> <span class='ocrx_word' id='word_1_334' title='bbox 803 2427 929 2511; x_wconf 66' lang='grc' dir='ltr'><strong>ῑΨΡθῐῑθ,</strong></span> <span class='ocrx_word' id='word_1_335' title='bbox 979 2448 1077 2491; x_wconf 86' lang='lat' dir='ltr'><strong>causas</strong></span> <span class='ocrx_word' id='word_1_336' title='bbox 1099 2433 1259 2500; x_wconf 86' lang='lat' dir='ltr'><strong>audiendas,</strong></span> <span class='ocrx_word' id='word_1_337' title='bbox 1276 2433 1318 2489; x_wconf 88' lang='lat' dir='ltr'><strong>vel</strong></span> <span class='ocrx_word' id='word_1_338' title='bbox 1342 2433 1420 2488; x_wconf 87' lang='lat' dir='ltr'><strong>lretla</strong></span> <span class='ocrx_word' id='word_1_339' title='bbox 1442 2434 1584 2505; x_wconf 82' lang='lat' dir='ltr'><strong>erigenda,</strong></span> <span class='ocrx_word' id='word_1_340' title='bbox 1606 2433 1648 2488; x_wconf 91' lang='lat' dir='ltr'><strong>vel</strong></span> <span class='ocrx_word' id='word_1_341' title='bbox 1668 2441 1777 2505; x_wconf 87' lang='lat' dir='ltr'><strong>paratas</strong></span> 
     </span>
     <span class='ocr_line' id='line_1_26' title="bbox 134 2518 1776 2607; baseline 0.001 -29"><span class='ocrx_word' id='word_1_342' title='bbox 134 2529 270 2607; x_wconf 66' lang='lat' dir='ltr'><strong>«quatenus</strong></span> <span class='ocrx_word' id='word_1_343' title='bbox 289 2520 361 2591; x_wconf 72' lang='lat' dir='ltr'><strong>ipsos</strong></span> <span class='ocrx_word' id='word_1_344' title='bbox 382 2534 475 2575; x_wconf 73' lang='lat' dir='ltr'><strong>servos</strong></span> <span class='ocrx_word' id='word_1_345' title='bbox 494 2519 614 2589; x_wconf 59' lang='lat' dir='ltr'><strong>[lebabi</strong></span> <span class='ocrx_word' id='word_1_346' title='bbox 639 2519 738 2575; x_wconf 81' lang='lat' dir='ltr'><strong>ibidem</strong></span> <span class='ocrx_word' id='word_1_347' title='bbox 763 2519 820 2575; x_wconf 78' lang='lat' dir='ltr'><strong>Deo</strong></span> <span class='ocrx_word' id='word_1_348' title='bbox 842 2518 930 2574; x_wconf 67' lang='lat' dir='ltr'><strong>famu·</strong></span> <span class='ocrx_word' id='word_1_349' title='bbox 979 2524 1128 2590; x_wconf 79' lang='lat' dir='ltr'><strong>iaciendas,</strong></span> <span class='ocrx_word' id='word_1_350' title='bbox 1141 2524 1314 2595; x_wconf 76' lang='lat' dir='ltr'><strong>fidejussores</strong></span> <span class='ocrx_word' id='word_1_351' title='bbox 1328 2523 1470 2590; x_wconf 90' lang='lat' dir='ltr'><strong>tollendos,</strong></span> <span class='ocrx_word' id='word_1_352' title='bbox 1485 2529 1531 2577; x_wconf 88' lang='lat' dir='ltr'><strong>aut</strong></span> <span class='ocrx_word' id='word_1_353' title='bbox 1545 2523 1669 2578; x_wconf 87' lang='lat' dir='ltr'><strong>homines</strong></span> <span class='ocrx_word' id='word_1_354' title='bbox 1694 2525 1776 2579; x_wconf 92' lang='lat' dir='ltr'><strong>ctiam</strong></span> 
     </span>
     <span class='ocr_line' id='line_1_27' title="bbox 136 2610 1778 2688; baseline 0.002 -22"><span class='ocrx_word' id='word_1_355' title='bbox 136 2613 235 2680; x_wconf 86' lang='lat' dir='ltr'><strong>tantur,</strong></span> <span class='ocrx_word' id='word_1_356' title='bbox 248 2628 297 2683; x_wconf 88' lang='lat' dir='ltr'><strong>pro</strong></span> <span class='ocrx_word' id='word_1_357' title='bbox 308 2612 386 2668; x_wconf 92' lang='lat' dir='ltr'><strong>uobis</strong></span> <span class='ocrx_word' id='word_1_358' title='bbox 397 2620 426 2667; x_wconf 91' lang='lat' dir='ltr'><strong>et</strong></span> <span class='ocrx_word' id='word_1_359' title='bbox 439 2610 561 2682; x_wconf 82' lang='lat' dir='ltr'><strong>conjuge,</strong></span> <span class='ocrx_word' id='word_1_360' title='bbox 578 2612 707 2681; x_wconf 85' lang='lat' dir='ltr'><strong>proleque</strong></span> <span class='ocrx_word' id='word_1_361' title='bbox 728 2621 834 2678; x_wconf 88' lang='lat' dir='ltr'><strong>nostra,</strong></span> <span class='ocrx_word' id='word_1_362' title='bbox 847 2619 930 2681; x_wconf 85' lang='lat' dir='ltr'><strong>atque</strong></span> <span class='ocrx_word' id='word_1_363' title='bbox 980 2625 1038 2672; x_wconf 86' lang='lat' dir='ltr'><strong>tam</strong></span> <span class='ocrx_word' id='word_1_364' title='bbox 1061 2616 1195 2688; x_wconf 88' lang='lat' dir='ltr'><strong>ingenuos</strong></span> <span class='ocrx_word' id='word_1_365' title='bbox 1212 2630 1293 2686; x_wconf 93' lang='lat' dir='ltr'><strong>quam</strong></span> <span class='ocrx_word' id='word_1_366' title='bbox 1313 2624 1340 2670; x_wconf 92' lang='lat' dir='ltr'><strong>et</strong></span> <span class='ocrx_word' id='word_1_367' title='bbox 1355 2628 1448 2671; x_wconf 90' lang='lat' dir='ltr'><strong>servos</strong></span> <span class='ocrx_word' id='word_1_368' title='bbox 1468 2629 1550 2685; x_wconf 89' lang='lat' dir='ltr'><strong>super</strong></span> <span class='ocrx_word' id='word_1_369' title='bbox 1573 2622 1674 2669; x_wconf 89' lang='lat' dir='ltr'><strong>terram</strong></span> <span class='ocrx_word' id='word_1_370' title='bbox 1694 2616 1778 2686; x_wconf 83' lang='lat' dir='ltr'><strong>ipsius</strong></span> 
     </span>
     <span class='ocr_line' id='line_1_28' title="bbox 135 2701 1778 2780; baseline -0.001 -18"><span class='ocrx_word' id='word_1_371' title='bbox 135 2703 283 2760; x_wconf 73' lang='lat' dir='ltr'><strong>stabilitate</strong></span> <span class='ocrx_word' id='word_1_372' title='bbox 296 2703 379 2758; x_wconf 88' lang='lat' dir='ltr'><strong>totius</strong></span> <span class='ocrx_word' id='word_1_373' title='bbox 390 2703 496 2773; x_wconf 80' lang='lat' dir='ltr'><strong>imperii</strong></span> <span class='ocrx_word' id='word_1_374' title='bbox 510 2703 606 2767; x_wconf 74' lang='lat' dir='ltr'><strong>nostri,</strong></span> <span class='ocrx_word' id='word_1_375' title='bbox 619 2716 635 2756; x_wconf 74' lang='lat' dir='ltr'><strong>a</strong></span> <span class='ocrx_word' id='word_1_376' title='bbox 648 2702 703 2758; x_wconf 77' lang='lat' dir='ltr'><strong>Deo</strong></span> <span class='ocrx_word' id='word_1_377' title='bbox 718 2703 796 2758; x_wconf 77' lang='lat' dir='ltr'><strong>nobis</strong></span> <span class='ocrx_word' id='word_1_378' title='bbox 805 2701 929 2757; x_wconf 66' lang='lat' dir='ltr'><strong>concessi</strong></span> <span class='ocrx_word' id='word_1_379' title='bbox 980 2707 1138 2765; x_wconf 88' lang='lat' dir='ltr'><strong>monasterii</strong></span> <span class='ocrx_word' id='word_1_380' title='bbox 1162 2717 1364 2765; x_wconf 83' lang='lat' dir='ltr'><strong>conannanentes</strong></span> <span class='ocrx_word' id='word_1_381' title='bbox 1378 2706 1580 2780; x_wconf 87' lang='lat' dir='ltr'><strong>distinguendos</strong></span> <span class='ocrx_word' id='word_1_382' title='bbox 1601 2707 1778 2779; x_wconf 85' lang='lat' dir='ltr'><strong>[distringen-</strong></span> 
     </span>
     <span class='ocr_line' id='line_1_29' title="bbox 136 2794 1779 2874; baseline -0.004 -12"><span class='ocrx_word' id='word_1_383' title='bbox 136 2805 217 2867; x_wconf 80' lang='lat' dir='ltr'><strong>atque</strong></span> <span class='ocrx_word' id='word_1_384' title='bbox 243 2797 437 2862; x_wconf 70' lang='lat' dir='ltr'><strong>conservandi,</strong></span> <span class='ocrx_word' id='word_1_385' title='bbox 456 2796 556 2869; x_wconf 78' lang='lat' dir='ltr'><strong>jugiter</strong></span> <span class='ocrx_word' id='word_1_386' title='bbox 578 2795 685 2852; x_wconf 85' lang='lat' dir='ltr'><strong>bomini</strong></span> <span class='ocrx_word' id='word_1_387' title='bbox 698 2794 929 2851; x_wconf 70' lang='lat' dir='ltr'><strong>miseriordiam</strong></span> <span class='ocrx_word' id='word_1_388' title='bbox 981 2799 1115 2874; x_wconf 70' lang='lat' dir='ltr'><strong>oosqnec</strong></span> <span class='ocrx_word' id='word_1_389' title='bbox 1128 2800 1467 2866; x_wconf 78' lang='lat' dir='ltr'><strong>nttnsreutnomones,vet</strong></span> <span class='ocrx_word' id='word_1_390' title='bbox 1480 2801 1653 2866; x_wconf 68' lang='lat' dir='ltr'><strong>bennonem</strong></span> <span class='ocrx_word' id='word_1_391' title='bbox 1669 2799 1779 2856; x_wconf 78' lang='lat' dir='ltr'><strong>ttttcttas</strong></span> 
     </span>
     <span class='ocr_line' id='line_1_30' title="bbox 135 2889 1778 2962; baseline -0.001 -16"><span class='ocrx_word' id='word_1_392' title='bbox 135 2905 250 2946; x_wconf 84' lang='lat' dir='ltr'><strong>exorare</strong></span> <span class='ocrx_word' id='word_1_393' title='bbox 264 2889 389 2946; x_wconf 88' lang='lat' dir='ltr'><strong>delectet.</strong></span> <span class='ocrx_word' id='word_1_394' title='bbox 980 2892 1139 2948; x_wconf 86' lang='lat' dir='ltr'><strong>occasiones</strong></span> <span class='ocrx_word' id='word_1_395' title='bbox 1161 2892 1347 2962; x_wconf 87' lang='lat' dir='ltr'><strong>requirendas,</strong></span> <span class='ocrx_word' id='word_1_396' title='bbox 1372 2907 1420 2947; x_wconf 91' lang='lat' dir='ltr'><strong>sen</strong></span> <span class='ocrx_word' id='word_1_397' title='bbox 1443 2891 1527 2945; x_wconf 93' lang='lat' dir='ltr'><strong>ullum</strong></span> <span class='ocrx_word' id='word_1_398' title='bbox 1545 2890 1674 2960; x_wconf 90' lang='lat' dir='ltr'><strong>placitum</strong></span> <span class='ocrx_word' id='word_1_399' title='bbox 1688 2890 1778 2960; x_wconf 90' lang='lat' dir='ltr'><strong>publi·</strong></span> 
     </span>
     <span class='ocr_line' id='line_1_31' title="bbox 171 2977 1775 3055; baseline -0.001 -19"><span class='ocrx_word' id='word_1_400' title='bbox 171 2981 247 3037; x_wconf 85' lang='lat' dir='ltr'><strong>Hanc</strong></span> <span class='ocrx_word' id='word_1_401' title='bbox 268 2983 361 3055; x_wconf 87' lang='lat' dir='ltr'><strong>itaque</strong></span> <span class='ocrx_word' id='word_1_402' title='bbox 381 2981 585 3047; x_wconf 84' lang='lat' dir='ltr'><strong>auctoritatem,</strong></span> <span class='ocrx_word' id='word_1_403' title='bbox 611 2988 642 3036; x_wconf 91' lang='lat' dir='ltr'><strong>ut</strong></span> <span class='ocrx_word' id='word_1_404' title='bbox 656 2979 805 3050; x_wconf 84' lang='lat' dir='ltr'><strong>pleniorem</strong></span> <span class='ocrx_word' id='word_1_405' title='bbox 828 2979 856 3034; x_wconf 96' lang='lat' dir='ltr'><strong>in</strong></span> <span class='ocrx_word' id='word_1_406' title='bbox 880 2977 929 3034; x_wconf 83' lang='lat' dir='ltr'><strong>ilci</strong></span> <span class='ocrx_word' id='word_1_407' title='bbox 980 2996 1043 3039; x_wconf 91' lang='lat' dir='ltr'><strong>cum</strong></span> <span class='ocrx_word' id='word_1_408' title='bbox 1057 2983 1221 3049; x_wconf 90' lang='lat' dir='ltr'><strong>babendum,</strong></span> <span class='ocrx_word' id='word_1_409' title='bbox 1243 2982 1325 3038; x_wconf 90' lang='lat' dir='ltr'><strong>nullis</strong></span> <span class='ocrx_word' id='word_1_410' title='bbox 1341 2981 1509 3051; x_wconf 90' lang='lat' dir='ltr'><strong>temporibus</strong></span> <span class='ocrx_word' id='word_1_411' title='bbox 1527 2981 1630 3052; x_wconf 80' lang='lat' dir='ltr'><strong>ingredi</strong></span> <span class='ocrx_word' id='word_1_412' title='bbox 1653 2981 1775 3054; x_wconf 84' lang='lat' dir='ltr'><strong>(audeat)</strong></span> 
     </span>
     <span class='ocr_line' id='line_1_32' title="bbox 136 3071 1775 3143; baseline -0.002 -14"><span class='ocrx_word' id='word_1_413' title='bbox 136 3075 245 3130; x_wconf 91' lang='lat' dir='ltr'><strong>nomine</strong></span> <span class='ocrx_word' id='word_1_414' title='bbox 266 3075 388 3130; x_wconf 90' lang='lat' dir='ltr'><strong>obtineat</strong></span> <span class='ocrx_word' id='word_1_415' title='bbox 412 3075 579 3139; x_wconf 87' lang='lat' dir='ltr'><strong>llrmitatem,</strong></span> <span class='ocrx_word' id='word_1_416' title='bbox 599 3083 627 3129; x_wconf 88' lang='lat' dir='ltr'><strong>et</strong></span> <span class='ocrx_word' id='word_1_417' title='bbox 645 3089 662 3128; x_wconf 87' lang='lat' dir='ltr'><strong>a</strong></span> <span class='ocrx_word' id='word_1_418' title='bbox 680 3074 804 3129; x_wconf 86' lang='lat' dir='ltr'><strong>ildelibus</strong></span> <span class='ocrx_word' id='word_1_419' title='bbox 826 3081 928 3129; x_wconf 81' lang='lat' dir='ltr'><strong>sancta</strong></span> <span class='ocrx_word' id='word_1_420' title='bbox 941 3073 964 3135; x_wconf 85' lang='lat' dir='ltr'>C</span> <span class='ocrx_word' id='word_1_421' title='bbox 979 3072 1022 3128; x_wconf 85' lang='lat' dir='ltr'><strong>vel</strong></span> <span class='ocrx_word' id='word_1_422' title='bbox 1034 3088 1065 3128; x_wconf 90' lang='lat' dir='ltr'><strong>ea</strong></span> <span class='ocrx_word' id='word_1_423' title='bbox 1077 3088 1137 3142; x_wconf 82' lang='lat' dir='ltr'><strong>quae</strong></span> <span class='ocrx_word' id='word_1_424' title='bbox 1149 3087 1231 3143; x_wconf 87' lang='lat' dir='ltr'><strong>supra</strong></span> <span class='ocrx_word' id='word_1_425' title='bbox 1245 3079 1394 3128; x_wconf 91' lang='lat' dir='ltr'><strong>memorata</strong></span> <span class='ocrx_word' id='word_1_426' title='bbox 1406 3079 1480 3138; x_wconf 91' lang='lat' dir='ltr'><strong>sunt,</strong></span> <span class='ocrx_word' id='word_1_427' title='bbox 1491 3079 1641 3141; x_wconf 88' lang='lat' dir='ltr'><strong>praesumat</strong></span> <span class='ocrx_word' id='word_1_428' title='bbox 1650 3071 1775 3141; x_wconf 79' lang='lat' dir='ltr'><strong>erigere,</strong></span> 
     </span>
     <span class='ocr_line' id='line_1_33' title="bbox 137 3162 1779 3236; baseline -0.001 -17"><span class='ocrx_word' id='word_1_429' title='bbox 137 3164 184 3219; x_wconf 80' lang='lat' dir='ltr'><strong>liei</strong></span> <span class='ocrx_word' id='word_1_430' title='bbox 200 3164 327 3220; x_wconf 73' lang='lat' dir='ltr'><strong>Ecclesiae</strong></span> <span class='ocrx_word' id='word_1_431' title='bbox 347 3173 375 3221; x_wconf 89' lang='lat' dir='ltr'><strong>et</strong></span> <span class='ocrx_word' id='word_1_432' title='bbox 397 3166 496 3221; x_wconf 89' lang='lat' dir='ltr'><strong>nostris</strong></span> <span class='ocrx_word' id='word_1_433' title='bbox 517 3165 609 3221; x_wconf 85' lang='lat' dir='ltr'><strong>terius</strong></span> <span class='ocrx_word' id='word_1_434' title='bbox 623 3165 780 3236; x_wconf 82' lang='lat' dir='ltr'><strong>certiusqne</strong></span> <span class='ocrx_word' id='word_1_435' title='bbox 803 3163 931 3220; x_wconf 87' lang='lat' dir='ltr'><strong>credatur</strong></span> <span class='ocrx_word' id='word_1_436' title='bbox 983 3172 1011 3219; x_wconf 89' lang='lat' dir='ltr'><strong>et</strong></span> <span class='ocrx_word' id='word_1_437' title='bbox 1023 3172 1052 3219; x_wconf 91' lang='lat' dir='ltr'><strong>ut</strong></span> <span class='ocrx_word' id='word_1_438' title='bbox 1064 3164 1207 3219; x_wconf 88' lang='lat' dir='ltr'><strong>censuales</strong></span> <span class='ocrx_word' id='word_1_439' title='bbox 1220 3164 1345 3219; x_wconf 89' lang='lat' dir='ltr'><strong>homines</strong></span> <span class='ocrx_word' id='word_1_440' title='bbox 1357 3179 1413 3220; x_wconf 85' lang='lat' dir='ltr'><strong>suae</strong></span> <span class='ocrx_word' id='word_1_441' title='bbox 1426 3163 1545 3229; x_wconf 82' lang='lat' dir='ltr'><strong>lamiliae,</strong></span> <span class='ocrx_word' id='word_1_442' title='bbox 1564 3163 1592 3217; x_wconf 91' lang='lat' dir='ltr'><strong>in</strong></span> <span class='ocrx_word' id='word_1_443' title='bbox 1610 3162 1779 3232; x_wconf 91' lang='lat' dir='ltr'><strong>quibuscun·</strong></span> 
     </span>
     <span class='ocr_line' id='line_1_34' title="bbox 137 3254 1778 3328; baseline 0 -20"><span class='ocrx_word' id='word_1_444' title='bbox 137 3263 165 3309; x_wconf 89' lang='lat' dir='ltr'><strong>ct</strong></span> <span class='ocrx_word' id='word_1_445' title='bbox 177 3255 332 3327; x_wconf 87' lang='lat' dir='ltr'><strong>diligentias</strong></span> <span class='ocrx_word' id='word_1_446' title='bbox 346 3264 533 3322; x_wconf 88' lang='lat' dir='ltr'><strong>conservetur,</strong></span> <span class='ocrx_word' id='word_1_447' title='bbox 556 3272 637 3311; x_wconf 92' lang='lat' dir='ltr'><strong>manu</strong></span> <span class='ocrx_word' id='word_1_448' title='bbox 660 3257 768 3328; x_wconf 89' lang='lat' dir='ltr'><strong>pmpria</strong></span> <span class='ocrx_word' id='word_1_449' title='bbox 788 3255 931 3312; x_wconf 84' lang='lat' dir='ltr'><strong>subterdr·</strong></span> <span class='ocrx_word' id='word_1_450' title='bbox 982 3266 1035 3326; x_wconf 86' lang='lat' dir='ltr'><strong>quc</strong></span> <span class='ocrx_word' id='word_1_451' title='bbox 1055 3254 1123 3311; x_wconf 91' lang='lat' dir='ltr'><strong>locis</strong></span> <span class='ocrx_word' id='word_1_452' title='bbox 1134 3254 1189 3310; x_wconf 90' lang='lat' dir='ltr'><strong>sint</strong></span> <span class='ocrx_word' id='word_1_453' title='bbox 1210 3255 1374 3321; x_wconf 81' lang='lat' dir='ltr'><strong>constitutae,</strong></span> <span class='ocrx_word' id='word_1_454' title='bbox 1389 3269 1484 3325; x_wconf 90' lang='lat' dir='ltr'><strong>pacem</strong></span> <span class='ocrx_word' id='word_1_455' title='bbox 1497 3254 1626 3318; x_wconf 90' lang='lat' dir='ltr'><strong>habeant,</strong></span> <span class='ocrx_word' id='word_1_456' title='bbox 1640 3261 1668 3308; x_wconf 91' lang='lat' dir='ltr'><strong>ct</strong></span> <span class='ocrx_word' id='word_1_457' title='bbox 1683 3268 1778 3308; x_wconf 88' lang='lat' dir='ltr'><strong>coram</strong></span> 
     </span>
     <span class='ocr_line' id='line_1_35' title="bbox 137 3340 1777 3419; baseline -0.002 -20"><span class='ocrx_word' id='word_1_458' title='bbox 137 3345 281 3413; x_wconf 82' lang='lat' dir='ltr'><strong>marianus,</strong></span> <span class='ocrx_word' id='word_1_459' title='bbox 294 3353 322 3400; x_wconf 91' lang='lat' dir='ltr'><strong>et</strong></span> <span class='ocrx_word' id='word_1_460' title='bbox 336 3344 427 3401; x_wconf 92' lang='lat' dir='ltr'><strong>annuli</strong></span> <span class='ocrx_word' id='word_1_461' title='bbox 449 3346 535 3402; x_wconf 88' lang='lat' dir='ltr'><strong>uestri</strong></span> <span class='ocrx_word' id='word_1_462' title='bbox 556 3348 736 3418; x_wconf 85' lang='lat' dir='ltr'><strong>impressione</strong></span> <span class='ocrx_word' id='word_1_463' title='bbox 748 3347 851 3419; x_wconf 85' lang='lat' dir='ltr'><strong>signari</strong></span> <span class='ocrx_word' id='word_1_464' title='bbox 869 3344 931 3417; x_wconf 82' lang='lat' dir='ltr'><strong>jus·</strong></span> <span class='ocrx_word' id='word_1_465' title='bbox 982 3340 1158 3411; x_wconf 81' lang='lat' dir='ltr'><strong>trullojudice</strong></span> <span class='ocrx_word' id='word_1_466' title='bbox 1180 3350 1311 3415; x_wconf 87' lang='lat' dir='ltr'><strong>regantur</strong></span> <span class='ocrx_word' id='word_1_467' title='bbox 1322 3351 1368 3398; x_wconf 90' lang='lat' dir='ltr'><strong>aut</strong></span> <span class='ocrx_word' id='word_1_468' title='bbox 1383 3344 1485 3399; x_wconf 89' lang='lat' dir='ltr'><strong>bonum</strong></span> <span class='ocrx_word' id='word_1_469' title='bbox 1507 3341 1652 3416; x_wconf 78' lang='lat' dir='ltr'><strong>[bannum]</strong></span> <span class='ocrx_word' id='word_1_470' title='bbox 1673 3342 1777 3413; x_wconf 90' lang='lat' dir='ltr'><strong>persol-</strong></span> 
     </span>
     <span class='ocr_line' id='line_1_36' title="bbox 137 3435 1777 3508; baseline 0 -17"><span class='ocrx_word' id='word_1_471' title='bbox 137 3436 232 3492; x_wconf 86' lang='lat' dir='ltr'><strong>simus.</strong></span> <span class='ocrx_word' id='word_1_472' title='bbox 982 3444 1057 3501; x_wconf 90' lang='lat' dir='ltr'><strong>vant,</strong></span> <span class='ocrx_word' id='word_1_473' title='bbox 1072 3444 1119 3491; x_wconf 93' lang='lat' dir='ltr'><strong>aut</strong></span> <span class='ocrx_word' id='word_1_474' title='bbox 1142 3435 1272 3492; x_wconf 79' lang='lat' dir='ltr'><strong>saeculare</strong></span> <span class='ocrx_word' id='word_1_475' title='bbox 1295 3435 1432 3508; x_wconf 89' lang='lat' dir='ltr'><strong>nogotium</strong></span> <span class='ocrx_word' id='word_1_476' title='bbox 1457 3437 1586 3502; x_wconf 89' lang='lat' dir='ltr'><strong>babeant,</strong></span> <span class='ocrx_word' id='word_1_477' title='bbox 1611 3437 1662 3491; x_wconf 88' lang='lat' dir='ltr'><strong>nisi</strong></span> <span class='ocrx_word' id='word_1_478' title='bbox 1684 3452 1777 3492; x_wconf 91' lang='lat' dir='ltr'><strong>coram</strong></span> 
     </span>
     <span class='ocr_line' id='line_1_37' title="bbox 174 3523 1779 3600; baseline -0.003 -19"><span class='ocrx_word' id='word_1_479' title='bbox 174 3527 240 3582; x_wconf 86' lang='lat' dir='ltr'><strong>bata</strong></span> <span class='ocrx_word' id='word_1_480' title='bbox 252 3529 342 3584; x_wconf 88' lang='lat' dir='ltr'><strong>idibus</strong></span> <span class='ocrx_word' id='word_1_481' title='bbox 354 3527 807 3600; x_wconf 81' lang='lat' dir='ltr'><strong>dprilis,anno,Christopropitio,</strong></span> <span class='ocrx_word' id='word_1_482' title='bbox 824 3527 931 3599; x_wconf 88' lang='lat' dir='ltr'><strong>imperii</strong></span> <span class='ocrx_word' id='word_1_483' title='bbox 957 3545 962 3549; x_wconf 89' lang='lat'><strong>·</strong></span> <span class='ocrx_word' id='word_1_484' title='bbox 982 3525 1129 3590; x_wconf 87' lang='lat' dir='ltr'><strong>abbatissa,</strong></span> <span class='ocrx_word' id='word_1_485' title='bbox 1145 3524 1187 3577; x_wconf 85' lang='lat' dir='ltr'><strong>vel</strong></span> <span class='ocrx_word' id='word_1_486' title='bbox 1200 3524 1286 3594; x_wconf 90' lang='lat' dir='ltr'><strong>ipsius</strong></span> <span class='ocrx_word' id='word_1_487' title='bbox 1302 3525 1461 3579; x_wconf 89' lang='lat' dir='ltr'><strong>monasterii</strong></span> <span class='ocrx_word' id='word_1_488' title='bbox 1480 3524 1622 3588; x_wconf 86' lang='lat' dir='ltr'><strong>advocato,</strong></span> <span class='ocrx_word' id='word_1_489' title='bbox 1636 3523 1683 3578; x_wconf 89' lang='lat' dir='ltr'><strong>sed</strong></span> <span class='ocrx_word' id='word_1_490' title='bbox 1697 3524 1779 3577; x_wconf 89' lang='lat' dir='ltr'><strong>liccat</strong></span> 
     </span>
     <span class='ocr_line' id='line_1_38' title="bbox 138 3604 1776 3688; baseline -0.004 -14"><span class='ocrx_word' id='word_1_491' title='bbox 138 3621 223 3674; x_wconf 89' lang='lat' dir='ltr'><strong>nostri</strong></span> <span class='ocrx_word' id='word_1_492' title='bbox 245 3629 333 3686; x_wconf 82' lang='lat' dir='ltr'><strong>serto,</strong></span> <span class='ocrx_word' id='word_1_493' title='bbox 348 3604 498 3675; x_wconf 79' lang='lat' dir='ltr'><strong>indictione&#39;</strong></span> <span class='ocrx_word' id='word_1_494' title='bbox 509 3619 553 3673; x_wconf 68' lang='lat' dir='ltr'><strong>ll.</strong></span> <span class='ocrx_word' id='word_1_495' title='bbox 569 3619 668 3673; x_wconf 74' lang='lat' dir='ltr'><strong>Actum</strong></span> <span class='ocrx_word' id='word_1_496' title='bbox 682 3618 845 3688; x_wconf 76' lang='lat' dir='ltr'><strong>Aquisgrani</strong></span> <span class='ocrx_word' id='word_1_497' title='bbox 859 3617 931 3688; x_wconf 92' lang='lat' dir='ltr'><strong>pala·</strong></span> <span class='ocrx_word' id='word_1_498' title='bbox 982 3615 1128 3686; x_wconf 87' lang='lat' dir='ltr'><strong>supradicti</strong></span> <span class='ocrx_word' id='word_1_499' title='bbox 1147 3616 1306 3670; x_wconf 88' lang='lat' dir='ltr'><strong>monasterii</strong></span> <span class='ocrx_word' id='word_1_500' title='bbox 1328 3615 1473 3670; x_wconf 86' lang='lat' dir='ltr'><strong>abbatissis</strong></span> <span class='ocrx_word' id='word_1_501' title='bbox 1495 3612 1546 3668; x_wconf 92' lang='lat' dir='ltr'><strong>sub</strong></span> <span class='ocrx_word' id='word_1_502' title='bbox 1563 3614 1705 3668; x_wconf 87' lang='lat' dir='ltr'><strong>dominicae</strong></span> <span class='ocrx_word' id='word_1_503' title='bbox 1726 3613 1776 3668; x_wconf 86' lang='lat' dir='ltr'><strong>int-</strong></span> 
     </span>
     <span class='ocr_line' id='line_1_39' title="bbox 137 3702 1775 3782; baseline -0.004 -15"><span class='ocrx_word' id='word_1_504' title='bbox 137 3713 177 3767; x_wconf 88' lang='lat' dir='ltr'><strong>tio</strong></span> <span class='ocrx_word' id='word_1_505' title='bbox 188 3712 263 3782; x_wconf 84' lang='lat' dir='ltr'><strong>regio</strong></span> <span class='ocrx_word' id='word_1_506' title='bbox 276 3713 303 3765; x_wconf 89' lang='lat' dir='ltr'><strong>ln</strong></span> <span class='ocrx_word' id='word_1_507' title='bbox 318 3711 365 3765; x_wconf 85' lang='lat' dir='ltr'><strong>Dei</strong></span> <span class='ocrx_word' id='word_1_508' title='bbox 380 3710 488 3765; x_wconf 91' lang='lat' dir='ltr'><strong>nominc</strong></span> <span class='ocrx_word' id='word_1_509' title='bbox 500 3708 626 3765; x_wconf 87' lang='lat' dir='ltr'><strong>lelieiter.</strong></span> <span class='ocrx_word' id='word_1_510' title='bbox 639 3708 736 3764; x_wconf 78' lang='lat' dir='ltr'><strong>Amen.</strong></span> <span class='ocrx_word' id='word_1_511' title='bbox 982 3704 1122 3758; x_wconf 90' lang='lat' dir='ltr'><strong>munitatis</strong></span> <span class='ocrx_word' id='word_1_512' title='bbox 1135 3705 1248 3759; x_wconf 91' lang='lat' dir='ltr'><strong>tuitione</strong></span> <span class='ocrx_word' id='word_1_513' title='bbox 1260 3705 1351 3773; x_wconf 90' lang='lat' dir='ltr'><strong>quieto</strong></span> <span class='ocrx_word' id='word_1_514' title='bbox 1361 3704 1457 3760; x_wconf 87' lang='lat' dir='ltr'><strong>ordine</strong></span> <span class='ocrx_word' id='word_1_515' title='bbox 1468 3718 1517 3773; x_wconf 87' lang='lat' dir='ltr'><strong>per</strong></span> <span class='ocrx_word' id='word_1_516' title='bbox 1526 3705 1617 3758; x_wconf 88' lang='lat' dir='ltr'><strong>omnia</strong></span> <span class='ocrx_word' id='word_1_517' title='bbox 1626 3702 1775 3773; x_wconf 89' lang='lat' dir='ltr'><strong>possidere.</strong></span> 
     </span>
     <span class='ocr_line' id='line_1_40' title="bbox 172 3792 1778 3873; baseline -0.004 -16"><span class='ocrx_word' id='word_1_518' title='bbox 172 3804 285 3873; x_wconf 89' lang='lat' dir='ltr'><strong>Signum</strong></span> <span class='ocrx_word' id='word_1_519' title='bbox 298 3801 425 3858; x_wconf 81' lang='lat' dir='ltr'><strong>badonici</strong></span> <span class='ocrx_word' id='word_1_520' title='bbox 439 3801 607 3858; x_wconf 88' lang='lat' dir='ltr'><strong>serenissimi</strong></span> <span class='ocrx_word' id='word_1_521' title='bbox 623 3800 807 3871; x_wconf 89' lang='lat' dir='ltr'><strong>imperatoris.</strong></span> <span class='ocrx_word' id='word_1_522' title='bbox 982 3792 1110 3849; x_wconf 75' lang='lat' dir='ltr'><strong>dvocatis</strong></span> <span class='ocrx_word' id='word_1_523' title='bbox 1124 3803 1225 3860; x_wconf 87' lang='lat' dir='ltr'><strong>autem,</strong></span> <span class='ocrx_word' id='word_1_524' title='bbox 1240 3796 1311 3864; x_wconf 92' lang='lat' dir='ltr'><strong>quod</strong></span> <span class='ocrx_word' id='word_1_525' title='bbox 1325 3795 1462 3851; x_wconf 89' lang='lat' dir='ltr'><strong>nescimus</strong></span> <span class='ocrx_word' id='word_1_526' title='bbox 1474 3794 1568 3865; x_wconf 87' lang='lat' dir='ltr'><strong>quales</strong></span> <span class='ocrx_word' id='word_1_527' title='bbox 1582 3796 1637 3850; x_wconf 93' lang='lat' dir='ltr'><strong>sint</strong></span> <span class='ocrx_word' id='word_1_528' title='bbox 1655 3797 1778 3865; x_wconf 88' lang='lat' dir='ltr'><strong>quaudo-</strong></span> 
     </span>
     <span class='ocr_line' id='line_1_41' title="bbox 457 3879 1775 3969; baseline 0.001 -28"><span class='ocrx_word' id='word_1_529' title='bbox 457 3911 610 3969; x_wconf 62' lang='lat' dir='ltr'><strong>Lxxxffi</strong></span> <span class='ocrx_word' id='word_1_530' title='bbox 983 3879 1144 3957; x_wconf 86' lang='lat' dir='ltr'><strong>que&#39;luturi,</strong></span> <span class='ocrx_word' id='word_1_531' title='bbox 1158 3886 1358 3952; x_wconf 87' lang='lat' dir='ltr'><strong>constituimus,</strong></span> <span class='ocrx_word' id='word_1_532' title='bbox 1372 3893 1400 3940; x_wconf 87' lang='lat' dir='ltr'><strong>ct</strong></span> <span class='ocrx_word' id='word_1_533' title='bbox 1418 3893 1513 3942; x_wconf 91' lang='lat' dir='ltr'><strong>nostra</strong></span> <span class='ocrx_word' id='word_1_534' title='bbox 1528 3886 1661 3956; x_wconf 88' lang='lat' dir='ltr'><strong>imperiali</strong></span> <span class='ocrx_word' id='word_1_535' title='bbox 1680 3895 1775 3942; x_wconf 89' lang='lat' dir='ltr'><strong>aueto-</strong></span> 
     </span>
    </p>

    <p class='ocr_par' dir='ltr' id='par_1_8' title="bbox 314 3974 1778 4061">
     <span class='ocr_line' id='line_1_42' title="bbox 314 3974 1778 4061; baseline 0 -30"><span class='ocrx_word' id='word_1_536' title='bbox 314 4020 364 4061; x_wconf 63' lang='lat' dir='ltr'><em>m</em></span> <span class='ocrx_word' id='word_1_537' title='bbox 378 4019 552 4061; x_wconf 55' lang='lat' dir='ltr'><strong>mmmm</strong></span> <span class='ocrx_word' id='word_1_538' title='bbox 570 4017 754 4059; x_wconf 44' lang='lat' dir='ltr'><strong>numm,</strong></span> <span class='ocrx_word' id='word_1_539' title='bbox 985 3977 1065 4032; x_wconf 88' lang='lat' dir='ltr'><strong>ritate</strong></span> <span class='ocrx_word' id='word_1_540' title='bbox 1079 3976 1243 4046; x_wconf 88' lang='lat' dir='ltr'><strong>percipimus</strong></span> <span class='ocrx_word' id='word_1_541' title='bbox 1258 3974 1463 4049; x_wconf 55' lang='lat' dir='ltr'><strong>[precipimusp</strong></span> <span class='ocrx_word' id='word_1_542' title='bbox 1477 3983 1506 4030; x_wconf 90' lang='lat' dir='ltr'><strong>ut</strong></span> <span class='ocrx_word' id='word_1_543' title='bbox 1521 3975 1578 4045; x_wconf 89' lang='lat' dir='ltr'><strong>ipse</strong></span> <span class='ocrx_word' id='word_1_544' title='bbox 1590 3976 1737 4031; x_wconf 91' lang='lat' dir='ltr'><strong>advocatus</strong></span> <span class='ocrx_word' id='word_1_545' title='bbox 1750 3976 1778 4031; x_wconf 89' lang='lat' dir='ltr'><strong>in</strong></span> 
     </span>
    </p>

    <p class='ocr_par' dir='ltr' id='par_1_9' title="bbox 360 4064 1778 4170">
     <span class='ocr_line' id='line_1_43' title="bbox 360 4064 1778 4170; baseline -0.001 -49"><span class='ocrx_word' id='word_1_546' title='bbox 360 4098 384 4170; x_wconf 70' lang='lat'><strong>(³</strong></span> <span class='ocrx_word' id='word_1_547' title='bbox 395 4099 471 4152; x_wconf 63' lang='lat' dir='ltr'><strong>Am</strong></span> <span class='ocrx_word' id='word_1_548' title='bbox 484 4096 547 4162; x_wconf 45' lang='lat'><strong>3¹9,</strong></span> <span class='ocrx_word' id='word_1_549' title='bbox 559 4096 636 4152; x_wconf 56' lang='lat' dir='ltr'><strong>mn</strong></span> <span class='ocrx_word' id='word_1_550' title='bbox 651 4095 710 4166; x_wconf 38' lang='grc' dir='ltr'><strong>ῃ.)</strong></span> <span class='ocrx_word' id='word_1_551' title='bbox 984 4068 1043 4123; x_wconf 91' lang='lat' dir='ltr'><strong>loeo</strong></span> <span class='ocrx_word' id='word_1_552' title='bbox 1056 4081 1137 4138; x_wconf 87' lang='lat' dir='ltr'><strong>supra</strong></span> <span class='ocrx_word' id='word_1_553' title='bbox 1152 4075 1302 4122; x_wconf 86' lang='lat' dir='ltr'><strong>memorato</strong></span> <span class='ocrx_word' id='word_1_554' title='bbox 1318 4065 1419 4121; x_wconf 92' lang='lat' dir='ltr'><strong>nullum</strong></span> <span class='ocrx_word' id='word_1_555' title='bbox 1433 4064 1478 4136; x_wconf 83' lang='lat' dir='ltr'><strong>jus</strong></span> <span class='ocrx_word' id='word_1_556' title='bbox 1493 4066 1593 4121; x_wconf 89' lang='lat' dir='ltr'><strong>babeat</strong></span> <span class='ocrx_word' id='word_1_557' title='bbox 1614 4064 1778 4136; x_wconf 87' lang='lat' dir='ltr'><strong>placitandi,</strong></span> 
     </span>
    </p>
   </div>
   <div class='ocr_carea' id='block_1_7' title="bbox 137 4156 1779 4334">
    <p class='ocr_par' dir='ltr' id='par_1_10' title="bbox 137 4156 1779 4334">
     <span class='ocr_line' id='line_1_44' title="bbox 137 4156 1779 4266; baseline -0.004 -45"><span class='ocrx_word' id='word_1_558' title='bbox 137 4190 226 4266; x_wconf 53' lang='lat' dir='ltr'><strong>[Apud</strong></span> <span class='ocrx_word' id='word_1_559' title='bbox 242 4191 380 4261; x_wconf 39' lang='lat' dir='ltr'><strong>Nema„</strong></span> <span class='ocrx_word' id='word_1_560' title='bbox 394 4189 484 4245; x_wconf 61' lang='lat' dir='ltr'><strong>Com</strong></span> <span class='ocrx_word' id='word_1_561' title='bbox 505 4189 702 4256; x_wconf 51' lang='lat' dir='ltr'><strong><em>Amnum</em></strong></span> <span class='ocrx_word' id='word_1_562' title='bbox 724 4204 751 4261; x_wconf 39' lang='lat' dir='ltr'><strong>p·</strong></span> <span class='ocrx_word' id='word_1_563' title='bbox 772 4189 815 4254; x_wconf 50' lang='grc' dir='ltr'><strong>Π,</strong></span> <span class='ocrx_word' id='word_1_564' title='bbox 830 4201 862 4244; x_wconf 55' lang='lat' dir='ltr'><strong>ex</strong></span> <span class='ocrx_word' id='word_1_565' title='bbox 881 4187 932 4242; x_wconf 61' lang='lat' dir='ltr'><strong>Lu,</strong></span> <span class='ocrx_word' id='word_1_566' title='bbox 983 4156 1026 4214; x_wconf 77' lang='lat' dir='ltr'><strong>tet</strong></span> <span class='ocrx_word' id='word_1_567' title='bbox 1048 4157 1166 4229; x_wconf 90' lang='lat' dir='ltr'><strong>aliquam</strong></span> <span class='ocrx_word' id='word_1_568' title='bbox 1185 4157 1359 4227; x_wconf 81' lang='lat' dir='ltr'><strong>jutlrciariam</strong></span> <span class='ocrx_word' id='word_1_569' title='bbox 1374 4166 1535 4229; x_wconf 88' lang='lat' dir='ltr'><strong>potestatem</strong></span> <span class='ocrx_word' id='word_1_570' title='bbox 1550 4157 1710 4224; x_wconf 84' lang='lat' dir='ltr'><strong>exercendi,</strong></span> <span class='ocrx_word' id='word_1_571' title='bbox 1726 4159 1779 4214; x_wconf 87' lang='lat' dir='ltr'><strong>nisi</strong></span> 
     </span>
     <span class='ocr_line' id='line_1_45' title="bbox 208 4248 1779 4334; baseline -0.004 -23"><span class='ocrx_word' id='word_1_572' title='bbox 208 4264 262 4333; x_wconf 59' lang='grc' dir='ltr'><strong>ηις.</strong></span> <span class='ocrx_word' id='word_1_573' title='bbox 279 4261 383 4334; x_wconf 68' lang='grc' dir='ltr'><strong>3ρὶεὶι.,</strong></span> <span class='ocrx_word' id='word_1_574' title='bbox 397 4269 468 4332; x_wconf 78' lang='lat' dir='ltr'><strong>part,</strong></span> <span class='ocrx_word' id='word_1_575' title='bbox 482 4277 524 4328; x_wconf 91' lang='lat' dir='ltr'><strong>ut,</strong></span> <span class='ocrx_word' id='word_1_576' title='bbox 537 4276 598 4332; x_wconf 72' lang='lat' dir='ltr'><strong>cap,</strong></span> <span class='ocrx_word' id='word_1_577' title='bbox 610 4261 637 4326; x_wconf 80' lang='lat'><strong>7,</strong></span> <span class='ocrx_word' id='word_1_578' title='bbox 651 4261 684 4315; x_wconf 66' lang='lat' dir='ltr'><strong>ne</strong></span> <span class='ocrx_word' id='word_1_579' title='bbox 698 4259 858 4331; x_wconf 69' lang='lat' dir='ltr'><strong>astartem.]</strong></span> <span class='ocrx_word' id='word_1_580' title='bbox 984 4248 1054 4305; x_wconf 90' lang='lat' dir='ltr'><strong>lorte</strong></span> <span class='ocrx_word' id='word_1_581' title='bbox 1068 4250 1102 4305; x_wconf 90' lang='lat' dir='ltr'><strong>ab</strong></span> <span class='ocrx_word' id='word_1_582' title='bbox 1116 4248 1253 4305; x_wconf 90' lang='lat' dir='ltr'><strong>abbatissa</strong></span> <span class='ocrx_word' id='word_1_583' title='bbox 1267 4258 1381 4306; x_wconf 89' lang='lat' dir='ltr'><strong>vocatus</strong></span> <span class='ocrx_word' id='word_1_584' title='bbox 1398 4249 1548 4316; x_wconf 86' lang='lat' dir='ltr'><strong>advenerit,</strong></span> <span class='ocrx_word' id='word_1_585' title='bbox 1563 4257 1591 4306; x_wconf 87' lang='lat' dir='ltr'><strong>et</strong></span> <span class='ocrx_word' id='word_1_586' title='bbox 1606 4257 1671 4306; x_wconf 88' lang='lat' dir='ltr'><strong>tunc</strong></span> <span class='ocrx_word' id='word_1_587' title='bbox 1683 4249 1779 4304; x_wconf 84' lang='lat' dir='ltr'><strong>volun·</strong></span> 
     </span>
    </p>
   </div>
   <div class='ocr_carea' id='block_1_8' title="bbox 137 4342 1780 4607">
    <p class='ocr_par' dir='ltr' id='par_1_11' title="bbox 137 4342 1780 4607">
     <span class='ocr_line' id='line_1_46' title="bbox 172 4342 1780 4413; baseline -0.005 -8"><span class='ocrx_word' id='word_1_588' title='bbox 172 4354 324 4410; x_wconf 84' lang='lat' dir='ltr'><strong>innomine</strong></span> <span class='ocrx_word' id='word_1_589' title='bbox 339 4354 445 4410; x_wconf 82' lang='lat' dir='ltr'><strong>Domini</strong></span> <span class='ocrx_word' id='word_1_590' title='bbox 469 4354 518 4411; x_wconf 75' lang='lat' dir='ltr'><strong>Dei</strong></span> <span class='ocrx_word' id='word_1_591' title='bbox 530 4362 557 4410; x_wconf 76' lang='lat' dir='ltr'><strong>et</strong></span> <span class='ocrx_word' id='word_1_592' title='bbox 579 4353 730 4410; x_wconf 67' lang='lat' dir='ltr'><strong>salvatoris</strong></span> <span class='ocrx_word' id='word_1_593' title='bbox 755 4353 841 4409; x_wconf 70' lang='lat' dir='ltr'><strong>nostri</strong></span> <span class='ocrx_word' id='word_1_594' title='bbox 866 4350 932 4408; x_wconf 65' lang='lat' dir='ltr'><strong>iesu</strong></span> <span class='ocrx_word' id='word_1_595' title='bbox 985 4343 1043 4409; x_wconf 89' lang='lat' dir='ltr'><strong>tati,</strong></span> <span class='ocrx_word' id='word_1_596' title='bbox 1059 4343 1115 4398; x_wconf 85' lang='lat' dir='ltr'><strong>sive</strong></span> <span class='ocrx_word' id='word_1_597' title='bbox 1131 4342 1254 4412; x_wconf 90' lang='lat' dir='ltr'><strong>petitioni</strong></span> <span class='ocrx_word' id='word_1_598' title='bbox 1268 4343 1353 4413; x_wconf 89' lang='lat' dir='ltr'><strong>ipsius</strong></span> <span class='ocrx_word' id='word_1_599' title='bbox 1371 4342 1551 4409; x_wconf 58' lang='lat' dir='ltr'><strong>satisfecerim</strong></span> <span class='ocrx_word' id='word_1_600' title='bbox 1575 4349 1699 4412; x_wconf 89' lang='lat' dir='ltr'><strong>sumptus</strong></span> <span class='ocrx_word' id='word_1_601' title='bbox 1712 4355 1780 4397; x_wconf 88' lang='lat' dir='ltr'><strong>vero</strong></span> 
     </span>
     <span class='ocr_line' id='line_1_47' title="bbox 137 4418 1778 4517; baseline -0.007 -15"><span class='ocrx_word' id='word_1_602' title='bbox 137 4445 248 4513; x_wconf 72' lang='lat' dir='ltr'><strong>bbristi,</strong></span> <span class='ocrx_word' id='word_1_603' title='bbox 260 4444 423 4512; x_wconf 89' lang='lat' dir='ltr'><strong>Ludovicus,</strong></span> <span class='ocrx_word' id='word_1_604' title='bbox 435 4447 525 4501; x_wconf 87' lang='lat' dir='ltr'><strong>divina</strong></span> <span class='ocrx_word' id='word_1_605' title='bbox 539 4447 689 4517; x_wconf 87' lang='lat' dir='ltr'><strong>inspirante</strong></span> <span class='ocrx_word' id='word_1_606' title='bbox 699 4445 932 4513; x_wconf 54' lang='lat' dir='ltr'><strong>clementinam·</strong></span> <span class='ocrx_word' id='word_1_607' title='bbox 944 4418 971 4479; x_wconf 77' lang='lat' dir='ltr'>D</span> <span class='ocrx_word' id='word_1_608' title='bbox 984 4435 1026 4492; x_wconf 74' lang='lat' dir='ltr'><strong>vei</strong></span> <span class='ocrx_word' id='word_1_609' title='bbox 1047 4435 1150 4491; x_wconf 71' lang='lat' dir='ltr'><strong>servilii</strong></span> <span class='ocrx_word' id='word_1_610' title='bbox 1166 4441 1271 4489; x_wconf 73' lang='lat' dir='ltr'><strong>linium</strong></span> <span class='ocrx_word' id='word_1_611' title='bbox 1286 4434 1366 4490; x_wconf 76' lang='lat' dir='ltr'><strong>delur</strong></span> <span class='ocrx_word' id='word_1_612' title='bbox 1389 4435 1521 4489; x_wconf 72' lang='lat' dir='ltr'><strong>advocaw</strong></span> <span class='ocrx_word' id='word_1_613' title='bbox 1540 4447 1574 4487; x_wconf 73' lang='lat' dir='ltr'><strong>ex</strong></span> <span class='ocrx_word' id='word_1_614' title='bbox 1595 4439 1672 4512; x_wconf 70' lang='lat' dir='ltr'><strong>parte</strong></span> <span class='ocrx_word' id='word_1_615' title='bbox 1693 4431 1778 4486; x_wconf 78' lang='lat' dir='ltr'><strong>abba-</strong></span> 
     </span>
     <span class='ocr_line' id='line_1_48' title="bbox 137 4522 1773 4607; baseline -0.009 -16"><span class='ocrx_word' id='word_1_616' title='bbox 137 4545 248 4606; x_wconf 90' lang='lat' dir='ltr'><strong>perator</strong></span> <span class='ocrx_word' id='word_1_617' title='bbox 262 4538 408 4607; x_wconf 77' lang='lat' dir='ltr'><strong>Augustus.</strong></span> <span class='ocrx_word' id='word_1_618' title='bbox 983 4526 1065 4591; x_wconf 64' lang='lat' dir='ltr'><strong>essm,</strong></span> <span class='ocrx_word' id='word_1_619' title='bbox 1081 4523 1115 4579; x_wconf 92' lang='lat' dir='ltr'><strong>ad</strong></span> <span class='ocrx_word' id='word_1_620' title='bbox 1129 4537 1349 4595; x_wconf 87' lang='lat' dir='ltr'><strong>unumquemque</strong></span> <span class='ocrx_word' id='word_1_621' title='bbox 1369 4522 1457 4580; x_wconf 90' lang='lat' dir='ltr'><strong>locum</strong></span> <span class='ocrx_word' id='word_1_622' title='bbox 1479 4524 1626 4578; x_wconf 87' lang='lat' dir='ltr'><strong>advocatus</strong></span> <span class='ocrx_word' id='word_1_623' title='bbox 1642 4535 1704 4576; x_wconf 91' lang='lat' dir='ltr'><strong>cum</strong></span> <span class='ocrx_word' id='word_1_624' title='bbox 1728 4534 1773 4576; x_wconf 85' lang='lat' dir='ltr'><strong>se·</strong></span> 
     </span>
    </p>
   </div>
   <div class='ocr_carea' id='block_1_9' title="bbox 136 4613 1781 4875">
    <p class='ocr_par' dir='ltr' id='par_1_12' title="bbox 136 4613 1781 4875">
     <span class='ocr_line' id='line_1_49' title="bbox 174 4613 1778 4696; baseline -0.002 -25"><span class='ocrx_word' id='word_1_625' title='bbox 174 4624 203 4680; x_wconf 77' lang='lat' dir='ltr'><strong>si</strong></span> <span class='ocrx_word' id='word_1_626' title='bbox 215 4624 281 4680; x_wconf 78' lang='lat' dir='ltr'><strong>iocis</strong></span> <span class='ocrx_word' id='word_1_627' title='bbox 298 4625 353 4681; x_wconf 71' lang='lat' dir='ltr'><strong>lieo</strong></span> <span class='ocrx_word' id='word_1_628' title='bbox 367 4626 464 4682; x_wconf 63' lang='lat' dir='ltr'><strong>dicaris</strong></span> <span class='ocrx_word' id='word_1_629' title='bbox 478 4627 616 4696; x_wconf 65' lang='lat' dir='ltr'><strong>quippiam</strong></span> <span class='ocrx_word' id='word_1_630' title='bbox 628 4627 750 4683; x_wconf 62' lang='lat' dir='ltr'><strong>muneris</strong></span> <span class='ocrx_word' id='word_1_631' title='bbox 765 4624 931 4681; x_wconf 68' lang='lat' dir='ltr'><strong>conserimus</strong></span> <span class='ocrx_word' id='word_1_632' title='bbox 983 4615 1036 4670; x_wconf 90' lang='lat' dir='ltr'><strong>mel</strong></span> <span class='ocrx_word' id='word_1_633' title='bbox 1057 4616 1084 4670; x_wconf 90' lang='lat' dir='ltr'><strong>in</strong></span> <span class='ocrx_word' id='word_1_634' title='bbox 1099 4628 1171 4669; x_wconf 87' lang='lat' dir='ltr'><strong>anno</strong></span> <span class='ocrx_word' id='word_1_635' title='bbox 1192 4613 1322 4684; x_wconf 88' lang='lat' dir='ltr'><strong>placitum</strong></span> <span class='ocrx_word' id='word_1_636' title='bbox 1339 4613 1475 4680; x_wconf 84' lang='lat' dir='ltr'><strong>habuerit,</strong></span> <span class='ocrx_word' id='word_1_637' title='bbox 1488 4621 1515 4669; x_wconf 90' lang='lat' dir='ltr'><strong>et</strong></span> <span class='ocrx_word' id='word_1_638' title='bbox 1528 4613 1671 4669; x_wconf 87' lang='lat' dir='ltr'><strong>duodecim</strong></span> <span class='ocrx_word' id='word_1_639' title='bbox 1693 4628 1778 4682; x_wconf 90' lang='lat' dir='ltr'><strong>eqnos</strong></span> 
     </span>
     <span class='ocr_line' id='line_1_50' title="bbox 136 4704 1777 4787; baseline -0.008 -13"><span class='ocrx_word' id='word_1_640' title='bbox 136 4723 166 4773; x_wconf 86' lang='lat' dir='ltr'><strong>et</strong></span> <span class='ocrx_word' id='word_1_641' title='bbox 186 4716 335 4786; x_wconf 85' lang='lat' dir='ltr'><strong>imperialis</strong></span> <span class='ocrx_word' id='word_1_642' title='bbox 354 4717 562 4787; x_wconf 84' lang='lat' dir='ltr'><strong>magnillccntiae</strong></span> <span class='ocrx_word' id='word_1_643' title='bbox 582 4733 686 4773; x_wconf 87' lang='lat' dir='ltr'><strong>rnorem</strong></span> <span class='ocrx_word' id='word_1_644' title='bbox 700 4717 884 4787; x_wconf 84' lang='lat' dir='ltr'><strong>exsequimur,</strong></span> <span class='ocrx_word' id='word_1_645' title='bbox 899 4732 932 4772; x_wconf 86' lang='lat' dir='ltr'><strong>ae</strong></span> <span class='ocrx_word' id='word_1_646' title='bbox 983 4707 1137 4773; x_wconf 78' lang='lat' dir='ltr'><strong>adduxerit,</strong></span> <span class='ocrx_word' id='word_1_647' title='bbox 1149 4712 1254 4762; x_wconf 89' lang='lat' dir='ltr'><strong>tantum</strong></span> <span class='ocrx_word' id='word_1_648' title='bbox 1265 4707 1380 4764; x_wconf 83' lang='lat' dir='ltr'><strong>honeste</strong></span> <span class='ocrx_word' id='word_1_649' title='bbox 1392 4715 1562 4778; x_wconf 90' lang='lat' dir='ltr'><strong>procuretur.</strong></span> <span class='ocrx_word' id='word_1_650' title='bbox 1571 4704 1679 4761; x_wconf 88' lang='lat' dir='ltr'><strong>Nullum</strong></span> <span class='ocrx_word' id='word_1_651' title='bbox 1693 4707 1777 4778; x_wconf 90' lang='lat' dir='ltr'><strong>placi-</strong></span> 
     </span>
     <span class='ocr_line' id='line_1_51' title="bbox 138 4792 1781 4875; baseline -0.004 -15"><span class='ocrx_word' id='word_1_652' title='bbox 138 4805 258 4860; x_wconf 88' lang='lat' dir='ltr'><strong>divinum</strong></span> <span class='ocrx_word' id='word_1_653' title='bbox 277 4820 326 4875; x_wconf 90' lang='lat' dir='ltr'><strong>per</strong></span> <span class='ocrx_word' id='word_1_654' title='bbox 346 4807 398 4862; x_wconf 89' lang='lat' dir='ltr'><strong>hoc</strong></span> <span class='ocrx_word' id='word_1_655' title='bbox 419 4807 497 4862; x_wconf 93' lang='lat' dir='ltr'><strong>nobis</strong></span> <span class='ocrx_word' id='word_1_656' title='bbox 516 4806 636 4863; x_wconf 81' lang='lat' dir='ltr'><strong>latorem</strong></span> <span class='ocrx_word' id='word_1_657' title='bbox 659 4806 766 4863; x_wconf 87' lang='lat' dir='ltr'><strong>lucilius</strong></span> <span class='ocrx_word' id='word_1_658' title='bbox 781 4806 930 4863; x_wconf 83' lang='lat' dir='ltr'><strong>conciliant·</strong></span> <span class='ocrx_word' id='word_1_659' title='bbox 982 4810 1040 4857; x_wconf 89' lang='lat' dir='ltr'><strong>tum</strong></span> <span class='ocrx_word' id='word_1_660' title='bbox 1053 4792 1332 4871; x_wconf 72' lang='lat' dir='ltr'><strong>praetervoluuta&#39;tem</strong></span> <span class='ocrx_word' id='word_1_661' title='bbox 1344 4799 1488 4855; x_wconf 88' lang='lat' dir='ltr'><strong>abbatissae</strong></span> <span class='ocrx_word' id='word_1_662' title='bbox 1506 4798 1781 4868; x_wconf 80' lang='lat' dir='ltr'><strong>usquamadvoeutus</strong></span> 
     </span>
    </p>
   </div>
   <div class='ocr_carea' id='block_1_10' title="bbox 136 4909 1779 5315">
    <p class='ocr_par' dir='ltr' id='par_1_13' title="bbox 136 4909 1779 5315">
     <span class='ocr_line' id='line_1_52' title="bbox 136 4909 1778 4992; baseline -0.007 -18"><span class='ocrx_word' id='word_1_663' title='bbox 136 4917 317 4984; x_wconf 84' lang='lat' dir='ltr'><strong>Garrdensem,</strong></span> <span class='ocrx_word' id='word_1_664' title='bbox 330 4921 408 4976; x_wconf 90' lang='lat' dir='ltr'><strong>titulo</strong></span> <span class='ocrx_word' id='word_1_665' title='bbox 429 4920 459 4978; x_wconf 88' lang='lat' dir='ltr'><strong>S.</strong></span> <span class='ocrx_word' id='word_1_666' title='bbox 473 4918 584 4975; x_wconf 82' lang='lat' dir='ltr'><strong>loannis</strong></span> <span class='ocrx_word' id='word_1_667' title='bbox 598 4921 625 4975; x_wconf 91' lang='lat' dir='ltr'><strong>in</strong></span> <span class='ocrx_word' id='word_1_668' title='bbox 641 4920 748 4975; x_wconf 90' lang='lat' dir='ltr'><strong>titulum</strong></span> <span class='ocrx_word' id='word_1_669' title='bbox 766 4919 795 4974; x_wconf 85' lang='lat' dir='ltr'><strong>S.</strong></span> <span class='ocrx_word' id='word_1_670' title='bbox 812 4918 929 4974; x_wconf 77' lang='lat' dir='ltr'><strong>Batonis</strong></span> <span class='ocrx_word' id='word_1_671' title='bbox 984 4909 1233 4982; x_wconf 88' lang='lat' dir='ltr'><strong>Bucbaugiensibus</strong></span> <span class='ocrx_word' id='word_1_672' title='bbox 1250 4911 1484 4977; x_wconf 86' lang='lat' dir='ltr'><strong>nancisceremur;</strong></span> <span class='ocrx_word' id='word_1_673' title='bbox 1498 4910 1547 4966; x_wconf 89' lang='lat' dir='ltr'><strong>sed</strong></span> <span class='ocrx_word' id='word_1_674' title='bbox 1560 4909 1707 4966; x_wconf 89' lang='lat' dir='ltr'><strong>incassum.</strong></span> <span class='ocrx_word' id='word_1_675' title='bbox 1769 4968 1778 4992; x_wconf 38' lang='grc' dir='ltr'><strong><em>Ι</em></strong></span> 
     </span>
     <span class='ocr_line' id='line_1_53' title="bbox 138 4977 1777 5062; baseline -0.004 -19"><span class='ocrx_word' id='word_1_676' title='bbox 138 4995 258 5052; x_wconf 78' lang='lat' dir='ltr'><strong>ulutate,</strong></span> <span class='ocrx_word' id='word_1_677' title='bbox 301 5007 332 5044; x_wconf 89' lang='lat' dir='ltr'><strong>cr</strong></span> <span class='ocrx_word' id='word_1_678' title='bbox 351 4992 473 5061; x_wconf 74' lang='lat' dir='ltr'><strong>eiusdem</strong></span> <span class='ocrx_word' id='word_1_679' title='bbox 495 4990 633 5062; x_wconf 88' lang='lat' dir='ltr'><strong>pontilicis</strong></span> <span class='ocrx_word' id='word_1_680' title='bbox 656 4991 805 5046; x_wconf 89' lang='lat' dir='ltr'><strong>decretum.</strong></span> <span class='ocrx_word' id='word_1_681' title='bbox 826 4989 931 5044; x_wconf 83' lang='lat' dir='ltr'><strong>Exinde</strong></span> <span class='ocrx_word' id='word_1_682' title='bbox 1020 4984 1034 5023; x_wconf 73' lang='lat' dir='ltr'>b</span> <span class='ocrx_word' id='word_1_683' title='bbox 1052 4981 1162 5037; x_wconf 84' lang='lat' dir='ltr'><strong>insolita</strong></span> <span class='ocrx_word' id='word_1_684' title='bbox 1175 4978 1301 5035; x_wconf 78' lang='lat' dir='ltr'><strong>formula.</strong></span> <span class='ocrx_word' id='word_1_685' title='bbox 1322 4980 1573 5036; x_wconf 80' lang='lat' dir='ltr'><strong>Gontmunlorante</strong></span> <span class='ocrx_word' id='word_1_686' title='bbox 1591 4979 1720 5060; x_wconf 83' lang='lat' dir='ltr'><strong>Ludovici</strong></span> <span class='ocrx_word' id='word_1_687' title='bbox 1736 4977 1777 5036; x_wconf 83' lang='lat' dir='ltr'><strong>Pit</strong></span> 
     </span>
     <span class='ocr_line' id='line_1_54' title="bbox 138 5006 1777 5134; baseline -0.007 -20"><span class='ocrx_word' id='word_1_688' title='bbox 138 5058 208 5114; x_wconf 87' lang='lat' dir='ltr'><strong>Pbili</strong></span> <span class='ocrx_word' id='word_1_689' title='bbox 227 5075 261 5129; x_wconf 91' lang='lat' dir='ltr'><strong>po</strong></span> <span class='ocrx_word' id='word_1_690' title='bbox 274 5006 369 5131; x_wconf 72' lang='lat' dir='ltr'><strong>lirege</strong></span> <span class='ocrx_word' id='word_1_691' title='bbox 382 5062 525 5128; x_wconf 82' lang='lat' dir='ltr'><strong>catholico,</strong></span> <span class='ocrx_word' id='word_1_692' title='bbox 540 5063 631 5118; x_wconf 84' lang='lat' dir='ltr'><strong>Caroli</strong></span> <span class='ocrx_word' id='word_1_693' title='bbox 647 5061 712 5128; x_wconf 90' lang='lat' dir='ltr'><strong>lilio,</strong></span> <span class='ocrx_word' id='word_1_694' title='bbox 726 5070 848 5134; x_wconf 89' lang='lat' dir='ltr'><strong>rogante,</strong></span> <span class='ocrx_word' id='word_1_695' title='bbox 862 5059 931 5114; x_wconf 79' lang='lat' dir='ltr'><strong>Pau·</strong></span> <span class='ocrx_word' id='word_1_696' title='bbox 984 5053 1148 5110; x_wconf 87' lang='lat' dir='ltr'><strong>amotionem</strong></span> <span class='ocrx_word' id='word_1_697' title='bbox 1164 5066 1182 5132; x_wconf 83' lang='lat' dir='ltr'><strong>a</strong></span> <span class='ocrx_word' id='word_1_698' title='bbox 1204 5067 1287 5132; x_wconf 85' lang='lat' dir='ltr'><strong>regno</strong></span> <span class='ocrx_word' id='word_1_699' title='bbox 1302 5069 1308 5106; x_wconf 92' lang='lat'>:</span> <span class='ocrx_word' id='word_1_700' title='bbox 1324 5052 1418 5107; x_wconf 70' lang='lat' dir='ltr'><strong>bisina</strong></span> <span class='ocrx_word' id='word_1_701' title='bbox 1434 5052 1572 5107; x_wconf 75' lang='lat' dir='ltr'><strong>ordinante</strong></span> <span class='ocrx_word' id='word_1_702' title='bbox 1593 5050 1777 5121; x_wconf 59' lang='lat' dir='ltr'><strong>provocarim·</strong></span> 
     </span>
     <span class='ocr_line' id='line_1_55' title="bbox 139 5076 1779 5202; baseline -0.001 -20"><span class='ocrx_word' id='word_1_703' title='bbox 139 5127 182 5184; x_wconf 86' lang='lat' dir='ltr'><strong>lus</strong></span> <span class='ocrx_word' id='word_1_704' title='bbox 195 5076 226 5184; x_wconf 74' lang='lat' dir='ltr'><strong>ti</strong></span> <span class='ocrx_word' id='word_1_705' title='bbox 241 5131 409 5202; x_wconf 85' lang='lat' dir='ltr'><strong>collegiatam</strong></span> <span class='ocrx_word' id='word_1_706' title='bbox 422 5132 451 5187; x_wconf 79' lang='lat' dir='ltr'><strong>S.</strong></span> <span class='ocrx_word' id='word_1_707' title='bbox 464 5131 579 5189; x_wconf 77' lang='lat' dir='ltr'><strong>bavonis</strong></span> <span class='ocrx_word' id='word_1_708' title='bbox 592 5133 734 5189; x_wconf 88' lang='lat' dir='ltr'><strong>ecclesiam</strong></span> <span class='ocrx_word' id='word_1_709' title='bbox 747 5147 811 5187; x_wconf 92' lang='lat' dir='ltr'><strong>auu.</strong></span> <span class='ocrx_word' id='word_1_710' title='bbox 822 5129 891 5186; x_wconf 75' lang='lat'><strong>{559</strong></span> <span class='ocrx_word' id='word_1_711' title='bbox 902 5131 930 5186; x_wconf 86' lang='lat' dir='ltr'><strong>in</strong></span> <span class='ocrx_word' id='word_1_712' title='bbox 985 5126 1072 5183; x_wconf 83' lang='lat' dir='ltr'><strong>rarior</strong></span> <span class='ocrx_word' id='word_1_713' title='bbox 1087 5141 1093 5177; x_wconf 75' lang='grc' dir='ltr'><em>τ</em></span> <span class='ocrx_word' id='word_1_714' title='bbox 1112 5123 1205 5178; x_wconf 73' lang='lat' dir='ltr'><strong>Divino</strong></span> <span class='ocrx_word' id='word_1_715' title='bbox 1219 5123 1357 5176; x_wconf 65' lang='lat' dir='ltr'><strong>orditionis</strong></span> <span class='ocrx_word' id='word_1_716' title='bbox 1370 5121 1516 5177; x_wconf 81' lang='lat' dir='ltr'><strong>clementia.</strong></span> <span class='ocrx_word' id='word_1_717' title='bbox 1530 5118 1594 5176; x_wconf 80' lang='lat' dir='ltr'><strong>Posi</strong></span> <span class='ocrx_word' id='word_1_718' title='bbox 1610 5134 1710 5175; x_wconf 78' lang='lat' dir='ltr'><strong>annum</strong></span> <span class='ocrx_word' id='word_1_719' title='bbox 1724 5120 1779 5176; x_wconf 72' lang='lat'><strong>855</strong></span> 
     </span>
     <span class='ocr_line' id='line_1_56' title="bbox 138 5192 1575 5315; baseline -0.007 -61"><span class='ocrx_word' id='word_1_720' title='bbox 138 5198 320 5255; x_wconf 84' lang='lat' dir='ltr'><strong>cathedralem</strong></span> <span class='ocrx_word' id='word_1_721' title='bbox 334 5201 433 5256; x_wconf 84' lang='lat' dir='ltr'><strong>evenit.</strong></span> <span class='ocrx_word' id='word_1_722' title='bbox 984 5196 1085 5254; x_wconf 77' lang='lat' dir='ltr'><strong>usitata</strong></span> <span class='ocrx_word' id='word_1_723' title='bbox 1098 5212 1104 5249; x_wconf 79' lang='grc' dir='ltr'><strong>ι</strong></span> <span class='ocrx_word' id='word_1_724' title='bbox 1119 5193 1215 5248; x_wconf 79' lang='lat' dir='ltr'><strong>Divino</strong></span> <span class='ocrx_word' id='word_1_725' title='bbox 1228 5194 1413 5315; x_wconf 56' lang='lat' dir='ltr'><strong>repangitt&#39;onte</strong></span> <span class='ocrx_word' id='word_1_726' title='bbox 1426 5192 1575 5248; x_wconf 76' lang='lat' dir='ltr'><strong>crementa.</strong></span> 
     </span>
    </p>
   </div>
   <div class='ocr_carea' id='block_1_11' title="bbox 175 5261 1421 5396">
    <p class='ocr_par' dir='ltr' id='par_1_14' title="bbox 175 5261 1421 5396">
     <span class='ocr_line' id='line_1_57' title="bbox 175 5261 1421 5396; baseline -0.007 -73"><span class='ocrx_word' id='word_1_727' title='bbox 175 5269 236 5324; x_wconf 77' lang='lat' dir='ltr'><strong>init</strong></span> <span class='ocrx_word' id='word_1_728' title='bbox 251 5279 340 5325; x_wconf 90' lang='lat' dir='ltr'><strong>autem</strong></span> <span class='ocrx_word' id='word_1_729' title='bbox 355 5279 465 5326; x_wconf 89' lang='lat' dir='ltr'><strong>sanetus</strong></span> <span class='ocrx_word' id='word_1_730' title='bbox 481 5271 554 5327; x_wconf 86' lang='lat' dir='ltr'><strong>Bavo</strong></span> <span class='ocrx_word' id='word_1_731' title='bbox 569 5272 675 5396; x_wconf 70' lang='lat' dir='ltr'><strong>Agilnlii</strong></span> <span class='ocrx_word' id='word_1_732' title='bbox 691 5273 719 5327; x_wconf 91' lang='lat' dir='ltr'><strong>in</strong></span> <span class='ocrx_word' id='word_1_733' title='bbox 734 5272 929 5329; x_wconf 88' lang='lat' dir='ltr'><strong>llasbaniaco-</strong></span> <span class='ocrx_word' id='word_1_734' title='bbox 1020 5261 1286 5333; x_wconf 76' lang='lat' dir='ltr'><strong>eill.,Brtcltuugto‚</strong></span> <span class='ocrx_word' id='word_1_735' title='bbox 1325 5263 1421 5317; x_wconf 82' lang='lat' dir='ltr'><strong>ttcbnu.</strong></span> 
     </span>
    </p>
   </div>
   <div class='ocr_carea' id='block_1_12' title="bbox 139 5330 1777 5764">
    <p class='ocr_par' dir='ltr' id='par_1_15' title="bbox 139 5330 1773 5410">
     <span class='ocr_line' id='line_1_58' title="bbox 139 5330 1773 5410; baseline -0.006 -15"><span class='ocrx_word' id='word_1_736' title='bbox 139 5340 215 5395; x_wconf 92' lang='lat' dir='ltr'><strong>mitis</strong></span> <span class='ocrx_word' id='word_1_737' title='bbox 231 5339 313 5405; x_wconf 75' lang='lat' dir='ltr'><strong>lilius,</strong></span> <span class='ocrx_word' id='word_1_738' title='bbox 336 5341 458 5410; x_wconf 87' lang='lat' dir='ltr'><strong>obiitque</strong></span> <span class='ocrx_word' id='word_1_739' title='bbox 481 5341 592 5397; x_wconf 85' lang='lat' dir='ltr'><strong>Gandar</strong></span> <span class='ocrx_word' id='word_1_740' title='bbox 626 5344 653 5396; x_wconf 94' lang='lat' dir='ltr'><strong>in</strong></span> <span class='ocrx_word' id='word_1_741' title='bbox 680 5343 844 5399; x_wconf 87' lang='lat' dir='ltr'><strong>monasterio</strong></span> <span class='ocrx_word' id='word_1_742' title='bbox 862 5358 877 5397; x_wconf 88' lang='lat' dir='ltr'><strong>o</strong></span> <span class='ocrx_word' id='word_1_743' title='bbox 901 5356 931 5397; x_wconf 87' lang='lat' dir='ltr'><strong>se</strong></span> <span class='ocrx_word' id='word_1_744' title='bbox 1018 5336 1098 5391; x_wconf 75' lang='lat' dir='ltr'><strong>iret</strong></span> <span class='ocrx_word' id='word_1_745' title='bbox 1119 5333 1257 5397; x_wconf 68' lang='lat' dir='ltr'><strong>federare,</strong></span> <span class='ocrx_word' id='word_1_746' title='bbox 1271 5333 1366 5386; x_wconf 84' lang='lat' dir='ltr'><strong>Latine</strong></span> <span class='ocrx_word' id='word_1_747' title='bbox 1387 5331 1460 5386; x_wconf 82' lang='lat' dir='ltr'><strong>laeua</strong></span> <span class='ocrx_word' id='word_1_748' title='bbox 1473 5330 1630 5402; x_wconf 78' lang='lat' dir='ltr'><strong>plumarius,</strong></span> <span class='ocrx_word' id='word_1_749' title='bbox 1649 5330 1685 5387; x_wconf 91' lang='lat' dir='ltr'><strong>ad</strong></span> <span class='ocrx_word' id='word_1_750' title='bbox 1705 5331 1773 5388; x_wconf 85' lang='lat' dir='ltr'><strong>dex·</strong></span> 
     </span>
    </p>

    <p class='ocr_par' dir='ltr' id='par_1_16' title="bbox 139 5403 1369 5483">
     <span class='ocr_line' id='line_1_59' title="bbox 139 5403 1369 5483; baseline -0.011 -19"><span class='ocrx_word' id='word_1_751' title='bbox 139 5410 253 5468; x_wconf 86' lang='lat' dir='ltr'><strong>lttndato</strong></span> <span class='ocrx_word' id='word_1_752' title='bbox 267 5426 330 5464; x_wconf 90' lang='lat' dir='ltr'><strong>ann.</strong></span> <span class='ocrx_word' id='word_1_753' title='bbox 345 5411 408 5473; x_wconf 75' lang='lat'><strong>630,</strong></span> <span class='ocrx_word' id='word_1_754' title='bbox 423 5421 452 5465; x_wconf 91' lang='lat' dir='ltr'><strong>nt</strong></span> <span class='ocrx_word' id='word_1_755' title='bbox 468 5409 627 5481; x_wconf 78' lang='lat' dir='ltr'><strong>sigebertus</strong></span> <span class='ocrx_word' id='word_1_756' title='bbox 645 5412 673 5466; x_wconf 90' lang='lat' dir='ltr'><strong>ln</strong></span> <span class='ocrx_word' id='word_1_757' title='bbox 687 5413 821 5469; x_wconf 85' lang='lat' dir='ltr'><strong>Clrronico</strong></span> <span class='ocrx_word' id='word_1_758' title='bbox 832 5427 932 5483; x_wconf 91' lang='lat' dir='ltr'><strong>suppu-</strong></span> <span class='ocrx_word' id='word_1_759' title='bbox 984 5416 1056 5462; x_wconf 90' lang='lat' dir='ltr'><strong>tram</strong></span> <span class='ocrx_word' id='word_1_760' title='bbox 1069 5403 1194 5459; x_wconf 85' lang='lat' dir='ltr'><strong>batrubii.</strong></span> <span class='ocrx_word' id='word_1_761' title='bbox 1363 5471 1369 5482; x_wconf 28' lang='grc' dir='ltr'><strong><em>ι</em></strong></span> 
     </span>
    </p>

    <p class='ocr_par' dir='ltr' id='par_1_17' title="bbox 140 5471 1776 5621">
     <span class='ocr_line' id='line_1_60' title="bbox 140 5471 1776 5550; baseline -0.011 -4"><span class='ocrx_word' id='word_1_762' title='bbox 140 5489 191 5545; x_wconf 65' lang='lat' dir='ltr'><strong>iii,</strong></span> <span class='ocrx_word' id='word_1_763' title='bbox 203 5490 332 5534; x_wconf 70' lang='lat'><strong>³¹¹121¹¹¹¹⁰</strong></span> <span class='ocrx_word' id='word_1_764' title='bbox 344 5481 610 5550; x_wconf 70' lang='lat' dir='ltr'><strong>bi⁰¹imesetitienii</strong></span> <span class='ocrx_word' id='word_1_765' title='bbox 1022 5489 1034 5517; x_wconf 69' lang='grc' dir='ltr'><strong>ο</strong></span> <span class='ocrx_word' id='word_1_766' title='bbox 1051 5474 1106 5540; x_wconf 81' lang='lat' dir='ltr'><strong>at,</strong></span> <span class='ocrx_word' id='word_1_767' title='bbox 1122 5473 1233 5542; x_wconf 80' lang='lat' dir='ltr'><strong>estrtpt&#39;a,</strong></span> <span class='ocrx_word' id='word_1_768' title='bbox 1247 5471 1289 5526; x_wconf 91' lang='lat' dir='ltr'><strong>vcl</strong></span> <span class='ocrx_word' id='word_1_769' title='bbox 1300 5482 1395 5543; x_wconf 76' lang='lat' dir='ltr'><strong>tsugto,</strong></span> <span class='ocrx_word' id='word_1_770' title='bbox 1410 5471 1517 5539; x_wconf 93' lang='lat' dir='ltr'><strong>domus,</strong></span> <span class='ocrx_word' id='word_1_771' title='bbox 1533 5472 1650 5540; x_wconf 90' lang='lat' dir='ltr'><strong>mansio,</strong></span> <span class='ocrx_word' id='word_1_772' title='bbox 1667 5471 1776 5529; x_wconf 87' lang='lat' dir='ltr'><strong>domici·</strong></span> 
     </span>
     <span class='ocr_line' id='line_1_61' title="bbox 178 5548 1190 5621; baseline -0.01 -17"><span class='ocrx_word' id='word_1_773' title='bbox 178 5566 191 5590; x_wconf 76' lang='lat'><strong>¹</strong></span> <span class='ocrx_word' id='word_1_774' title='bbox 209 5548 402 5621; x_wconf 81' lang='lat' dir='ltr'><strong>dpngrapbunt</strong></span> <span class='ocrx_word' id='word_1_775' title='bbox 435 5552 486 5605; x_wconf 90' lang='lat' dir='ltr'><strong>boc</strong></span> <span class='ocrx_word' id='word_1_776' title='bbox 521 5550 701 5621; x_wconf 83' lang='lat' dir='ltr'><strong>Lunigianum</strong></span> <span class='ocrx_word' id='word_1_777' title='bbox 725 5551 930 5608; x_wconf 87' lang='lat' dir='ltr'><strong>vitiosissimum</strong></span> <span class='ocrx_word' id='word_1_778' title='bbox 984 5548 1060 5610; x_wconf 92' lang='lat' dir='ltr'><strong>lium,</strong></span> <span class='ocrx_word' id='word_1_779' title='bbox 1080 5553 1190 5598; x_wconf 80' lang='lat' dir='ltr'><strong>arture.</strong></span> 
     </span>
    </p>

    <p class='ocr_par' dir='ltr' id='par_1_18' title="bbox 140 5609 1777 5692">
     <span class='ocr_line' id='line_1_62' title="bbox 140 5609 1777 5692; baseline -0.004 -17"><span class='ocrx_word' id='word_1_780' title='bbox 140 5634 204 5675; x_wconf 87' lang='lat' dir='ltr'><strong>esse</strong></span> <span class='ocrx_word' id='word_1_781' title='bbox 226 5635 305 5674; x_wconf 92' lang='lat' dir='ltr'><strong>nemo</strong></span> <span class='ocrx_word' id='word_1_782' title='bbox 324 5636 377 5675; x_wconf 93' lang='lat' dir='ltr'><strong>non</strong></span> <span class='ocrx_word' id='word_1_783' title='bbox 395 5621 505 5674; x_wconf 87' lang='lat' dir='ltr'><strong>vitlcbit.</strong></span> <span class='ocrx_word' id='word_1_784' title='bbox 529 5621 657 5675; x_wconf 85' lang='lat' dir='ltr'><strong>Deditnus</strong></span> <span class='ocrx_word' id='word_1_785' title='bbox 670 5622 761 5692; x_wconf 88' lang='lat' dir='ltr'><strong>itaque</strong></span> <span class='ocrx_word' id='word_1_786' title='bbox 776 5637 886 5692; x_wconf 89' lang='lat' dir='ltr'><strong>operam</strong></span> <span class='ocrx_word' id='word_1_787' title='bbox 903 5630 933 5675; x_wconf 89' lang='lat' dir='ltr'><strong>ut</strong></span> <span class='ocrx_word' id='word_1_788' title='bbox 1022 5616 1032 5655; x_wconf 79' lang='lat'><strong><em>¹</em></strong></span> <span class='ocrx_word' id='word_1_789' title='bbox 1052 5614 1149 5684; x_wconf 82' lang='lat' dir='ltr'><strong>Sulpcn</strong></span> <span class='ocrx_word' id='word_1_790' title='bbox 1163 5611 1205 5666; x_wconf 91' lang='lat' dir='ltr'><strong>vel</strong></span> <span class='ocrx_word' id='word_1_791' title='bbox 1221 5609 1337 5680; x_wconf 83' lang='lat' dir='ltr'><strong>Snulgett</strong></span> <span class='ocrx_word' id='word_1_792' title='bbox 1355 5613 1493 5684; x_wconf 89' lang='lat' dir='ltr'><strong>oppidum,</strong></span> <span class='ocrx_word' id='word_1_793' title='bbox 1506 5611 1672 5671; x_wconf 85' lang='lat' dir='ltr'><strong>domicilium</strong></span> <span class='ocrx_word' id='word_1_794' title='bbox 1692 5614 1777 5671; x_wconf 79' lang='lat' dir='ltr'><strong>conti-</strong></span> 
     </span>
    </p>

    <p class='ocr_par' dir='ltr' id='par_1_19' title="bbox 143 5687 1332 5764">
     <span class='ocr_line' id='line_1_63' title="bbox 143 5687 1332 5764; baseline -0.013 -19"><span class='ocrx_word' id='word_1_795' title='bbox 143 5691 231 5759; x_wconf 86' lang='lat' dir='ltr'><strong>aliud,</strong></span> <span class='ocrx_word' id='word_1_796' title='bbox 252 5693 419 5764; x_wconf 80' lang='lat' dir='ltr'><strong>autographo</strong></span> <span class='ocrx_word' id='word_1_797' title='bbox 433 5691 519 5764; x_wconf 86' lang='lat' dir='ltr'><strong>magis</strong></span> <span class='ocrx_word' id='word_1_798' title='bbox 539 5700 760 5761; x_wconf 83' lang='lat' dir='ltr'><strong>consentancum,</strong></span> <span class='ocrx_word' id='word_1_799' title='bbox 780 5707 814 5747; x_wconf 84' lang='lat' dir='ltr'><strong>es</strong></span> <span class='ocrx_word' id='word_1_800' title='bbox 835 5690 933 5749; x_wconf 86' lang='lat' dir='ltr'><strong>tabulis</strong></span> <span class='ocrx_word' id='word_1_801' title='bbox 985 5687 1020 5742; x_wconf 87' lang='lat' dir='ltr'><strong>tis</strong></span> <span class='ocrx_word' id='word_1_802' title='bbox 1035 5693 1190 5742; x_wconf 75' lang='lat' dir='ltr'><strong>nretnoratae</strong></span> <span class='ocrx_word' id='word_1_803' title='bbox 1202 5690 1332 5738; x_wconf 67' lang='lat' dir='ltr'><strong>cortrone.</strong></span> 
     </span>
    </p>
   </div>
   <div class='ocr_carea' id='block_1_13' title="bbox 0 0 1925 6116">
    <p class='ocr_par' dir='ltr' id='par_1_20' title="bbox 0 0 1925 6116">
     <span class='ocr_line' id='line_1_64' title="bbox 0 0 1925 6116; baseline 0 0"><span class='ocrx_word' id='word_1_804' title='bbox 0 0 1925 6116; x_wconf 95' lang='lat' dir='ltr'><strong> </strong></span> 
     </span>
    </p>
   </div>
  </div>
 </body>
</html>
