3832 6120
128 336 185 401 !l'l
611 332 640 391 8.
660 328 838 391 iconatui
855 330 1012 391 uetscoet
1029 321 1276 387 tudouutttsis
1712 328 1768 391 m

130 456 257 515 tierauda
270 459 345 519 runt,
363 456 439 506 tnttta
454 448 630 504 renuntians
643 448 754 503 intactae
768 446 918 511 servande,
933 442 1077 508 ,tratione
1090 438 1240 505 utentibus,
1261 448 1363 511 quanta
1387 454 1421 499 ss
1444 439 1488 495 iris
1512 439 1772 509 reprehensibiliter

131 558 159 607 et
185 562 246 605 eum
276 541 430 614 huiusmodi
457 539 638 597 consessionis
664 539 785 611 puritate
810 537 926 593 bomine
976 541 1006 588 et
1022 532 1113 587 trinus
1132 532 1264 587 decoriter
1275 540 1392 603 agantur
1403 531 1438 588 ab
1458 531 1503 586 bis
1511 532 1595 587 etiam
1609 546 1679 604 quan
1691 548 1773 611 ”iit

132 640 288 704 oiiercndae,
303 644 439 707 quatenus
452 633 502 690 liei
518 634 553 690 de
566 633 676 689 excelso
688 632 819 688 emiorum
833 645 927 701 respo·
975 623 1044 681 onla
1067 624 1100 679 ad
1123 622 1342 680 wicmannum
1363 622 1486 693 regimen
1510 623 1640 679 admittit.
1665 623 1773 693 eritm

131 741 202 795 eatis,
220 738 248 785 er
267 727 360 800 popuii
375 742 408 782 ae
421 735 502 781 terra
521 724 674 781 benedictio
695 724 800 796 possint
820 722 926 779 taetrius
976 714 1098 785 protero
1113 714 1188 769 omui
1206 713 1355 769 attenuans
1370 713 1509 783 pensanda
1524 722 1553 768 et
1565 717 1773 784 expavescenda

131 818 292 891 promereri.
975 806 1105 863 essetilia
1120 804 1267 870 seruientia,
1288 819 1341 874 qna
1364 819 1397 858 eu
1421 818 1515 859 corum
1536 820 1654 874 persona
1675 807 1774 865 beatus

166 908 286 967 itit'iii.
306 904 375 963 lluie
393 906 583 963 confessionis
598 904 711 959 bomrno
722 900 851 973 iniuncta
863 902 928 959 dde-
975 897 1027 954 lob
1037 898 1165 968 loquitur,
1179 898 1272 953 dicens
1285 915 1291 950 :
1305 894 1335 951 Si
1357 897 1496 951 aduersum
1511 912 1552 951 me
1565 906 1636 951 terra
1647 915 1706 955 mea
1717 898 1775 957 cla·

132 998 213 1067 libus,
241 1000 286 1056 iiia
311 1014 419 1072 quoque
441 996 564 1069 Apostoli
587 996 721 1051 sententia
745 1004 927 1068 congruenter
976 998 1041 1051 tuti.
1060 996 1085 1041 et
1099 1003 1159 1041 enm
1177 987 1235 1058 luit
1252 984 1318 1041 ttici
1337 985 1395 1054 titii
1413 984 1527 1053 leuem
1551 985 1695 1056 tilrrottts
1713 988 1775 1059 ejrtt

133 1092 206 1149 ualet
220 1092 341 1163 adiungi,
354 1105 408 1161 qua
422 1089 494 1145 lideli
516 1087 649 1159 discipulo
660 1088 801 1159 praecepit,
815 1088 924 1145 disens:
976 1074 1078 1131 comedi
1092 1076 1189 1146 absque
1202 1076 1325 1146 pecunia,
1340 1083 1364 1129 st
1378 1074 1495 1127 ttnituant
1516 1075 1695 1145 apricoiarattt
1714 1077 1775 1149 ejas

134 1184 164 1241 st
178 1185 235 1258 quis
251 1183 347 1254 fidelis,
363 1194 377 1223 ⁸
397 1181 437 1235 uel
448 1180 472 1235 st‘
484 1196 536 1253 qtta
546 1180 644 1250 fidelis,
657 1180 734 1234 ltabet
747 1180 852 1245 sidunt,
866 1179 928 1235 sui·
977 1170 1084 1241 “illidit
1108 1184 1156 1240 ΡΜ
1177 1168 1308 1239 [eumerus
1332 1167 1435 1223 “lalus
1449 1166 1515 1221 mill
1532 1167 1655 1233 mlviii,
1680 1179 1705 1225 ei
1724 1188 1776 1242 iiiii

134 1278 261 1331 rrrinistrrt
281 1273 345 1338 illis,
364 1282 389 1327 et
410 1288 462 1327 non
485 1280 609 1342 procetur
629 1269 760 1336 Ecclesia,
771 1281 801 1325 ut
814 1272 855 1325 iis
868 1287 928 1343 quar
977 1262 1074 1316 l⁸⁰lil⁰⁰
1095 1263 1183 1332 illim·
1199 1259 1229 1315 ¹¹¹
1242 1259 1342 1330 quibus
1354 1259 1444 1314 verbis
1459 1260 1585 1328 quamtis
1603 1269 1631 1316 01
1645 1262 1715 1321 nlius
1733 1262 1776 1319 in-

134 1389 191 1427 ture
215 1370 300 1426 ndum
317 1378 390 1433 suni,
411 1365 539 1435 sufficiat.
556 1363 608 1430 Qui
619 1362 682 1418 bene
696 1374 811 1435 prosunt
823 1364 929 1435 presby·
976 1354 1101 1409 1811531111·
1124 1350 1293 1416 lilii-'llecfflsst
1315 1349 1455 1421 per-turem
1476 1350 1511 1405 td
1530 1354 1778 1411 sslfllfflllfflllllllffi

134 1463 194 1528 teri,
209 1460 309 1531 duplici
324 1459 423 1512 bonore
436 1456 510 1526 diqm‘
529 1455 685 1519 lrabearrtnr,
706 1454 929 1528 masimeqrrila-
978 1445 1093 1501 &ilidii-'u
1117 1444 1214 1514 plebis,
1240 1458 1302 1499 cum
1325 1442 1425 1499 merito
1443 1442 1621 1511 conqueritur
1642 1445 1777 1505 turornis

135 1554 228 1608 borant
249 1552 276 1606 itt
296 1548 372 1605 uerbo
384 1558 408 1603 et
422 1547 554 1602 dartana.
579 1545 651 1601 llicit
672 1547 741 1601 enirn
767 1546 928 1617 Scriptura:
978 1547 1115 1607 tristitiem
1128 1537 1164 1592 ob
1178 1535 1370 1606 negligentium
1390 1536 1604 1605 predicationis,
1625 1536 1777 1611 rcl'impe·

135 1646 200 1700 Non
226 1641 372 1713 infrenabis
398 1658 426 1695 or
448 1640 505 1695 boui
530 1639 676 1694 trituranti.
700 1638 752 1694 Ei:
767 1639 868 1710 Dipnus
891 1648 930 1695 cst
979 1631 1100 1684 (limem
1121 1627 1308 1697 exeffiilffillm
1325 1626 1470 1693 malmin,
1488 1636 1578 1697 potest
1591 1636 1684 1685 lamen
1696 1640 1726 1689 et
1740 1632 1777 1691 nd

135 1733 272 1806 operarius
286 1732 403 1789 mercede
426 1748 486 1785 soa.
500 1728 529 1785 ln
544 1730 642 1800 quibus
654 1716 783 1785 rerbisld
795 1730 930 1801 praecipue
978 1736 1124 1793 iieiwssim
1139 1719 1332 1775 ecclesiisllcae
1355 1718 1466 1775 simili&
1480 1734 1535 1775 ³⁰¹¹
1553 1720 1777 1781 imonrenienrer

136 1827 257 1881 arbitror
276 1822 523 1885 considerandum,
547 1820 611 1891 quia
636 1821 660 1876 si
682 1820 763 1876 vitius
786 1819 930 1891 etrjusiiiet
944 1830 967 1888 Β
981 1810 1070 1880 aptari
1084 1826 1092 1863 t
1105 1824 1187 1880 quum
1211 1824 1273 1867 suut
1296 1808 1389 1879 iuique
1403 1823 1549 1879 perversus
1570 1822 1660 1883 pastor
1684 1814 1777 1885 oppri-

136 1916 233 1982 iideiis,
246 1917 281 1971 air
295 1913 340 1969 iiio
354 1920 397 1969 est
407 1912 594 1978 sustentanda,
608 1927 644 1966 ne
656 1918 785 1983 gratetur
795 1910 928 1975 Ecclesia,
981 1902 1041 1969 mit,
1056 1911 1085 1958 et
1096 1901 1207 1971 indique
1219 1900 1300 1955 rebus
1315 1899 1372 1957 lieo
1384 1901 1500 1957 sacratis
1513 1903 1645 1971 abutitur,
1659 1920 1778 1977 cumque

136 2005 322 2075 multomagis
336 2004 445 2058 aliunde
458 2002 721 2058 subministrantium
734 2001 801 2057 estb
817 2001 930 2057 canibus
981 2002 1086 2050 statum
1101 1999 1131 2049 et
1149 1992 1258 2048 illicitos
1278 1993 1417 2062 appetitus
1435 2008 1500 2049 suos
1514 2008 1547 2049 ac
1560 2009 1673 2051 suorum
1685 1996 1722 2053 ad
1735 1999 1778 2065 ja·

135 2104 163 2150 et
179 2081 301 2160 er‘raiiis,
318 2092 479 2161 caterisque
492 2099 547 2146 um
560 2091 700 2146 hominum
714 2106 795 2159 quam
807 2090 931 2145 mritnnn·
981 2085 1112 2141 stantiam
1131 2098 1299 2155 pompasque
1317 2084 1452 2140 mendacii
1470 2094 1596 2151 exornat,
1617 2087 1672 2143 imo
1685 2088 1779 2145 detur·

136 2185 205 2241 rium
224 2184 371 2248 ministris,
388 2198 448 2253 quse
460 2181 504 2239 rel
515 2180 549 2236 ad
566 2182 687 2245 delicias,
705 2181 746 2236 rei
759 2181 792 2235 ati
806 2194 929 2253 pompas,
979 2187 1038 2251 pat,
1050 2194 1105 2234 non
1116 2176 1176 2233 sola
1188 2175 1319 2242 Ecclesia,
1331 2176 1377 2233 cui
1391 2177 1450 2248 ipsc
1461 2185 1573 2249 praest,
1583 2177 1634 2235 sed
1644 2186 1672 2233 et
1681 2194 1779 2239 omnes

138 2288 283 2348 turpesque
299 2273 393 2346 iocos,
420 2290 436 2329 a
462 2273 590 2330 diuitibus
612 2274 796 2344 possidentur.
821 2273 856 2329 tit
878 2274 931 2329 boe
981 2272 1028 2342 qui
1042 2285 1149 2327 morum
1163 2270 1236 2325 iliius
1250 2268 1392 2325 leuitatem
1406 2279 1585 2341 cognoscunt,
1604 2271 1641 2327 ad
1655 2286 1779 2329 murmu-

137 2368 208 2432 idea,
224 2382 258 2423 ne
272 2366 422 2422 Ecclesiam
442 2364 491 2420 liei
512 2380 566 2421 non
589 2365 676 2421 solum
696 2374 821 2434 pauent,
836 2379 932 2422 rernm
982 2363 1116 2419 rationem
1126 2362 1383 2433 derogationemque
1393 2372 1489 2417 eontra
1502 2363 1633 2434 ejusmodi
1643 2372 1778 2423 rectorem

136 2463 220 2519 etiam
240 2468 356 2524 vastent,
377 2458 553 2529 funditusque
573 2459 745 2529 pretiantur.
764 2454 793 2513 in
815 2472 933 2527 namquo
982 2455 1146 2511 excitantur.
1163 2453 1238 2511 stite
1262 2453 1336 2519 talis,
1350 2454 1458 2509 etiamsi
1471 2456 1672 2526 praedicationis
1685 2466 1780 2531 eroget

137 2554 220 2610 nimis
229 2567 290 2609 esse
303 2548 426 2608 illicitum
447 2564 502 2606 non
515 2551 567 2605 irae
584 2550 642 2604 saia
659 2548 794 2605 sentmtia
812 2548 934 2605 ostendi·
981 2547 1136 2619 pecuniam,
1156 2549 1192 2603 ob
1212 2545 1335 2603 carnales
1352 2555 1445 2603 tamen
1464 2548 1559 2604 libitus
1574 2557 1603 2604 et
1621 2549 1779 2609 indecentes

137 2654 192 2710 tur,
217 2644 266 2700 sed
287 2641 433 2698 multifarie
458 2642 487 2696 in
509 2648 567 2696 toto
587 2639 737 2711 Scriptura
754 2641 853 2696 diviua
873 2654 934 2695 eor·
983 2650 1062 2699 actus
1074 2658 1128 2698 non
1144 2650 1235 2713 potest
1246 2648 1377 2699 suturam
1390 2643 1506 2699 evadere
1519 2658 1638 2715 pernam,
1651 2647 1717 2717 quin
1728 2662 1780 2719 pro

136 2748 204 2808 pore
234 2734 464 2790 demonstratur:
486 2730 533 2786 ubi
557 2744 612 2786 non
638 2731 725 2786 solum
750 2731 931 2801 praet'ariean·
983 2735 1209 2792 delectationibus
1222 2734 1447 2806 ritaeprtesentis,
1461 2744 1624 2793 muraneum
1636 2752 1779 2810 paenarum

138 2827 207 2882 tium
223 2839 321 2897 poenae,
346 2825 394 2880 sed
416 2823 651 2878 remunerationes
675 2822 792 2878 tideliter
814 2832 934 2880 tractan-
983 2826 1022 2883 iiii
1032 2828 1195 2898 punctiones
1206 2827 1341 2883 oriantur.

138 2918 207 2973 tium
220 2930 266 2973 res
279 2915 396 2970 bomine
409 2920 596 2979 consecratas,
616 2912 709 2968 multis
724 2914 813 2970 modis
831 2914 935 2971 descri—
1019 2918 1105 2974 xxii.
1124 2917 1179 2974 Nec
1193 2926 1284 2974 tamen
1301 2920 1360 2975 bare
1378 2922 1512 2976 mumistia
1526 2919 1599 2977 solos
1613 2937 1714 2993 pratos
1725 2922 1781 2997 epi·

139 3010 251 3065 inrntur.
984 3024 1092 3080 scopos,
1107 3009 1291 3080 presbyteros,
1316 3010 1359 3065 rei
1378 3010 1493 3067 abbates
1509 3013 1638 3081 percutit,
1654 3023 1683 3069 et
1695 3014 1781 3072 iniens

174 3097 272 3156 xxix.
302 3099 462 3171 Quicunque
488 3107 578 3155 autem
601 3113 670 3169 opus
693 3099 744 3155 boc
766 3098 883 3157 lectione
905 3110 933 3158 et
985 3100 1106 3157 indebite
1124 3099 1316 3155 ecelesiasticis
1338 3100 1420 3156 rebus
1439 3110 1550 3158 utentes
1569 3118 1682 3159 securos
1698 3104 1782 3161 relin-

139 3192 358 3247 eonsideratione
372 3191 483 3262 dignum
497 3189 617 3257 duxerit,
633 3191 739 3246 nouerit
752 3193 863 3249 omnino
878 3209 933 3250 non
942 3190 970 3253 ‚C
985 3192 1052 3261 quii.
1067 3190 1172 3259 Quibus
1194 3190 1260 3246 iilud
1280 3206 1454 3261 summopere
1467 3190 1519 3248 boc
1536 3191 1597 3247 ineo
1610 3194 1781 3262 pensandum

140 3282 199 3338 base
221 3296 271 3337 nos
294 3282 328 3337 de
348 3280 413 3337 solis
427 3279 504 3336 iaicis
525 3280 628 3347 dicere,
644 3292 656 3321 0
672 3282 817 3337 sedetiam
832 3284 865 3340 tie
877 3285 935 3355 epi-
985 3289 1044 3347 est;
1059 3282 1124 3353 quia
1135 3282 1159 3337 si
1172 3282 1196 3337 is
1209 3297 1289 3352 quem
1304 3290 1443 3352 utcunque
1455 3282 1523 3338 ordo
1537 3293 1665 3353 aceeptus
1675 3286 1717 3341 uel
1730 3286 1783 3343 im-

140 3375 241 3445 scopis,
265 3374 419 3435 abbatibus,
442 3372 533 3429 “siue
555 3372 717 3444 quibusdam
742 3375 859 3441 clericis,
888 3378 935 3448 qui
985 3388 1070 3446 pensa
1091 3373 1249 3445 praedicatio
1274 3373 1449 3439 comitantur,
1473 3382 1585 3444 propter
1598 3373 1783 3433 laseirinrrl'et

140 3463 215 3519 sbud
233 3461 337 3519 iaciunt
350 3462 385 3519 de
399 3462 552 3534 saepedictis
564 3464 649 3520 saeris
663 3465 754 3530 robus,
769 3482 850 3537 quam
863 3468 936 3537 quoti
986 3465 1073 3535 turpis
1084 3463 1154 3520 lucri
1170 3464 1321 3535 appetitum
1333 3464 1405 3520 malo
1418 3480 1468 3520 suo
1480 3464 1590 3519 easdem
1605 3480 1650 3520 res
1664 3466 1692 3520 in
1707 3480 1784 3522 rann·

140 3555 295 3612 laeiendum
307 3562 360 3621 est,
374 3563 422 3610 aut
437 3555 517 3611 aliter
534 3572 582 3613 eas
594 3570 676 3626 quarn
693 3573 708 3611 a
726 3555 782 3613 beo
795 3566 824 3614 et
835 3561 937 3617 sanetis
986 3573 1083 3613 munes
1101 3554 1167 3611 risus
1187 3556 1332 3627 expendit,
1354 3554 1399 3610 iile
1412 3555 1459 3624 qui
1473 3570 1524 3611 nec
1541 3556 1723 3612 ministerium
1739 3570 1784 3613 ec-

140 3648 263 3719 pntribus
279 3660 312 3703 ae
326 3646 479 3702 rectoribus
495 3646 672 3703 constitutum
684 3656 736 3713 est,
751 3655 878 3704 tractant.
895 3650 934 3706 lle
987 3649 1169 3707 clesiasticnm
1184 3648 1299 3705 sortitur
1317 3648 1361 3703 rei
1377 3645 1547 3717 exsequliur,
1569 3662 1619 3703 nec
1638 3648 1783 3718 pecuniam

140 3752 195 3809 qua
208 3752 239 3793 re
250 3752 305 3793 nnn
320 3744 364 3792 est
375 3751 497 3803 necesse,
522 3736 556 3792 ad
578 3736 663 3791 multa
682 3737 841 3807 dicentium,
856 3740 935 3797 nobis
987 3740 1063 3798 uerbi
1078 3747 1183 3811 erogat,
1198 3739 1246 3795 sed
1262 3738 1374 3809 insuper
1389 3737 1520 3808 quidquid
1532 3750 1567 3793 an
1581 3752 1709 3810 pompam
1720 3750 1784 3809 pcr-

140 3829 288 3900 piurimum
301 3830 434 3883 laborare.
449 3828 936 3899 Qtroniamiiquidopatetbominibus
989 3834 1067 3896 tinet,
1083 3830 1140 3887 sire
1151 3828 1300 3893 lasciniam,
1316 3829 1393 3899 quasi
1405 3828 1532 3885 licentius
1543 3834 1683 3900 properat,
1695 3826 1783 3885 saeris

815 3923 951 3983 unttzii
971 3924 1088 3984 uuirt.

178 4024 192 4051 ι
210 4006 256 4063 i'el
268 4008 291 4063 ri
304 4026 357 4080 qua
368 4009 465 4079 fidelis.
488 4007 552 4066 linea
574 4025 627 4064 non
649 4019 758 4067 exstant
782 4014 852 4083 apud
865 4013 935 4070 Pnu-
986 4015 1075 4081 sticis,
1088 4023 1220 4087 quantum
1232 4014 1257 4069 ei
1275 4013 1373 4069 aiendo
1387 4028 1456 4083 opus
1468 4019 1519 4069 est.
1541 4011 1620 4081 Quod
1633 4012 1695 4068 ideo
1707 4012 1781 4081 dien,

142 4078 208 4134 lurra.
234 4078 326 4160 itaque
350 4081 477 4135 existimo
498 4090 640 4151 pecctumn
663 4097 725 4138 esso
748 4082 850 4139 librarii
866 4104 873 4139 z
887 4088 934 4157 qni
987 4102 1022 4143 ue
1040 4086 1102 4157 quis
1121 4085 1157 4141 ad
1171 4084 1301 4141 inuidiam
1319 4084 1409 4139 trabat
1430 4098 1463 4139 ea
1483 4098 1544 4156 quae
1563 4088 1690 4153 superius
1708 4082 1783 4141 dien

142 4163 205 4203 truiti
225 4149 347 4203 diurnare
366 4165 419 4203 iton
431 4158 523 4218 posset
535 4150 664 4219 quidnam
697 4153 770 4209 otius
790 4152 934 4225 legentium
988 4165 1061 4212 suni.

142 4224 226 4281 esset,
247 4215 275 4271 Si
300 4221 358 4289 quis
379 4219 475 4287 fidelis,
499 4219 541 4274 rel
554 4221 577 4273 si
601 4236 654 4291 qtra
668 4168 764 4289 pinetis,
789 4232 935 4297 utrumque
1022 4226 1036 4267 d
1052 4225 1111 4281 Siue
1123 4224 1279 4297 qttibrtsdatn
1290 4223 1402 4279 clericis.
1417 4224 1485 4278 Nam
1496 4222 1658 4279 elericorum
1672 4222 1785 4279 nomint

142 4287 251 4369 posuit,
275 4286 372 4343 icetori
391 4288 523 4358 jardieiurn
547 4289 682 4359 integrum
715 4292 880 4363 relinquens.
905 4295 935 4351 1ι1
987 4296 1255 4367 eorrrprelteuduntur
1267 4304 1403 4364 quotquot
1422 4296 1449 4350 in
1463 4295 1566 4350 ciarum
1581 4293 1693 4363 ascripti
1707 4304 1782 4357 suut,

142 4373 215 4413 cttrm
234 4356 390 4427 irequenter
408 4360 540 4415 accidisse
550 4360 689 4417 veteribus
705 4362 826 4419 librariis
842 4365 936 4423 admn-
988 4368 1070 4422 etianr
1082 4365 1244 4438 presbyteri,
1263 4374 1292 4420 et
1303 4364 1420 4421 (lincunt.
1444 4364 1592 4437 Gregorius
1606 4364 1721 4435 iiagnus
1734 4364 1782 4419 lib.

144 4429 253 4485 nuimus
267 4430 300 4485 atl
314 4428 471 4485 Saluianum
488 4438 515 4487 et
530 4430 635 4499 Lupum
650 4430 863 4497 Ferrariensem.
947 4431 1026 4502 Dur,
1041 4439 1135 4493 indict.
1151 4438 1178 4501 ii,
1200 4435 1281 4506 epist.
1301 4434 1355 4491 il:
1380 4454 1389 4487 t
1407 4434 1446 4491 Ne
1465 4452 1531 4491 reru
1547 4434 1702 4507 objicimur,
1718 4436 1783 4505 quis

179 4498 320 4555 iconium
335 4508 359 4554 et
375 4498 492 4555 corallis.
515 4500 583 4556 ilinc
606 4510 681 4572 patet
704 4503 799 4569 latiens,
822 4507 868 4574 qui
890 4522 936 4562 res
987 4508 1099 4564 enode
1116 4507 1211 4561 cedent
1230 4506 1330 4561 clerieo
1350 4505 1480 4577 loquitur,
1499 4521 1552 4560 non
1566 4506 1599 4559 tie
1613 4504 1783 4575 presbytero,

143 4570 343 4626 ecclesiasticas
363 4571 546 4641 possidebant,
565 4572 599 4627 iis
617 4588 680 4627 uass
700 4588 761 4630 esse
781 4576 815 4629 ad
830 4575 934 4641 iuxtim,
986 4579 1126 4634 sciendum
1136 4586 1179 4632 est
1190 4578 1253 4647 qnia
1267 4577 1294 4630 in
1308 4578 1403 4632 eadent
1416 4576 1610 4631 cotrstitntione
1623 4574 1784 4645 capituloli

142 4654 196 4722 unp
210 4642 458 4765 adnecess'ptatenr:
473 4643 544 4698 lrand
557 4642 637 4766 (Ιυὴὶιε
651 4646 936 4726 crtrneouseientinm
986 4648 1085 4731 legitur
1112 4650 1141 4703 in
1164 4647 1343 4730 appellatione
1371 4648 1533 4703 eternorum
1557 4654 1585 4700 et
1609 4646 1785 4770 presbyteros

143 4720 829 4867 ''rikillneltiair'iliuiqiiiiirpiiinlaiilmepisccpos
846 4795 874 4842 et
896 4802 938 4843 se-
985 4716 1552 4861 iillhitiliileisaiiriii''lililitliatilimitifftiriit
1562 4730 1644 4840 Ἔνθα
1656 4712 1785 4857 lleiliiritutir3

143 4861 258 4921 quantes
283 4852 420 4923 praelatos,
437 4854 484 4921 qui
506 4852 588 4906 reims
609 4853 801 4911 ecelesiasticis
822 4866 937 4912 utuntur
987 4876 1046 4931 cap.
1063 4862 1117 4916 iu:
1134 4880 1144 4911 ι
1160 4860 1338 4931 Presiiyterns
1359 4868 1459 4921 autern,
1477 4866 1505 4912 et
1519 4857 1657 4916 diaconos,
1675 4863 1704 4909 et
1722 4854 1786 4911 suir-

143 4924 177 4975 nti
201 4922 304 4988 iturum,
329 4937 417 4992 neque
438 4922 612 4977 considerant
633 4924 696 4993 quid
720 4925 753 4979 de
777 4926 860 4983 rebus
881 4927 937 4985 lieo
987 4933 1126 4993 diaconos,
1140 4940 1277 4994 cantores,
1297 4929 1465 4993 allectores,
1478 4943 1548 4998 quos
1561 4940 1656 4981 ornnes
1670 4924 1785 4981 alonem

142 4993 240 5047 sileatis
251 5000 382 5048 statutum
397 4994 459 5049 sita
474 4992 606 5061 patribus.
621 4994 713 5065 Neque
725 4996 797 5053 solos
809 4998 936 5068 prelatas
988 5002 1163 5073 appellamus.
1181 5021 1190 5054 r
1211 5000 1262 5054 Diu
1281 5008 1371 5054 tartten
1389 5009 1449 5069 qrost
1468 5000 1528 5055 laren
1545 5006 1666 5067 tempora
1679 4996 1787 5051 dubita·

143 5064 277 5143 percellit,
301 5064 453 5120 sedetiam
477 5063 592 5120 ciericos
613 5066 640 5121 iu
666 5067 832 5122 attriversunr.
860 5068 937 5124 Umle
988 5081 1045 5127 tum
1064 5080 1107 5127 est
1124 5071 1194 5143 apud
1213 5070 1396 5134 ttusctnnnes,
1418 5068 1513 5123 Gallim
1535 5065 1719 5123 Narbonensis
1738 5080 1787 5137 pn·

143 5133 295 5203 iintelligere
325 5134 464 5197 debemus,
487 5143 619 5202 quottuot
644 5136 671 5190 in
698 5145 798 5192 sortem
830 5138 937 5193 bantini
986 5142 1073 5214 potios,
1087 5158 1121 5196 au
1133 5141 1293 5196 ciericomm
1307 5140 1415 5195 tronrine
1428 5139 1642 5209 {intelligerentur
1653 5135 1746 5205 episeo
1764 5134 1786 5203 i,

144 5205 254 5273 ascripti
279 5220 382 5269 strutus,
405 5205 483 5263 nobis
509 5150 617 5273 qttitlctn
638 5205 769 5261 creditam
792 5208 938 5265 nilomino
987 5212 1154 5276 attinuisset
1172 5210 1262 5265 etrier-i
1281 5212 1382 5279 gratinus
1399 5209 1577 5265 ecelesiastici
1591 5225 1597 5261 :
1611 5221 1692 5276 quatu
1707 5152 1787 5261 duit

143 5282 171 5328 ei
185 5276 219 5329 ab
234 5274 355 5331 Ecclesia
373 5291 467 5332 curam
482 5286 660 5345 proventuum
678 5277 936 5343 ecclesiastieorum,
988 5284 1119 5338 tntitnrenr
1134 5281 1207 5337 edita
1218 5282 1408 5339 coristitutione
1422 5280 1530 5336 sustulit
1541 5277 1628 5335 Guido
1641 5277 1788 5348 episeopus

144 5343 192 5398 setl
206 5351 236 5397 ut
254 5344 289 5403 iis
305 5354 416 5403 utatnur
429 5347 656 5417 quemadmodum
677 5346 721 5403 lex
739 5347 894 5417 jubet,nou
909 5349 938 5403 iu
989 5354 1148 5409 lit-‚lenensis
1175 5352 1202 5407 iu
1228 5354 1331 5423 synodo
1353 5366 1402 5407 sua
1425 5352 1579 5407 dioecesana
1600 5347 1694 5403 bnlriia
1713 5360 1787 5405 annu

144 5413 222 5466 retnis
234 5416 325 5470 saeculi
339 5418 444 5488 pompis
460 5425 505 5473 aui
521 5416 739 5483 oblectamentis,
756 5419 803 5473 sed
823 5420 849 5473 in
864 5416 939 5473 alen·
989 5424 1224 5479 tiburtinorum
1238 5422 1461 5492 nretrsisiprilis.

144 5483 188 5538 dis
200 5486 303 5554 egimus,
318 5487 477 5556 reparandis
489 5486 622 5554 ecelesiis,
637 5488 713 5543 libris
729 5490 893 5561 qnoquequi
905 5488 941 5544 ad
1027 5506 1039 5534 e
1061 5492 1112 5547 ilie
1131 5493 1202 5547 talis.
1221 5491 1267 5547 tiit
1289 5494 1463 5562 episcopum,
1488 5490 1596 5547 tatuntsi
1618 5488 1715 5544 doetus
1738 5484 1787 5553 sit,

145 5555 357 5634 comparandam
384 5558 512 5625 pietatem
538 5566 566 5613 ct
586 5558 767 5614 eruditionem
792 5558 939 5615 necessarii
991 5580 1023 5621 ae
1036 5564 1163 5634 paparium
1177 5563 1321 5632 diligenter
1341 5565 1468 5621 instruat.
1482 5562 1592 5617 :eternis
1605 5559 1696 5629 pennu
1708 5556 1787 5613 stltli·

146 5631 195 5679 arrt
208 5622 288 5679 utiles
300 5634 363 5681 snm
375 5628 508 5693 emendis,
522 5628 637 5700 aliisque
651 5628 678 5684 id
708 5644 786 5685 enus.
800 5628 830 5685 lu
845 5629 940 5695 primis
990 5643 1063 5691 etum
1079 5635 1124 5700 iri,
1138 5635 1162 5690 si
1176 5637 1281 5705 pompis
1297 5633 1388 5691 saeruii
1407 5633 1514 5689 deditus
1533 5632 1579 5692 nit.
1596 5638 1625 5687 et
1637 5629 1727 5685 sacris
1744 5640 1788 5683 re·

147 5700 238 5751 umen
260 5696 535 5779 eaUmensiieciesiar
556 5714 664 5771 semper
686 5644 746 5759 itit.
769 5706 800 5755 ut
821 5698 939 5757 ebriens
991 5706 1042 5761 bus
1058 5706 1193 5761 abttutur.

148 5772 212 5821 ante
233 5780 324 5823 otnnra
354 5774 461 5821 tanturn
487 5776 577 5825 rnmnt
598 5768 632 5825 de
654 5768 787 5827 reditibus
815 5770 942 5827 mustis-
