<?xml version="1.0" encoding="UTF-8"?>
<!DOCTYPE html PUBLIC "-//W3C//DTD XHTML 1.0 Transitional//EN"
    "http://www.w3.org/TR/xhtml1/DTD/xhtml1-transitional.dtd">
<html xmlns="http://www.w3.org/1999/xhtml" xml:lang="en" lang="en">
 <head>
  <title>
</title>
<meta http-equiv="Content-Type" content="text/html;charset=utf-8" />
  <meta name='ocr-system' content='tesseract 3.04.00' />
  <meta name='ocr-capabilities' content='ocr_page ocr_carea ocr_par ocr_line ocrx_word'/>
</head>
<body>
  <div class='ocr_page' id='page_1' title='image "./patrologiaecurs103migngoog_0492.png"; bbox 0 0 3832 6120; ppageno 0'>
   <div class='ocr_carea' id='block_1_1' title="bbox 137 256 1765 324">
    <p class='ocr_par' dir='ltr' id='par_1_1' title="bbox 137 256 1765 324">
     <span class='ocr_line' id='line_1_1' title="bbox 137 256 1765 324; baseline 0.012 -21"><span class='ocrx_word' id='word_1_1' title='bbox 137 267 188 324; x_wconf 65' lang='lat' dir='ltr'><strong>epp</strong></span> <span class='ocrx_word' id='word_1_2' title='bbox 900 256 992 312; x_wconf 74' lang='lat' dir='ltr'><strong>rili.</strong></span> <span class='ocrx_word' id='word_1_3' title='bbox 1712 263 1765 322; x_wconf 69' lang='grc' dir='ltr'><strong>0ἵο</strong></span> 
     </span>
    </p>
   </div>
   <div class='ocr_carea' id='block_1_2' title="bbox 101 368 1860 5686">
    <p class='ocr_par' dir='ltr' id='par_1_2' title="bbox 101 368 1860 5686">
     <span class='ocr_line' id='line_1_2' title="bbox 135 368 1767 448; baseline 0.001 -15"><span class='ocrx_word' id='word_1_4' title='bbox 135 384 221 438; x_wconf 79' lang='lat' dir='ltr'><strong>henos</strong></span> <span class='ocrx_word' id='word_1_5' title='bbox 232 390 352 448; x_wconf 77' lang='lat' dir='ltr'><strong>qumque</strong></span> <span class='ocrx_word' id='word_1_6' title='bbox 363 382 391 431; x_wconf 88' lang='lat' dir='ltr'><strong>et</strong></span> <span class='ocrx_word' id='word_1_7' title='bbox 402 389 498 430; x_wconf 89' lang='lat' dir='ltr'><strong>eorum</strong></span> <span class='ocrx_word' id='word_1_8' title='bbox 511 372 696 443; x_wconf 86' lang='lat' dir='ltr'><strong>possessiones</strong></span> <span class='ocrx_word' id='word_1_9' title='bbox 706 371 740 426; x_wconf 88' lang='lat' dir='ltr'><strong>ah</strong></span> <span class='ocrx_word' id='word_1_10' title='bbox 750 368 926 439; x_wconf 82' lang='lat' dir='ltr'><strong>oppressione</strong></span> <span class='ocrx_word' id='word_1_11' title='bbox 940 378 964 434; x_wconf 77' lang='lat' dir='ltr'><strong>,t</strong></span> <span class='ocrx_word' id='word_1_12' title='bbox 974 369 1073 438; x_wconf 74' lang='lat' dir='ltr'><strong>iubens</strong></span> <span class='ocrx_word' id='word_1_13' title='bbox 1085 371 1243 440; x_wconf 79' lang='lat' dir='ltr'><strong>pararcsibi</strong></span> <span class='ocrx_word' id='word_1_14' title='bbox 1255 371 1445 441; x_wconf 82' lang='lat' dir='ltr'><strong>stipendiarias</strong></span> <span class='ocrx_word' id='word_1_15' title='bbox 1460 386 1589 438; x_wconf 57' lang='lat' dir='ltr'><strong>ancnoris,</strong></span> <span class='ocrx_word' id='word_1_16' title='bbox 1601 374 1767 446; x_wconf 80' lang='lat' dir='ltr'><strong>stativasque</strong></span> 
     </span>
     <span class='ocr_line' id='line_1_3' title="bbox 134 460 1765 532; baseline 0.002 -9"><span class='ocrx_word' id='word_1_17' title='bbox 134 470 299 532; x_wconf 81' lang='lat' dir='ltr'><strong>relevarent,</strong></span> <span class='ocrx_word' id='word_1_18' title='bbox 314 464 502 520; x_wconf 81' lang='lat' dir='ltr'><strong>interminatus</strong></span> <span class='ocrx_word' id='word_1_19' title='bbox 515 464 597 518; x_wconf 86' lang='lat' dir='ltr'><strong>etiam</strong></span> <span class='ocrx_word' id='word_1_20' title='bbox 616 461 779 517; x_wconf 76' lang='lat' dir='ltr'><strong>severiorem</strong></span> <span class='ocrx_word' id='word_1_21' title='bbox 793 460 820 514; x_wconf 90' lang='lat' dir='ltr'><strong>in</strong></span> <span class='ocrx_word' id='word_1_22' title='bbox 835 472 883 514; x_wconf 88' lang='lat' dir='ltr'><strong>eos</strong></span> <span class='ocrx_word' id='word_1_23' title='bbox 895 472 924 512; x_wconf 84' lang='lat' dir='ltr'><strong>se</strong></span> <span class='ocrx_word' id='word_1_24' title='bbox 975 473 1111 528; x_wconf 77' lang='lat' dir='ltr'><strong>congruus</strong></span> <span class='ocrx_word' id='word_1_25' title='bbox 1125 475 1173 530; x_wconf 92' lang='lat' dir='ltr'><strong>per</strong></span> <span class='ocrx_word' id='word_1_26' title='bbox 1186 475 1265 515; x_wconf 82' lang='lat' dir='ltr'><strong>cartre</strong></span> <span class='ocrx_word' id='word_1_27' title='bbox 1280 461 1346 525; x_wconf 74' lang='lat' dir='ltr'><strong>iter,</strong></span> <span class='ocrx_word' id='word_1_28' title='bbox 1372 460 1442 530; x_wconf 88' lang='lat' dir='ltr'><strong>quod</strong></span> <span class='ocrx_word' id='word_1_29' title='bbox 1465 461 1579 516; x_wconf 81' lang='lat' dir='ltr'><strong>lienum</strong></span> <span class='ocrx_word' id='word_1_30' title='bbox 1598 465 1765 526; x_wconf 71' lang='lat' dir='ltr'><strong>transmittit.</strong></span> 
     </span>
     <span class='ocr_line' id='line_1_4' title="bbox 134 549 1767 622; baseline -0.001 -7"><span class='ocrx_word' id='word_1_31' title='bbox 134 559 296 615; x_wconf 81' lang='lat' dir='ltr'><strong>libraturum</strong></span> <span class='ocrx_word' id='word_1_32' title='bbox 312 555 474 609; x_wconf 86' lang='lat' dir='ltr'><strong>sententiam</strong></span> <span class='ocrx_word' id='word_1_33' title='bbox 487 552 533 622; x_wconf 80' lang='lat' dir='ltr'><strong>qui</strong></span> <span class='ocrx_word' id='word_1_34' title='bbox 551 552 614 606; x_wconf 91' lang='lat' dir='ltr'><strong>huic</strong></span> <span class='ocrx_word' id='word_1_35' title='bbox 626 549 802 606; x_wconf 89' lang='lat' dir='ltr'><strong>admonitioni</strong></span> <span class='ocrx_word' id='word_1_36' title='bbox 815 564 869 604; x_wconf 89' lang='lat' dir='ltr'><strong>non</strong></span> <span class='ocrx_word' id='word_1_37' title='bbox 880 561 925 604; x_wconf 89' lang='lat' dir='ltr'><strong>es·</strong></span> <span class='ocrx_word' id='word_1_38' title='bbox 976 549 1088 607; x_wconf 80' lang='lat' dir='ltr'><strong>Dicebat</strong></span> <span class='ocrx_word' id='word_1_39' title='bbox 1102 553 1177 607; x_wconf 79' lang='lat' dir='ltr'><strong>enisu</strong></span> <span class='ocrx_word' id='word_1_40' title='bbox 1191 566 1221 606; x_wconf 88' lang='lat' dir='ltr'><strong>se</strong></span> <span class='ocrx_word' id='word_1_41' title='bbox 1236 551 1329 605; x_wconf 84' lang='lat' dir='ltr'><strong>limina</strong></span> <span class='ocrx_word' id='word_1_42' title='bbox 1342 552 1484 607; x_wconf 80' lang='lat' dir='ltr'><strong>beatmum</strong></span> <span class='ocrx_word' id='word_1_43' title='bbox 1498 553 1679 622; x_wconf 83' lang='lat' dir='ltr'><strong>apostolorum</strong></span> <span class='ocrx_word' id='word_1_44' title='bbox 1698 556 1767 614; x_wconf 78' lang='lat' dir='ltr'><strong>inti·</strong></span> 
     </span>
     <span class='ocr_line' id='line_1_5' title="bbox 135 638 1769 715; baseline -0.002 -13"><span class='ocrx_word' id='word_1_45' title='bbox 135 653 198 704; x_wconf 76' lang='lat' dir='ltr'><strong>ssst</strong></span> <span class='ocrx_word' id='word_1_46' title='bbox 209 643 431 715; x_wconf 77' lang='lat' dir='ltr'><strong>obtemperaturi.</strong></span> <span class='ocrx_word' id='word_1_47' title='bbox 443 640 565 712; x_wconf 81' lang='lat' dir='ltr'><strong>Cumque</strong></span> <span class='ocrx_word' id='word_1_48' title='bbox 579 641 613 696; x_wconf 88' lang='lat' dir='ltr'><strong>ab</strong></span> <span class='ocrx_word' id='word_1_49' title='bbox 624 640 676 695; x_wconf 87' lang='lat' dir='ltr'><strong>hoe</strong></span> <span class='ocrx_word' id='word_1_50' title='bbox 686 639 786 710; x_wconf 76' lang='lat' dir='ltr'><strong>parim</strong></span> <span class='ocrx_word' id='word_1_51' title='bbox 798 638 926 708; x_wconf 85' lang='lat' dir='ltr'><strong>populum</strong></span> <span class='ocrx_word' id='word_1_52' title='bbox 977 649 1038 700; x_wconf 79' lang='lat' dir='ltr'><strong>sere</strong></span> <span class='ocrx_word' id='word_1_53' title='bbox 1055 642 1133 697; x_wconf 83' lang='lat' dir='ltr'><strong>velle.</strong></span> <span class='ocrx_word' id='word_1_54' title='bbox 1148 640 1226 710; x_wconf 85' lang='lat' dir='ltr'><strong>Quod</strong></span> <span class='ocrx_word' id='word_1_55' title='bbox 1239 657 1274 698; x_wconf 88' lang='lat' dir='ltr'><strong>ne</strong></span> <span class='ocrx_word' id='word_1_56' title='bbox 1290 642 1394 710; x_wconf 66' lang='lat' dir='ltr'><strong>lieret,</strong></span> <span class='ocrx_word' id='word_1_57' title='bbox 1404 641 1520 712; x_wconf 79' lang='lat' dir='ltr'><strong>irruptio</strong></span> <span class='ocrx_word' id='word_1_58' title='bbox 1533 643 1769 706; x_wconf 82' lang='lat' dir='ltr'><strong>Nordmannorurn</strong></span> 
     </span>
     <span class='ocr_line' id='line_1_6' title="bbox 135 726 1770 804; baseline -0.008 -11"><span class='ocrx_word' id='word_1_59' title='bbox 135 737 296 801; x_wconf 52' lang='lat' dir='ltr'><strong>willerii,</strong></span> <span class='ocrx_word' id='word_1_60' title='bbox 307 744 334 790; x_wconf 75' lang='lat' dir='ltr'><strong>el</strong></span> <span class='ocrx_word' id='word_1_61' title='bbox 344 746 461 802; x_wconf 70' lang='lat' dir='ltr'><strong>sequens</strong></span> <span class='ocrx_word' id='word_1_62' title='bbox 471 732 498 786; x_wconf 83' lang='lat' dir='ltr'><strong>ln</strong></span> <span class='ocrx_word' id='word_1_63' title='bbox 513 729 667 786; x_wconf 76' lang='lat' dir='ltr'><strong>Theodonls</strong></span> <span class='ocrx_word' id='word_1_64' title='bbox 678 728 742 783; x_wconf 67' lang='lat' dir='ltr'><strong>villa</strong></span> <span class='ocrx_word' id='word_1_65' title='bbox 754 726 927 798; x_wconf 80' lang='lat' dir='ltr'><strong>postPasoba</strong></span> <span class='ocrx_word' id='word_1_66' title='bbox 978 734 1134 791; x_wconf 66' lang='lat' dir='ltr'><strong>induciam</strong></span> <span class='ocrx_word' id='word_1_67' title='bbox 1151 735 1300 804; x_wconf 74' lang='lat' dir='ltr'><strong>impedivit,</strong></span> <span class='ocrx_word' id='word_1_68' title='bbox 1321 734 1363 789; x_wconf 73' lang='lat' dir='ltr'><strong>Ad</strong></span> <span class='ocrx_word' id='word_1_69' title='bbox 1377 749 1493 804; x_wconf 79' lang='lat' dir='ltr'><strong>quorum</strong></span> <span class='ocrx_word' id='word_1_70' title='bbox 1509 735 1682 791; x_wconf 69' lang='lat' dir='ltr'><strong>insolentiam</strong></span> <span class='ocrx_word' id='word_1_71' title='bbox 1696 752 1770 793; x_wconf 71' lang='lat' dir='ltr'><strong>pom.</strong></span> 
     </span>
     <span class='ocr_line' id='line_1_7' title="bbox 136 814 1769 897; baseline -0.006 -18"><span class='ocrx_word' id='word_1_72' title='bbox 136 823 332 885; x_wconf 69' lang='lat' dir='ltr'><strong>continuisset,</strong></span> <span class='ocrx_word' id='word_1_73' title='bbox 347 821 380 875; x_wconf 92' lang='lat' dir='ltr'><strong>ad</strong></span> <span class='ocrx_word' id='word_1_74' title='bbox 392 819 564 875; x_wconf 73' lang='lat' dir='ltr'><strong>hiemandum</strong></span> <span class='ocrx_word' id='word_1_75' title='bbox 578 816 740 895; x_wconf 76' lang='lat' dir='ltr'><strong>Aquisgrani</strong></span> <span class='ocrx_word' id='word_1_76' title='bbox 755 830 784 870; x_wconf 89' lang='lat' dir='ltr'><strong>se</strong></span> <span class='ocrx_word' id='word_1_77' title='bbox 796 814 925 871; x_wconf 90' lang='lat' dir='ltr'><strong>eontulit:</strong></span> <span class='ocrx_word' id='word_1_78' title='bbox 946 829 948 833; x_wconf 93' lang='lat'>·</span> <span class='ocrx_word' id='word_1_79' title='bbox 977 826 1146 897; x_wconf 54' lang='lat' dir='ltr'><strong>primm</strong></span> <span class='ocrx_word' id='word_1_80' title='bbox 1164 838 1297 896; x_wconf 60' lang='lat' dir='ltr'><strong>mens,</strong></span> <span class='ocrx_word' id='word_1_81' title='bbox 1321 827 1397 881; x_wconf 67' lang='lat' dir='ltr'><strong>misit</strong></span> <span class='ocrx_word' id='word_1_82' title='bbox 1416 827 1515 881; x_wconf 59' lang='lat' dir='ltr'><strong>mim</strong></span> <span class='ocrx_word' id='word_1_83' title='bbox 1536 825 1571 880; x_wconf 66' lang='lat' dir='ltr'><strong>ad</strong></span> <span class='ocrx_word' id='word_1_84' title='bbox 1594 825 1769 893; x_wconf 61' lang='lat' dir='ltr'><strong>hornutum,</strong></span> 
     </span>
     <span class='ocr_line' id='line_1_8' title="bbox 136 905 1771 982; baseline 0 -11"><span class='ocrx_word' id='word_1_85' title='bbox 136 914 246 982; x_wconf 77' lang='lat' dir='ltr'><strong>theom</strong></span> <span class='ocrx_word' id='word_1_86' title='bbox 266 926 316 966; x_wconf 88' lang='lat' dir='ltr'><strong>suo</strong></span> <span class='ocrx_word' id='word_1_87' title='bbox 334 910 463 966; x_wconf 82' lang='lat' dir='ltr'><strong>bethario</strong></span> <span class='ocrx_word' id='word_1_88' title='bbox 480 907 618 964; x_wconf 82' lang='lat' dir='ltr'><strong>mandarit</strong></span> <span class='ocrx_word' id='word_1_89' title='bbox 638 914 668 962; x_wconf 91' lang='lat' dir='ltr'><strong>nt</strong></span> <span class='ocrx_word' id='word_1_90' title='bbox 687 905 792 961; x_wconf 90' lang='lat' dir='ltr'><strong>nobiles</strong></span> <span class='ocrx_word' id='word_1_91' title='bbox 807 918 929 974; x_wconf 61' lang='lat' dir='ltr'><strong>quemue</strong></span> <span class='ocrx_word' id='word_1_92' title='bbox 977 914 1124 969; x_wconf 81' lang='lat' dir='ltr'><strong>Falconem</strong></span> <span class='ocrx_word' id='word_1_93' title='bbox 1136 914 1239 970; x_wconf 88' lang='lat' dir='ltr'><strong>scilieet</strong></span> <span class='ocrx_word' id='word_1_94' title='bbox 1251 914 1387 980; x_wconf 85' lang='lat' dir='ltr'><strong>abbatem,</strong></span> <span class='ocrx_word' id='word_1_95' title='bbox 1404 921 1433 968; x_wconf 92' lang='lat' dir='ltr'><strong>et</strong></span> <span class='ocrx_word' id='word_1_96' title='bbox 1450 914 1615 970; x_wconf 86' lang='lat' dir='ltr'><strong>liiehardum</strong></span> <span class='ocrx_word' id='word_1_97' title='bbox 1627 917 1771 982; x_wconf 87' lang='lat' dir='ltr'><strong>comitem,</strong></span> 
     </span>
     <span class='ocr_line' id='line_1_9' title="bbox 137 998 1773 1072; baseline -0.004 -4"><span class='ocrx_word' id='word_1_98' title='bbox 137 1021 250 1065; x_wconf 74' lang='lat' dir='ltr'><strong>uorum</strong></span> <span class='ocrx_word' id='word_1_99' title='bbox 264 1004 298 1059; x_wconf 69' lang='lat' dir='ltr'><strong>id</strong></span> <span class='ocrx_word' id='word_1_100' title='bbox 314 1003 439 1059; x_wconf 67' lang='lat' dir='ltr'><strong>eumdem</strong></span> <span class='ocrx_word' id='word_1_101' title='bbox 459 1001 549 1056; x_wconf 55' lang='lat' dir='ltr'><strong>limum</strong></span> <span class='ocrx_word' id='word_1_102' title='bbox 569 998 713 1068; x_wconf 48' lang='lat' dir='ltr'><strong>didimi·</strong></span> <span class='ocrx_word' id='word_1_103' title='bbox 736 1003 870 1065; x_wconf 66' lang='lat' dir='ltr'><strong>(ludlenus</strong></span> <span class='ocrx_word' id='word_1_104' title='bbox 884 1009 929 1049; x_wconf 67' lang='lat'><strong>¹⁸·</strong></span> <span class='ocrx_word' id='word_1_105' title='bbox 980 1019 1032 1061; x_wconf 86' lang='lat' dir='ltr'><strong>nec</strong></span> <span class='ocrx_word' id='word_1_106' title='bbox 1044 1021 1098 1061; x_wconf 91' lang='lat' dir='ltr'><strong>ncn</strong></span> <span class='ocrx_word' id='word_1_107' title='bbox 1111 1005 1294 1061; x_wconf 74' lang='lat' dir='ltr'><strong>ddrebaldunr</strong></span> <span class='ocrx_word' id='word_1_108' title='bbox 1308 1006 1445 1061; x_wconf 79' lang='lat' dir='ltr'><strong>abbatem.</strong></span> <span class='ocrx_word' id='word_1_109' title='bbox 1457 1005 1577 1072; x_wconf 81' lang='lat' dir='ltr'><strong>Quorum</strong></span> <span class='ocrx_word' id='word_1_110' title='bbox 1589 1005 1673 1062; x_wconf 82' lang='lat' dir='ltr'><strong>Falco</strong></span> <span class='ocrx_word' id='word_1_111' title='bbox 1686 1015 1715 1063; x_wconf 89' lang='lat' dir='ltr'><strong>ct</strong></span> <span class='ocrx_word' id='word_1_112' title='bbox 1726 1006 1773 1063; x_wconf 83' lang='lat' dir='ltr'><strong>lii-</strong></span> 
     </span>
     <span class='ocr_line' id='line_1_10' title="bbox 137 1082 1775 1164; baseline -0.01 -10"><span class='ocrx_word' id='word_1_113' title='bbox 137 1094 337 1154; x_wconf 84' lang='lat' dir='ltr'><strong>onuciiiationis</strong></span> <span class='ocrx_word' id='word_1_114' title='bbox 353 1098 455 1146; x_wconf 85' lang='lat' dir='ltr'><strong>mutuae</strong></span> <span class='ocrx_word' id='word_1_115' title='bbox 465 1090 537 1145; x_wconf 89' lang='lat' dir='ltr'><strong>inter</strong></span> <span class='ocrx_word' id='word_1_116' title='bbox 551 1103 580 1143; x_wconf 92' lang='lat' dir='ltr'><strong>se</strong></span> <span class='ocrx_word' id='word_1_117' title='bbox 597 1095 625 1142; x_wconf 86' lang='lat' dir='ltr'><strong>et</strong></span> <span class='ocrx_word' id='word_1_118' title='bbox 642 1086 717 1141; x_wconf 88' lang='lat' dir='ltr'><strong>illum</strong></span> <span class='ocrx_word' id='word_1_119' title='bbox 730 1084 800 1139; x_wconf 85' lang='lat' dir='ltr'><strong>rstio</strong></span> <span class='ocrx_word' id='word_1_120' title='bbox 815 1082 928 1139; x_wconf 87' lang='lat' dir='ltr'><strong>investi-</strong></span> <span class='ocrx_word' id='word_1_121' title='bbox 980 1094 1097 1149; x_wconf 62' lang='lat' dir='ltr'><strong>phuam</strong></span> <span class='ocrx_word' id='word_1_122' title='bbox 1110 1109 1269 1164; x_wconf 57' lang='lat' dir='ltr'><strong>„sponsum</strong></span> <span class='ocrx_word' id='word_1_123' title='bbox 1283 1093 1335 1149; x_wconf 61' lang='lat' dir='ltr'><strong>sipi</strong></span> <span class='ocrx_word' id='word_1_124' title='bbox 1347 1109 1363 1147; x_wconf 56' lang='grc' dir='ltr'>α</span> <span class='ocrx_word' id='word_1_125' title='bbox 1376 1094 1505 1150; x_wconf 47' lang='lat' dir='ltr'><strong>[sermio</strong></span> <span class='ocrx_word' id='word_1_126' title='bbox 1521 1095 1655 1153; x_wconf 56' lang='lat' dir='ltr'><strong>peremne</strong></span> <span class='ocrx_word' id='word_1_127' title='bbox 1667 1116 1674 1151; x_wconf 88' lang='lat'><strong>:</strong></span> <span class='ocrx_word' id='word_1_128' title='bbox 1688 1098 1775 1153; x_wconf 57' lang='grc' dir='ltr'><strong>ΜΝ.</strong></span> 
     </span>
     <span class='ocr_line' id='line_1_11' title="bbox 137 1172 1777 1263; baseline -0.009 -22"><span class='ocrx_word' id='word_1_129' title='bbox 137 1197 256 1263; x_wconf 65' lang='lat' dir='ltr'><strong>gsretur.</strong></span> <span class='ocrx_word' id='word_1_130' title='bbox 271 1185 392 1254; x_wconf 74' lang='lat' dir='ltr'><strong>Angusta</strong></span> <span class='ocrx_word' id='word_1_131' title='bbox 403 1180 496 1237; x_wconf 80' lang='lat' dir='ltr'><strong>iudith</strong></span> <span class='ocrx_word' id='word_1_132' title='bbox 507 1195 568 1234; x_wconf 92' lang='lat' dir='ltr'><strong>cum</strong></span> <span class='ocrx_word' id='word_1_133' title='bbox 582 1176 747 1233; x_wconf 88' lang='lat' dir='ltr'><strong>consiliariis</strong></span> <span class='ocrx_word' id='word_1_134' title='bbox 760 1172 931 1244; x_wconf 80' lang='lat' dir='ltr'><strong>inperatoris</strong></span> <span class='ocrx_word' id='word_1_135' title='bbox 981 1181 1078 1239; x_wconf 58' lang='lat' dir='ltr'><strong>batam</strong></span> <span class='ocrx_word' id='word_1_136' title='bbox 1092 1197 1174 1253; x_wconf 56' lang='lat'><em>90:10</em></span> <span class='ocrx_word' id='word_1_137' title='bbox 1187 1182 1300 1238; x_wconf 65' lang='lat' dir='ltr'><strong>nomam</strong></span> <span class='ocrx_word' id='word_1_138' title='bbox 1313 1191 1448 1253; x_wconf 60' lang='lat' dir='ltr'><strong>pergeret,</strong></span> <span class='ocrx_word' id='word_1_139' title='bbox 1463 1182 1623 1254; x_wconf 62' lang='lat' dir='ltr'><strong>Gregoftnm</strong></span> <span class='ocrx_word' id='word_1_140' title='bbox 1634 1200 1731 1255; x_wconf 56' lang='lat' dir='ltr'><strong>papam</strong></span> <span class='ocrx_word' id='word_1_141' title='bbox 1741 1187 1777 1242; x_wconf 59' lang='grc' dir='ltr'>ὼ</span> 
     </span>
     <span class='ocr_line' id='line_1_12' title="bbox 138 1263 1775 1344; baseline -0.007 -6"><span class='ocrx_word' id='word_1_142' title='bbox 138 1278 253 1338; x_wconf 79' lang='lat' dir='ltr'><strong>consitio</strong></span> <span class='ocrx_word' id='word_1_143' title='bbox 266 1276 343 1340; x_wconf 87' lang='lat' dir='ltr'><strong>inito,</strong></span> <span class='ocrx_word' id='word_1_144' title='bbox 358 1288 392 1329; x_wconf 82' lang='lat' dir='ltr'><strong>eo</strong></span> <span class='ocrx_word' id='word_1_145' title='bbox 405 1269 614 1344; x_wconf 85' lang='lat' dir='ltr'><strong>quodralentia,</strong></span> <span class='ocrx_word' id='word_1_146' title='bbox 629 1276 660 1322; x_wconf 68' lang='lat'><strong>¹1¹</strong></span> <span class='ocrx_word' id='word_1_147' title='bbox 674 1266 827 1328; x_wconf 63' lang='lat' dir='ltr'><strong>lidelmi·</strong></span> <span class='ocrx_word' id='word_1_148' title='bbox 846 1263 931 1332; x_wconf 90' lang='lat' dir='ltr'><strong>impc-</strong></span> <span class='ocrx_word' id='word_1_149' title='bbox 981 1271 1143 1327; x_wconf 82' lang='lat' dir='ltr'><strong>neeessetiis</strong></span> <span class='ocrx_word' id='word_1_150' title='bbox 1155 1270 1338 1336; x_wconf 87' lang='lat' dir='ltr'><strong>consulturus,</strong></span> <span class='ocrx_word' id='word_1_151' title='bbox 1360 1280 1388 1326; x_wconf 91' lang='lat' dir='ltr'><strong>et</strong></span> <span class='ocrx_word' id='word_1_152' title='bbox 1408 1271 1575 1327; x_wconf 81' lang='lat' dir='ltr'><strong>voluntatem</strong></span> <span class='ocrx_word' id='word_1_153' title='bbox 1590 1273 1775 1343; x_wconf 88' lang='lat' dir='ltr'><strong>imperatoris,</strong></span> 
     </span>
     <span class='ocr_line' id='line_1_13' title="bbox 139 1357 1777 1436; baseline -0.005 -9"><span class='ocrx_word' id='word_1_154' title='bbox 139 1370 240 1427; x_wconf 76' lang='lat' dir='ltr'><strong>satoris</strong></span> <span class='ocrx_word' id='word_1_155' title='bbox 251 1381 351 1436; x_wconf 77' lang='lat' dir='ltr'><strong>cerpus</strong></span> <span class='ocrx_word' id='word_1_156' title='bbox 372 1379 434 1419; x_wconf 74' lang='lat' dir='ltr'><strong>mox</strong></span> <span class='ocrx_word' id='word_1_157' title='bbox 448 1361 626 1426; x_wconf 61' lang='lat' dir='ltr'><strong>destitueret,</strong></span> <span class='ocrx_word' id='word_1_158' title='bbox 648 1367 677 1414; x_wconf 69' lang='lat'><strong>0²</strong></span> <span class='ocrx_word' id='word_1_159' title='bbox 693 1373 767 1413; x_wconf 67' lang='lat' dir='ltr'><strong>mori</strong></span> <span class='ocrx_word' id='word_1_160' title='bbox 783 1357 930 1426; x_wconf 61' lang='lat' dir='ltr'><strong>intrueret·</strong></span> <span class='ocrx_word' id='word_1_161' title='bbox 982 1372 1134 1432; x_wconf 65' lang='lat' dir='ltr'><strong>ceteraque</strong></span> <span class='ocrx_word' id='word_1_162' title='bbox 1147 1363 1198 1417; x_wconf 90' lang='lat' dir='ltr'><strong>sibi</strong></span> <span class='ocrx_word' id='word_1_163' title='bbox 1211 1360 1330 1430; x_wconf 85' lang='lat' dir='ltr'><strong>injuncta</strong></span> <span class='ocrx_word' id='word_1_164' title='bbox 1341 1361 1503 1432; x_wconf 90' lang='lat' dir='ltr'><strong>perlaturus.</strong></span> <span class='ocrx_word' id='word_1_165' title='bbox 1521 1361 1574 1418; x_wconf 83' lang='lat' dir='ltr'><strong>Sed</strong></span> <span class='ocrx_word' id='word_1_166' title='bbox 1586 1362 1733 1420; x_wconf 82' lang='lat' dir='ltr'><strong>botharius</strong></span> <span class='ocrx_word' id='word_1_167' title='bbox 1742 1363 1777 1418; x_wconf 89' lang='lat' dir='ltr'><strong>de</strong></span> 
     </span>
     <span class='ocr_line' id='line_1_14' title="bbox 139 1446 1776 1525; baseline -0.011 0"><span class='ocrx_word' id='word_1_168' title='bbox 139 1470 168 1517; x_wconf 76' lang='lat' dir='ltr'><strong>ei</strong></span> <span class='ocrx_word' id='word_1_169' title='bbox 181 1460 232 1516; x_wconf 69' lang='lat' dir='ltr'><strong>ilbi</strong></span> <span class='ocrx_word' id='word_1_170' title='bbox 244 1467 273 1514; x_wconf 72' lang='lat'><strong>⁰²</strong></span> <span class='ocrx_word' id='word_1_171' title='bbox 287 1455 385 1513; x_wconf 71' lang='lat' dir='ltr'><strong>C²l0l⁰</strong></span> <span class='ocrx_word' id='word_1_172' title='bbox 399 1452 550 1525; x_wconf 68' lang='lat' dir='ltr'><strong>Wlffllum</strong></span> <span class='ocrx_word' id='word_1_173' title='bbox 564 1450 729 1515; x_wconf 61' lang='lat' dir='ltr'><strong>lfflffllssestlt</strong></span> <span class='ocrx_word' id='word_1_174' title='bbox 748 1447 801 1504; x_wconf 66' lang='grc' dir='ltr'><strong>ῐῑὶῦῑ</strong></span> <span class='ocrx_word' id='word_1_175' title='bbox 815 1446 933 1516; x_wconf 63' lang='lat' dir='ltr'><strong>{illitum</strong></span> <span class='ocrx_word' id='word_1_176' title='bbox 983 1453 1027 1509; x_wconf 83' lang='lat' dir='ltr'><strong>bis</strong></span> <span class='ocrx_word' id='word_1_177' title='bbox 1039 1460 1200 1518; x_wconf 85' lang='lat' dir='ltr'><strong>conventus,</strong></span> <span class='ocrx_word' id='word_1_178' title='bbox 1217 1466 1268 1508; x_wconf 90' lang='lat' dir='ltr'><strong>nce</strong></span> <span class='ocrx_word' id='word_1_179' title='bbox 1283 1468 1337 1507; x_wconf 90' lang='lat' dir='ltr'><strong>non</strong></span> <span class='ocrx_word' id='word_1_180' title='bbox 1350 1453 1383 1507; x_wconf 91' lang='lat' dir='ltr'><strong>de</strong></span> <span class='ocrx_word' id='word_1_181' title='bbox 1398 1455 1479 1509; x_wconf 89' lang='lat' dir='ltr'><strong>rebus</strong></span> <span class='ocrx_word' id='word_1_182' title='bbox 1491 1455 1671 1521; x_wconf 84' lang='lat' dir='ltr'><strong>quarumdam</strong></span> <span class='ocrx_word' id='word_1_183' title='bbox 1689 1453 1776 1508; x_wconf 88' lang='lat' dir='ltr'><strong>ccele-</strong></span> 
     </span>
     <span class='ocr_line' id='line_1_15' title="bbox 139 1534 1776 1612; baseline -0.006 -6"><span class='ocrx_word' id='word_1_184' title='bbox 139 1549 256 1606; x_wconf 89' lang='lat' dir='ltr'><strong>lratrum</strong></span> <span class='ocrx_word' id='word_1_185' title='bbox 283 1546 333 1601; x_wconf 87' lang='lat' dir='ltr'><strong>sibi</strong></span> <span class='ocrx_word' id='word_1_186' title='bbox 358 1544 538 1607; x_wconf 77' lang='lat' dir='ltr'><strong>asciscerent,</strong></span> <span class='ocrx_word' id='word_1_187' title='bbox 565 1537 802 1607; x_wconf 79' lang='lat' dir='ltr'><strong>conjectantesque</strong></span> <span class='ocrx_word' id='word_1_188' title='bbox 830 1534 932 1589; x_wconf 70' lang='lat' dir='ltr'><strong>nullum</strong></span> <span class='ocrx_word' id='word_1_189' title='bbox 983 1543 1085 1599; x_wconf 86' lang='lat' dir='ltr'><strong>siarum</strong></span> <span class='ocrx_word' id='word_1_190' title='bbox 1100 1542 1278 1612; x_wconf 67' lang='lat' dir='ltr'><strong>ablatisque</strong></span> <span class='ocrx_word' id='word_1_191' title='bbox 1289 1542 1316 1595; x_wconf 91' lang='lat' dir='ltr'><strong>in</strong></span> <span class='ocrx_word' id='word_1_192' title='bbox 1329 1542 1406 1598; x_wconf 85' lang='lat' dir='ltr'><strong>ltalia</strong></span> <span class='ocrx_word' id='word_1_193' title='bbox 1417 1550 1489 1608; x_wconf 86' lang='lat' dir='ltr'><strong>srrrrt,</strong></span> <span class='ocrx_word' id='word_1_194' title='bbox 1498 1542 1658 1611; x_wconf 88' lang='lat' dir='ltr'><strong>quibusdam</strong></span> <span class='ocrx_word' id='word_1_195' title='bbox 1670 1543 1776 1607; x_wconf 83' lang='lat' dir='ltr'><strong>tonuit,</strong></span> 
     </span>
     <span class='ocr_line' id='line_1_16' title="bbox 140 1626 1779 1705; baseline -0.006 -9"><span class='ocrx_word' id='word_1_196' title='bbox 140 1640 258 1696; x_wconf 78' lang='lat' dir='ltr'><strong>iliorum</strong></span> <span class='ocrx_word' id='word_1_197' title='bbox 277 1634 447 1705; x_wconf 87' lang='lat' dir='ltr'><strong>imperatoris</strong></span> <span class='ocrx_word' id='word_1_198' title='bbox 459 1640 514 1686; x_wconf 90' lang='lat' dir='ltr'><strong>tam</strong></span> <span class='ocrx_word' id='word_1_199' title='bbox 525 1630 730 1686; x_wconf 82' lang='lat' dir='ltr'><strong>convenientem</strong></span> <span class='ocrx_word' id='word_1_200' title='bbox 742 1628 804 1683; x_wconf 88' lang='lat' dir='ltr'><strong>huic</strong></span> <span class='ocrx_word' id='word_1_201' title='bbox 815 1627 853 1682; x_wconf 87' lang='lat' dir='ltr'><strong>rei</strong></span> <span class='ocrx_word' id='word_1_202' title='bbox 864 1626 932 1681; x_wconf 85' lang='lat' dir='ltr'><strong>sicut</strong></span> <span class='ocrx_word' id='word_1_203' title='bbox 984 1632 1108 1702; x_wconf 71' lang='lat' dir='ltr'><strong>quedam</strong></span> <span class='ocrx_word' id='word_1_204' title='bbox 1122 1646 1152 1687; x_wconf 89' lang='lat' dir='ltr'><strong>se</strong></span> <span class='ocrx_word' id='word_1_205' title='bbox 1167 1647 1221 1686; x_wconf 91' lang='lat' dir='ltr'><strong>non</strong></span> <span class='ocrx_word' id='word_1_206' title='bbox 1241 1646 1322 1701; x_wconf 88' lang='lat' dir='ltr'><strong>pesse</strong></span> <span class='ocrx_word' id='word_1_207' title='bbox 1340 1647 1451 1687; x_wconf 85' lang='lat' dir='ltr'><strong>servare</strong></span> <span class='ocrx_word' id='word_1_208' title='bbox 1472 1634 1620 1702; x_wconf 88' lang='lat' dir='ltr'><strong>respondit.</strong></span> <span class='ocrx_word' id='word_1_209' title='bbox 1644 1632 1678 1687; x_wconf 83' lang='lat' dir='ltr'><strong>Et</strong></span> <span class='ocrx_word' id='word_1_210' title='bbox 1696 1631 1779 1687; x_wconf 83' lang='lat' dir='ltr'><strong>Falco</strong></span> 
     </span>
     <span class='ocr_line' id='line_1_17' title="bbox 140 1705 1780 1794; baseline -0.004 -8"><span class='ocrx_word' id='word_1_211' title='bbox 140 1730 316 1791; x_wconf 82' lang='lat' dir='ltr'><strong>botharium,</strong></span> <span class='ocrx_word' id='word_1_212' title='bbox 340 1726 442 1782; x_wconf 90' lang='lat' dir='ltr'><strong>hortati</strong></span> <span class='ocrx_word' id='word_1_213' title='bbox 467 1731 531 1779; x_wconf 88' lang='lat' dir='ltr'><strong>sunt</strong></span> <span class='ocrx_word' id='word_1_214' title='bbox 552 1724 793 1794; x_wconf 81' lang='lat' dir='ltr'><strong>imperatoremm</strong></span> <span class='ocrx_word' id='word_1_215' title='bbox 816 1718 851 1773; x_wconf 92' lang='lat' dir='ltr'><strong>ad</strong></span> <span class='ocrx_word' id='word_1_216' title='bbox 871 1732 933 1772; x_wconf 89' lang='lat' dir='ltr'><strong>eum</strong></span> <span class='ocrx_word' id='word_1_217' title='bbox 949 1705 1094 1791; x_wconf 79' lang='lat' dir='ltr'><strong>liquidem</strong></span> <span class='ocrx_word' id='word_1_218' title='bbox 1113 1729 1194 1791; x_wconf 83' lang='lat' dir='ltr'><strong>atque</strong></span> <span class='ocrx_word' id='word_1_219' title='bbox 1213 1720 1366 1776; x_wconf 73' lang='lat' dir='ltr'><strong>bichardus</strong></span> <span class='ocrx_word' id='word_1_220' title='bbox 1389 1721 1546 1790; x_wconf 87' lang='lat' dir='ltr'><strong>imperatori</strong></span> <span class='ocrx_word' id='word_1_221' title='bbox 1569 1737 1585 1775; x_wconf 90' lang='lat' dir='ltr'><strong>a</strong></span> <span class='ocrx_word' id='word_1_222' title='bbox 1606 1721 1694 1776; x_wconf 80' lang='lat' dir='ltr'><strong>Frisia</strong></span> <span class='ocrx_word' id='word_1_223' title='bbox 1716 1731 1780 1792; x_wconf 89' lang='lat' dir='ltr'><strong>post</strong></span> 
     </span>
     <span class='ocr_line' id='line_1_18' title="bbox 141 1809 1778 1888; baseline -0.003 -13"><span class='ocrx_word' id='word_1_224' title='bbox 141 1820 240 1875; x_wconf 83' lang='lat' dir='ltr'><strong>ntissos</strong></span> <span class='ocrx_word' id='word_1_225' title='bbox 255 1815 383 1888; x_wconf 81' lang='lat' dir='ltr'><strong>pacificos</strong></span> <span class='ocrx_word' id='word_1_226' title='bbox 397 1814 517 1869; x_wconf 86' lang='lat' dir='ltr'><strong>mitteret</strong></span> <span class='ocrx_word' id='word_1_227' title='bbox 529 1820 558 1867; x_wconf 88' lang='lat' dir='ltr'><strong>et</strong></span> <span class='ocrx_word' id='word_1_228' title='bbox 571 1812 605 1867; x_wconf 90' lang='lat' dir='ltr'><strong>ad</strong></span> <span class='ocrx_word' id='word_1_229' title='bbox 617 1812 670 1867; x_wconf 90' lang='lat' dir='ltr'><strong>hoc</strong></span> <span class='ocrx_word' id='word_1_230' title='bbox 692 1811 781 1881; x_wconf 82' lang='lat' dir='ltr'><strong>ipsum</strong></span> <span class='ocrx_word' id='word_1_231' title='bbox 793 1809 933 1863; x_wconf 77' lang='lat' dir='ltr'><strong>invitaret.</strong></span> <span class='ocrx_word' id='word_1_232' title='bbox 983 1812 1075 1884; x_wconf 66' lang='lat' dir='ltr'><strong>lugam</strong></span> <span class='ocrx_word' id='word_1_233' title='bbox 1088 1812 1325 1869; x_wconf 82' lang='lat' dir='ltr'><strong>Nordmannorum</strong></span> <span class='ocrx_word' id='word_1_234' title='bbox 1340 1814 1497 1879; x_wconf 84' lang='lat' dir='ltr'><strong>reuertenti,</strong></span> <span class='ocrx_word' id='word_1_235' title='bbox 1519 1815 1582 1869; x_wconf 83' lang='lat' dir='ltr'><strong>talia</strong></span> <span class='ocrx_word' id='word_1_236' title='bbox 1601 1815 1727 1870; x_wconf 89' lang='lat' dir='ltr'><strong>nuntiant</strong></span> <span class='ocrx_word' id='word_1_237' title='bbox 1750 1815 1778 1870; x_wconf 93' lang='lat' dir='ltr'><strong>in</strong></span> 
     </span>
     <span class='ocr_line' id='line_1_19' title="bbox 141 1901 1781 1980; baseline -0.002 -17"><span class='ocrx_word' id='word_1_238' title='bbox 141 1911 208 1980; x_wconf 80' lang='lat' dir='ltr'><strong>Qui,</strong></span> <span class='ocrx_word' id='word_1_239' title='bbox 228 1917 258 1963; x_wconf 92' lang='lat' dir='ltr'><strong>ut</strong></span> <span class='ocrx_word' id='word_1_240' title='bbox 279 1906 339 1979; x_wconf 89' lang='lat' dir='ltr'><strong>paci</strong></span> <span class='ocrx_word' id='word_1_241' title='bbox 364 1920 472 1975; x_wconf 83' lang='lat' dir='ltr'><strong>semper</strong></span> <span class='ocrx_word' id='word_1_242' title='bbox 486 1904 616 1970; x_wconf 77' lang='lat' dir='ltr'><strong>studens,</strong></span> <span class='ocrx_word' id='word_1_243' title='bbox 641 1917 800 1973; x_wconf 74' lang='lat' dir='ltr'><strong>semperque</strong></span> <span class='ocrx_word' id='word_1_244' title='bbox 821 1901 936 1956; x_wconf 86' lang='lat' dir='ltr'><strong>dilector</strong></span> <span class='ocrx_word' id='word_1_245' title='bbox 984 1902 1188 1965; x_wconf 80' lang='lat' dir='ltr'><strong>Franeonolord</strong></span> <span class='ocrx_word' id='word_1_246' title='bbox 1209 1903 1329 1973; x_wconf 87' lang='lat' dir='ltr'><strong>palatin:</strong></span> <span class='ocrx_word' id='word_1_247' title='bbox 1350 1902 1395 1956; x_wconf 90' lang='lat' dir='ltr'><strong>uhi</strong></span> <span class='ocrx_word' id='word_1_248' title='bbox 1416 1903 1473 1972; x_wconf 86' lang='lat' dir='ltr'><strong>ipse</strong></span> <span class='ocrx_word' id='word_1_249' title='bbox 1493 1904 1677 1959; x_wconf 74' lang='lat' dir='ltr'><strong>autumnalem</strong></span> <span class='ocrx_word' id='word_1_250' title='bbox 1701 1918 1781 1959; x_wconf 80' lang='lat' dir='ltr'><strong>exer·</strong></span> 
     </span>
     <span class='ocr_line' id='line_1_20' title="bbox 101 1982 1860 2074; baseline -0.01 -7"><span class='ocrx_word' id='word_1_251' title='bbox 101 2061 104 2067; x_wconf 87' lang='lat'>.</span> <span class='ocrx_word' id='word_1_252' title='bbox 141 2003 216 2074; x_wconf 87' lang='lat' dir='ltr'><strong>pacis</strong></span> <span class='ocrx_word' id='word_1_253' title='bbox 230 2008 311 2070; x_wconf 81' lang='lat' dir='ltr'><strong>atque</strong></span> <span class='ocrx_word' id='word_1_254' title='bbox 331 2009 434 2054; x_wconf 76' lang='lat' dir='ltr'><strong>smawr</strong></span> <span class='ocrx_word' id='word_1_255' title='bbox 454 1997 606 2061; x_wconf 77' lang='lat' dir='ltr'><strong>firmitatis,</strong></span> <span class='ocrx_word' id='word_1_256' title='bbox 629 1996 768 2065; x_wconf 72' lang='lat' dir='ltr'><strong>quaerebai</strong></span> <span class='ocrx_word' id='word_1_257' title='bbox 786 2009 840 2049; x_wconf 80' lang='lat' dir='ltr'><strong>non</strong></span> <span class='ocrx_word' id='word_1_258' title='bbox 856 1992 936 2047; x_wconf 79' lang='lat' dir='ltr'><strong>11¹⁰d0</strong></span> <span class='ocrx_word' id='word_1_259' title='bbox 985 2012 1050 2053; x_wconf 89' lang='lat' dir='ltr'><strong>eens</strong></span> <span class='ocrx_word' id='word_1_260' title='bbox 1061 1998 1241 2063; x_wconf 82' lang='lat' dir='ltr'><strong>renationem,</strong></span> <span class='ocrx_word' id='word_1_261' title='bbox 1253 1996 1403 2051; x_wconf 85' lang='lat' dir='ltr'><strong>hiematum</strong></span> <span class='ocrx_word' id='word_1_262' title='bbox 1412 1992 1582 2065; x_wconf 72' lang='lat' dir='ltr'><strong>Aquasgranl</strong></span> <span class='ocrx_word' id='word_1_263' title='bbox 1593 2011 1654 2051; x_wconf 86' lang='lat' dir='ltr'><strong>sese</strong></span> <span class='ocrx_word' id='word_1_264' title='bbox 1666 2010 1780 2051; x_wconf 84' lang='lat' dir='ltr'><strong>conver·</strong></span> <span class='ocrx_word' id='word_1_265' title='bbox 1856 1982 1860 1991; x_wconf 78' lang='grc'><strong>’</strong></span> 
     </span>
     <span class='ocr_line' id='line_1_21' title="bbox 141 2082 1781 2159; baseline -0.006 -9"><span class='ocrx_word' id='word_1_266' title='bbox 141 2094 222 2159; x_wconf 88' lang='lat' dir='ltr'><strong>lilios,</strong></span> <span class='ocrx_word' id='word_1_267' title='bbox 242 2092 290 2147; x_wconf 90' lang='lat' dir='ltr'><strong>sed</strong></span> <span class='ocrx_word' id='word_1_268' title='bbox 305 2099 332 2146; x_wconf 88' lang='lat' dir='ltr'><strong>et</strong></span> <span class='ocrx_word' id='word_1_269' title='bbox 355 2089 480 2144; x_wconf 87' lang='lat' dir='ltr'><strong>inimicos</strong></span> <span class='ocrx_word' id='word_1_270' title='bbox 495 2088 545 2143; x_wconf 87' lang='lat' dir='ltr'><strong>sihi</strong></span> <span class='ocrx_word' id='word_1_271' title='bbox 567 2087 702 2142; x_wconf 85' lang='lat' dir='ltr'><strong>charitate</strong></span> <span class='ocrx_word' id='word_1_272' title='bbox 724 2084 808 2150; x_wconf 90' lang='lat' dir='ltr'><strong>uniri,</strong></span> <span class='ocrx_word' id='word_1_273' title='bbox 820 2082 937 2139; x_wconf 82' lang='lat' dir='ltr'><strong>libenter</strong></span> <span class='ocrx_word' id='word_1_274' title='bbox 986 2087 1029 2142; x_wconf 92' lang='lat' dir='ltr'><strong>tit.</strong></span> <span class='ocrx_word' id='word_1_275' title='bbox 1045 2087 1080 2142; x_wconf 75' lang='lat' dir='ltr'><strong>Aa</strong></span> <span class='ocrx_word' id='word_1_276' title='bbox 1091 2101 1156 2141; x_wconf 87' lang='lat' dir='ltr'><strong>vero</strong></span> <span class='ocrx_word' id='word_1_277' title='bbox 1171 2085 1342 2142; x_wconf 75' lang='lat' dir='ltr'><strong>herebaldus</strong></span> <span class='ocrx_word' id='word_1_278' title='bbox 1353 2085 1476 2146; x_wconf 80' lang='lat' dir='ltr'><strong>Romam,</strong></span> <span class='ocrx_word' id='word_1_279' title='bbox 1494 2094 1523 2140; x_wconf 91' lang='lat' dir='ltr'><strong>ut</strong></span> <span class='ocrx_word' id='word_1_280' title='bbox 1535 2085 1642 2155; x_wconf 79' lang='lat' dir='ltr'><strong>jussum</strong></span> <span class='ocrx_word' id='word_1_281' title='bbox 1657 2085 1709 2143; x_wconf 83' lang='lat' dir='ltr'><strong>sihi</strong></span> <span class='ocrx_word' id='word_1_282' title='bbox 1722 2084 1781 2141; x_wconf 88' lang='lat' dir='ltr'><strong>lue·</strong></span> 
     </span>
     <span class='ocr_line' id='line_1_22' title="bbox 141 2176 1780 2248; baseline -0.007 -8"><span class='ocrx_word' id='word_1_283' title='bbox 141 2199 270 2240; x_wconf 80' lang='lat' dir='ltr'><strong>assermns</strong></span> <span class='ocrx_word' id='word_1_284' title='bbox 281 2189 335 2236; x_wconf 89' lang='lat' dir='ltr'><strong>est.</strong></span> <span class='ocrx_word' id='word_1_285' title='bbox 344 2180 372 2234; x_wconf 92' lang='lat' dir='ltr'><strong>ln</strong></span> <span class='ocrx_word' id='word_1_286' title='bbox 385 2179 509 2234; x_wconf 88' lang='lat' dir='ltr'><strong>condictu</strong></span> <span class='ocrx_word' id='word_1_287' title='bbox 522 2193 604 2248; x_wconf 87' lang='lat' dir='ltr'><strong>porro</strong></span> <span class='ocrx_word' id='word_1_288' title='bbox 615 2177 689 2241; x_wconf 80' lang='lat' dir='ltr'><strong>nilla,</strong></span> <span class='ocrx_word' id='word_1_289' title='bbox 700 2185 728 2231; x_wconf 89' lang='lat' dir='ltr'><strong>et</strong></span> <span class='ocrx_word' id='word_1_290' title='bbox 740 2183 861 2246; x_wconf 89' lang='lat' dir='ltr'><strong>tempore</strong></span> <span class='ocrx_word' id='word_1_291' title='bbox 871 2189 938 2244; x_wconf 74' lang='lat' dir='ltr'><strong>prae</strong></span> <span class='ocrx_word' id='word_1_292' title='bbox 986 2186 1040 2243; x_wconf 92' lang='lat' dir='ltr'><strong>rat,</strong></span> <span class='ocrx_word' id='word_1_293' title='bbox 1052 2178 1184 2247; x_wconf 80' lang='lat' dir='ltr'><strong>peruenit,</strong></span> <span class='ocrx_word' id='word_1_294' title='bbox 1198 2177 1337 2233; x_wconf 89' lang='lat' dir='ltr'><strong>dominnm</strong></span> <span class='ocrx_word' id='word_1_295' title='bbox 1351 2176 1512 2246; x_wconf 78' lang='lat' dir='ltr'><strong>Gregorium</strong></span> <span class='ocrx_word' id='word_1_296' title='bbox 1526 2191 1624 2247; x_wconf 87' lang='lat' dir='ltr'><strong>papam</strong></span> <span class='ocrx_word' id='word_1_297' title='bbox 1641 2183 1780 2247; x_wconf 68' lang='lat' dir='ltr'><strong>egrotan-</strong></span> 
     </span>
     <span class='ocr_line' id='line_1_23' title="bbox 142 2263 1783 2336; baseline -0.002 -9"><span class='ocrx_word' id='word_1_298' title='bbox 142 2272 228 2333; x_wconf 87' lang='lat' dir='ltr'><strong>iinito,</strong></span> <span class='ocrx_word' id='word_1_299' title='bbox 244 2269 354 2325; x_wconf 78' lang='lat' dir='ltr'><strong>adsuere</strong></span> <span class='ocrx_word' id='word_1_300' title='bbox 365 2266 441 2323; x_wconf 88' lang='lat' dir='ltr'><strong>missi</strong></span> <span class='ocrx_word' id='word_1_301' title='bbox 454 2281 469 2319; x_wconf 90' lang='lat' dir='ltr'><strong>a</strong></span> <span class='ocrx_word' id='word_1_302' title='bbox 484 2265 551 2329; x_wconf 86' lang='lat' dir='ltr'><strong>lilio,</strong></span> <span class='ocrx_word' id='word_1_303' title='bbox 564 2279 633 2334; x_wconf 84' lang='lat' dir='ltr'><strong>qrros</strong></span> <span class='ocrx_word' id='word_1_304' title='bbox 647 2265 705 2334; x_wconf 88' lang='lat' dir='ltr'><strong>ipse</strong></span> <span class='ocrx_word' id='word_1_305' title='bbox 717 2265 862 2333; x_wconf 71' lang='lat' dir='ltr'><strong>praeemit,</strong></span> <span class='ocrx_word' id='word_1_306' title='bbox 878 2263 938 2333; x_wconf 92' lang='lat' dir='ltr'><strong>plu·</strong></span> <span class='ocrx_word' id='word_1_307' title='bbox 987 2277 1042 2323; x_wconf 74' lang='lat' dir='ltr'><strong>mm</strong></span> <span class='ocrx_word' id='word_1_308' title='bbox 1066 2268 1181 2336; x_wconf 88' lang='lat' dir='ltr'><strong>reperit,</strong></span> <span class='ocrx_word' id='word_1_309' title='bbox 1204 2276 1232 2322; x_wconf 88' lang='lat' dir='ltr'><strong>et</strong></span> <span class='ocrx_word' id='word_1_310' title='bbox 1250 2268 1368 2323; x_wconf 78' lang='lat' dir='ltr'><strong>maxime</strong></span> <span class='ocrx_word' id='word_1_311' title='bbox 1386 2266 1460 2321; x_wconf 79' lang='lat' dir='ltr'><strong>liunu</strong></span> <span class='ocrx_word' id='word_1_312' title='bbox 1480 2267 1633 2336; x_wconf 77' lang='lat' dir='ltr'><strong>sanguinis,</strong></span> <span class='ocrx_word' id='word_1_313' title='bbox 1654 2269 1701 2336; x_wconf 86' lang='lat' dir='ltr'><strong>qui</strong></span> <span class='ocrx_word' id='word_1_314' title='bbox 1717 2267 1783 2326; x_wconf 86' lang='lat' dir='ltr'><strong>licet</strong></span> 
     </span>
     <span class='ocr_line' id='line_1_24' title="bbox 143 2351 1779 2424; baseline -0.002 -8"><span class='ocrx_word' id='word_1_315' title='bbox 143 2361 216 2424; x_wconf 90' lang='lat' dir='ltr'><strong>rimi,</strong></span> <span class='ocrx_word' id='word_1_316' title='bbox 238 2361 309 2414; x_wconf 87' lang='lat' dir='ltr'><strong>inter</strong></span> <span class='ocrx_word' id='word_1_317' title='bbox 323 2370 391 2424; x_wconf 87' lang='lat' dir='ltr'><strong>quos</strong></span> <span class='ocrx_word' id='word_1_318' title='bbox 412 2355 495 2409; x_wconf 85' lang='lat' dir='ltr'><strong>etlam</strong></span> <span class='ocrx_word' id='word_1_319' title='bbox 514 2354 593 2410; x_wconf 81' lang='lat' dir='ltr'><strong>wala</strong></span> <span class='ocrx_word' id='word_1_320' title='bbox 614 2353 719 2423; x_wconf 83' lang='lat' dir='ltr'><strong>primus</strong></span> <span class='ocrx_word' id='word_1_321' title='bbox 734 2351 831 2406; x_wconf 86' lang='lat' dir='ltr'><strong>adluit.</strong></span> <span class='ocrx_word' id='word_1_322' title='bbox 851 2351 938 2408; x_wconf 86' lang='lat' dir='ltr'><strong>Causa</strong></span> <span class='ocrx_word' id='word_1_323' title='bbox 988 2358 1101 2423; x_wconf 86' lang='lat' dir='ltr'><strong>sensim,</strong></span> <span class='ocrx_word' id='word_1_324' title='bbox 1123 2358 1250 2412; x_wconf 78' lang='lat' dir='ltr'><strong>continue</strong></span> <span class='ocrx_word' id='word_1_325' title='bbox 1268 2366 1357 2413; x_wconf 84' lang='lat' dir='ltr'><strong>tamen</strong></span> <span class='ocrx_word' id='word_1_326' title='bbox 1381 2373 1414 2413; x_wconf 82' lang='lat' dir='ltr'><strong>ex</strong></span> <span class='ocrx_word' id='word_1_327' title='bbox 1430 2358 1543 2413; x_wconf 87' lang='lat' dir='ltr'><strong>naribus</strong></span> <span class='ocrx_word' id='word_1_328' title='bbox 1560 2357 1704 2413; x_wconf 76' lang='lat' dir='ltr'><strong>defluebat.</strong></span> <span class='ocrx_word' id='word_1_329' title='bbox 1725 2358 1779 2413; x_wconf 84' lang='lat' dir='ltr'><strong>Sed</strong></span> 
     </span>
     <span class='ocr_line' id='line_1_25' title="bbox 143 2442 1784 2518; baseline 0.001 -11"><span class='ocrx_word' id='word_1_330' title='bbox 143 2459 233 2507; x_wconf 86' lang='lat' dir='ltr'><strong>autem</strong></span> <span class='ocrx_word' id='word_1_331' title='bbox 248 2443 527 2518; x_wconf 62' lang='lat' dir='ltr'><strong>praedirwvenlildla.</strong></span> <span class='ocrx_word' id='word_1_332' title='bbox 541 2452 623 2513; x_wconf 69' lang='lat' dir='ltr'><strong>illiue</strong></span> <span class='ocrx_word' id='word_1_333' title='bbox 633 2444 668 2497; x_wconf 65' lang='lat' dir='ltr'><strong>id</strong></span> <span class='ocrx_word' id='word_1_334' title='bbox 681 2442 784 2497; x_wconf 61' lang='lat' dir='ltr'><strong>calcem</strong></span> <span class='ocrx_word' id='word_1_335' title='bbox 795 2442 937 2512; x_wconf 62' lang='lat' dir='ltr'><strong>perducit.</strong></span> <span class='ocrx_word' id='word_1_336' title='bbox 988 2456 1064 2504; x_wconf 80' lang='lat' dir='ltr'><strong>tanta</strong></span> <span class='ocrx_word' id='word_1_337' title='bbox 1079 2448 1222 2504; x_wconf 79' lang='lat' dir='ltr'><strong>alacritate</strong></span> <span class='ocrx_word' id='word_1_338' title='bbox 1242 2456 1272 2503; x_wconf 87' lang='lat' dir='ltr'><strong>et</strong></span> <span class='ocrx_word' id='word_1_339' title='bbox 1294 2449 1391 2518; x_wconf 77' lang='lat' dir='ltr'><strong>gaudio</strong></span> <span class='ocrx_word' id='word_1_340' title='bbox 1410 2450 1443 2504; x_wconf 90' lang='lat' dir='ltr'><strong>ad</strong></span> <span class='ocrx_word' id='word_1_341' title='bbox 1462 2450 1543 2505; x_wconf 82' lang='lat' dir='ltr'><strong>rerba</strong></span> <span class='ocrx_word' id='word_1_342' title='bbox 1568 2449 1740 2518; x_wconf 83' lang='lat' dir='ltr'><strong>imperatoris</strong></span> <span class='ocrx_word' id='word_1_343' title='bbox 1755 2460 1784 2509; x_wconf 87' lang='lat' dir='ltr'><strong>et</strong></span> 
     </span>
     <span class='ocr_line' id='line_1_26' title="bbox 144 2532 1784 2609; baseline -0.001 -12"><span class='ocrx_word' id='word_1_344' title='bbox 144 2541 292 2609; x_wconf 89' lang='lat' dir='ltr'><strong>imperator</strong></span> <span class='ocrx_word' id='word_1_345' title='bbox 304 2552 366 2593; x_wconf 90' lang='lat' dir='ltr'><strong>curn</strong></span> <span class='ocrx_word' id='word_1_346' title='bbox 379 2533 494 2606; x_wconf 66' lang='lat' dir='ltr'><strong>coniuge</strong></span> <span class='ocrx_word' id='word_1_347' title='bbox 508 2533 679 2591; x_wconf 88' lang='lat' dir='ltr'><strong>reconciliari</strong></span> <span class='ocrx_word' id='word_1_348' title='bbox 701 2532 803 2596; x_wconf 86' lang='lat' dir='ltr'><strong>uoluit,</strong></span> <span class='ocrx_word' id='word_1_349' title='bbox 818 2532 938 2603; x_wconf 90' lang='lat' dir='ltr'><strong>primum</strong></span> <span class='ocrx_word' id='word_1_350' title='bbox 989 2536 1191 2607; x_wconf 81' lang='lat' dir='ltr'><strong>compassiones</strong></span> <span class='ocrx_word' id='word_1_351' title='bbox 1205 2537 1264 2607; x_wconf 78' lang='lat' dir='ltr'><strong>ejus</strong></span> <span class='ocrx_word' id='word_1_352' title='bbox 1278 2545 1417 2593; x_wconf 86' lang='lat' dir='ltr'><strong>recreatus</strong></span> <span class='ocrx_word' id='word_1_353' title='bbox 1432 2548 1484 2602; x_wconf 86' lang='lat' dir='ltr'><strong>est,</strong></span> <span class='ocrx_word' id='word_1_354' title='bbox 1509 2546 1539 2593; x_wconf 93' lang='lat' dir='ltr'><strong>ut</strong></span> <span class='ocrx_word' id='word_1_355' title='bbox 1561 2538 1736 2608; x_wconf 76' lang='lat' dir='ltr'><strong>profiteretur</strong></span> <span class='ocrx_word' id='word_1_356' title='bbox 1752 2555 1784 2596; x_wconf 87' lang='lat' dir='ltr'><strong>se</strong></span> 
     </span>
     <span class='ocr_line' id='line_1_27' title="bbox 145 2623 1784 2697; baseline 0.001 -15"><span class='ocrx_word' id='word_1_357' title='bbox 145 2628 197 2697; x_wconf 89' lang='lat' dir='ltr'><strong>ipsi</strong></span> <span class='ocrx_word' id='word_1_358' title='bbox 218 2626 302 2682; x_wconf 80' lang='lat' dir='ltr'><strong>Wube</strong></span> <span class='ocrx_word' id='word_1_359' title='bbox 325 2626 444 2681; x_wconf 88' lang='lat' dir='ltr'><strong>dimissis</strong></span> <span class='ocrx_word' id='word_1_360' title='bbox 464 2638 632 2696; x_wconf 72' lang='lat' dir='ltr'><strong>quaecunque</strong></span> <span class='ocrx_word' id='word_1_361' title='bbox 650 2624 678 2679; x_wconf 91' lang='lat' dir='ltr'><strong>in</strong></span> <span class='ocrx_word' id='word_1_362' title='bbox 703 2638 750 2678; x_wconf 90' lang='lat' dir='ltr'><strong>cos</strong></span> <span class='ocrx_word' id='word_1_363' title='bbox 764 2623 941 2678; x_wconf 86' lang='lat' dir='ltr'><strong>commiserat</strong></span> <span class='ocrx_word' id='word_1_364' title='bbox 988 2640 1058 2696; x_wconf 87' lang='lat' dir='ltr'><strong>pene</strong></span> <span class='ocrx_word' id='word_1_365' title='bbox 1074 2626 1306 2682; x_wconf 86' lang='lat' dir='ltr'><strong>incommoditatis</strong></span> <span class='ocrx_word' id='word_1_366' title='bbox 1317 2626 1434 2697; x_wconf 81' lang='lat' dir='ltr'><strong>propriae</strong></span> <span class='ocrx_word' id='word_1_367' title='bbox 1443 2626 1566 2681; x_wconf 86' lang='lat' dir='ltr'><strong>oblitum.</strong></span> <span class='ocrx_word' id='word_1_368' title='bbox 1578 2626 1671 2697; x_wconf 87' lang='lat' dir='ltr'><strong>ltaque</strong></span> <span class='ocrx_word' id='word_1_369' title='bbox 1680 2637 1709 2684; x_wconf 88' lang='lat' dir='ltr'><strong>et</strong></span> <span class='ocrx_word' id='word_1_370' title='bbox 1719 2631 1784 2684; x_wconf 80' lang='lat' dir='ltr'><strong>mis·</strong></span> 
     </span>
     <span class='ocr_line' id='line_1_28' title="bbox 145 2713 1784 2787; baseline 0 -13"><span class='ocrx_word' id='word_1_371' title='bbox 145 2717 354 2783; x_wconf 89' lang='lat' dir='ltr'><strong>delictis,multa</strong></span> <span class='ocrx_word' id='word_1_372' title='bbox 360 2717 500 2774; x_wconf 86' lang='lat' dir='ltr'><strong>alacritate</strong></span> <span class='ocrx_word' id='word_1_373' title='bbox 507 2725 535 2772; x_wconf 90' lang='lat' dir='ltr'><strong>ct</strong></span> <span class='ocrx_word' id='word_1_374' title='bbox 541 2715 803 2787; x_wconf 72' lang='lat' dir='ltr'><strong>benignitatecurdis</strong></span> <span class='ocrx_word' id='word_1_375' title='bbox 812 2731 819 2781; x_wconf 90' lang='grc'>;</span> <span class='ocrx_word' id='word_1_376' title='bbox 829 2714 940 2768; x_wconf 90' lang='lat' dir='ltr'><strong>manda·</strong></span> <span class='ocrx_word' id='word_1_377' title='bbox 990 2728 1050 2768; x_wconf 79' lang='lat' dir='ltr'><strong>stur</strong></span> <span class='ocrx_word' id='word_1_378' title='bbox 1063 2713 1097 2768; x_wconf 89' lang='lat' dir='ltr'><strong>ad</strong></span> <span class='ocrx_word' id='word_1_379' title='bbox 1118 2727 1148 2768; x_wconf 91' lang='lat' dir='ltr'><strong>se</strong></span> <span class='ocrx_word' id='word_1_380' title='bbox 1160 2713 1366 2784; x_wconf 84' lang='lat' dir='ltr'><strong>opulentissime</strong></span> <span class='ocrx_word' id='word_1_381' title='bbox 1380 2714 1485 2769; x_wconf 86' lang='lat' dir='ltr'><strong>curarit</strong></span> <span class='ocrx_word' id='word_1_382' title='bbox 1498 2715 1570 2784; x_wconf 86' lang='lat' dir='ltr'><strong>apud</strong></span> <span class='ocrx_word' id='word_1_383' title='bbox 1592 2731 1621 2772; x_wconf 90' lang='lat' dir='ltr'><strong>se</strong></span> <span class='ocrx_word' id='word_1_384' title='bbox 1634 2717 1784 2775; x_wconf 84' lang='lat' dir='ltr'><strong>consisten-</strong></span> 
     </span>
     <span class='ocr_line' id='line_1_29' title="bbox 144 2803 1786 2880; baseline 0.001 -17"><span class='ocrx_word' id='word_1_385' title='bbox 144 2810 236 2880; x_wconf 81' lang='lat' dir='ltr'><strong>titque</strong></span> <span class='ocrx_word' id='word_1_386' title='bbox 248 2824 296 2879; x_wconf 90' lang='lat' dir='ltr'><strong>per</strong></span> <span class='ocrx_word' id='word_1_387' title='bbox 308 2824 370 2863; x_wconf 90' lang='lat' dir='ltr'><strong>eum</strong></span> <span class='ocrx_word' id='word_1_388' title='bbox 383 2819 410 2865; x_wconf 94' lang='lat' dir='ltr'><strong>ct</strong></span> <span class='ocrx_word' id='word_1_389' title='bbox 423 2816 535 2865; x_wconf 77' lang='lat' dir='ltr'><strong>caeterm</strong></span> <span class='ocrx_word' id='word_1_390' title='bbox 545 2807 600 2875; x_wconf 87' lang='lat' dir='ltr'><strong>lilio</strong></span> <span class='ocrx_word' id='word_1_391' title='bbox 610 2807 719 2869; x_wconf 85' lang='lat' dir='ltr'><strong>misses,</strong></span> <span class='ocrx_word' id='word_1_392' title='bbox 734 2813 764 2860; x_wconf 91' lang='lat' dir='ltr'><strong>ut</strong></span> <span class='ocrx_word' id='word_1_393' title='bbox 776 2803 940 2877; x_wconf 84' lang='lat' dir='ltr'><strong>quantocius</strong></span> <span class='ocrx_word' id='word_1_394' title='bbox 990 2811 1063 2870; x_wconf 85' lang='lat' dir='ltr'><strong>tem,</strong></span> <span class='ocrx_word' id='word_1_395' title='bbox 1088 2812 1116 2860; x_wconf 94' lang='lat' dir='ltr'><strong>et</strong></span> <span class='ocrx_word' id='word_1_396' title='bbox 1140 2803 1273 2861; x_wconf 85' lang='lat' dir='ltr'><strong>ditissime</strong></span> <span class='ocrx_word' id='word_1_397' title='bbox 1295 2803 1448 2859; x_wconf 79' lang='lat' dir='ltr'><strong>muneravit</strong></span> <span class='ocrx_word' id='word_1_398' title='bbox 1470 2805 1657 2861; x_wconf 81' lang='lat' dir='ltr'><strong>recedentem:</strong></span> <span class='ocrx_word' id='word_1_399' title='bbox 1673 2806 1786 2864; x_wconf 85' lang='lat' dir='ltr'><strong>mittens</strong></span> 
     </span>
     <span class='ocr_line' id='line_1_30' title="bbox 144 2893 1785 2965; baseline 0.003 -17"><span class='ocrx_word' id='word_1_400' title='bbox 144 2900 258 2954; x_wconf 86' lang='lat' dir='ltr'><strong>reniret.</strong></span> <span class='ocrx_word' id='word_1_401' title='bbox 274 2898 350 2965; x_wconf 85' lang='lat' dir='ltr'><strong>Quod</strong></span> <span class='ocrx_word' id='word_1_402' title='bbox 366 2899 389 2952; x_wconf 90' lang='lat' dir='ltr'><strong>si</strong></span> <span class='ocrx_word' id='word_1_403' title='bbox 404 2897 522 2964; x_wconf 85' lang='lat' dir='ltr'><strong>luceret,</strong></span> <span class='ocrx_word' id='word_1_404' title='bbox 539 2896 740 2953; x_wconf 83' lang='lat' dir='ltr'><strong>consultissime</strong></span> <span class='ocrx_word' id='word_1_405' title='bbox 752 2893 804 2951; x_wconf 85' lang='lat' dir='ltr'><strong>sibi</strong></span> <span class='ocrx_word' id='word_1_406' title='bbox 818 2894 939 2957; x_wconf 80' lang='lat' dir='ltr'><strong>luutruut</strong></span> <span class='ocrx_word' id='word_1_407' title='bbox 991 2909 1053 2950; x_wconf 88' lang='lat' dir='ltr'><strong>eum</strong></span> <span class='ocrx_word' id='word_1_408' title='bbox 1065 2910 1098 2950; x_wconf 89' lang='lat' dir='ltr'><strong>eo</strong></span> <span class='ocrx_word' id='word_1_409' title='bbox 1111 2895 1178 2951; x_wconf 87' lang='lat' dir='ltr'><strong>duos</strong></span> <span class='ocrx_word' id='word_1_410' title='bbox 1189 2896 1343 2965; x_wconf 86' lang='lat' dir='ltr'><strong>episcopos,</strong></span> <span class='ocrx_word' id='word_1_411' title='bbox 1357 2893 1468 2950; x_wconf 85' lang='lat' dir='ltr'><strong>Petrum</strong></span> <span class='ocrx_word' id='word_1_412' title='bbox 1480 2895 1721 2955; x_wconf 85' lang='lat' dir='ltr'><strong>Centumcellensis</strong></span> <span class='ocrx_word' id='word_1_413' title='bbox 1739 2915 1785 2953; x_wconf 88' lang='lat' dir='ltr'><strong>ur·</strong></span> 
     </span>
     <span class='ocr_line' id='line_1_31' title="bbox 145 2981 1784 3059; baseline 0 -14"><span class='ocrx_word' id='word_1_414' title='bbox 145 2990 237 3046; x_wconf 87' lang='lat' dir='ltr'><strong>sciret.</strong></span> <span class='ocrx_word' id='word_1_415' title='bbox 252 2988 460 3055; x_wconf 84' lang='lat' dir='ltr'><strong>Quiredierunt,</strong></span> <span class='ocrx_word' id='word_1_416' title='bbox 473 2996 501 3044; x_wconf 91' lang='lat' dir='ltr'><strong>et</strong></span> <span class='ocrx_word' id='word_1_417' title='bbox 515 2988 641 3043; x_wconf 88' lang='lat' dir='ltr'><strong>liliorem</strong></span> <span class='ocrx_word' id='word_1_418' title='bbox 657 2985 818 3042; x_wconf 87' lang='lat' dir='ltr'><strong>retulerunt.</strong></span> <span class='ocrx_word' id='word_1_419' title='bbox 834 2981 949 3039; x_wconf 81' lang='lat' dir='ltr'><strong>sedne</strong></span> <span class='ocrx_word' id='word_1_420' title='bbox 990 2987 1042 3052; x_wconf 88' lang='lat' dir='ltr'><strong>bis,</strong></span> <span class='ocrx_word' id='word_1_421' title='bbox 1055 2987 1240 3059; x_wconf 71' lang='lat' dir='ltr'><strong>etGeorgium</strong></span> <span class='ocrx_word' id='word_1_422' title='bbox 1254 2988 1436 3058; x_wconf 77' lang='lat' dir='ltr'><strong>regionarium</strong></span> <span class='ocrx_word' id='word_1_423' title='bbox 1457 2987 1588 3044; x_wconf 83' lang='lat' dir='ltr'><strong>Romanae</strong></span> <span class='ocrx_word' id='word_1_424' title='bbox 1610 2989 1688 3045; x_wconf 84' lang='lat' dir='ltr'><strong>urbis</strong></span> <span class='ocrx_word' id='word_1_425' title='bbox 1703 2990 1784 3046; x_wconf 87' lang='lat' dir='ltr'><strong>situul</strong></span> 
     </span>
     <span class='ocr_line' id='line_1_32' title="bbox 146 3034 1785 3150; baseline -0.001 -15"><span class='ocrx_word' id='word_1_426' title='bbox 146 3079 301 3135; x_wconf 82' lang='lat' dir='ltr'><strong>mandatum</strong></span> <span class='ocrx_word' id='word_1_427' title='bbox 325 3079 497 3148; x_wconf 87' lang='lat' dir='ltr'><strong>imperaturis</strong></span> <span class='ocrx_word' id='word_1_428' title='bbox 517 3079 550 3135; x_wconf 93' lang='lat' dir='ltr'><strong>ad</strong></span> <span class='ocrx_word' id='word_1_429' title='bbox 574 3077 699 3133; x_wconf 86' lang='lat' dir='ltr'><strong>ellectum</strong></span> <span class='ocrx_word' id='word_1_430' title='bbox 722 3077 936 3146; x_wconf 85' lang='lat' dir='ltr'><strong>perduceretur,</strong></span> <span class='ocrx_word' id='word_1_431' title='bbox 953 3034 977 3100; x_wconf 72' lang='lat' dir='ltr'>c</span> <span class='ocrx_word' id='word_1_432' title='bbox 992 3078 1158 3150; x_wconf 88' lang='lat' dir='ltr'><strong>episcopum.</strong></span> <span class='ocrx_word' id='word_1_433' title='bbox 1167 3078 1312 3135; x_wconf 79' lang='lat' dir='ltr'><strong>hetherius</strong></span> <span class='ocrx_word' id='word_1_434' title='bbox 1323 3093 1405 3147; x_wconf 86' lang='lat' dir='ltr'><strong>porro</strong></span> <span class='ocrx_word' id='word_1_435' title='bbox 1414 3087 1444 3133; x_wconf 94' lang='lat' dir='ltr'><strong>ut</strong></span> <span class='ocrx_word' id='word_1_436' title='bbox 1456 3078 1558 3134; x_wconf 82' lang='lat' dir='ltr'><strong>audiuit</strong></span> <span class='ocrx_word' id='word_1_437' title='bbox 1572 3089 1785 3135; x_wconf 85' lang='lat' dir='ltr'><strong>memoratorum</strong></span> 
     </span>
     <span class='ocr_line' id='line_1_33' title="bbox 145 3167 1784 3241; baseline -0.001 -16"><span class='ocrx_word' id='word_1_438' title='bbox 145 3169 256 3225; x_wconf 86' lang='lat' dir='ltr'><strong>morbus</strong></span> <span class='ocrx_word' id='word_1_439' title='bbox 268 3167 405 3237; x_wconf 81' lang='lat' dir='ltr'><strong>febrisque</strong></span> <span class='ocrx_word' id='word_1_440' title='bbox 419 3169 588 3234; x_wconf 86' lang='lat' dir='ltr'><strong>intercessit,</strong></span> <span class='ocrx_word' id='word_1_441' title='bbox 606 3178 633 3224; x_wconf 89' lang='lat' dir='ltr'><strong>et</strong></span> <span class='ocrx_word' id='word_1_442' title='bbox 650 3168 756 3223; x_wconf 83' lang='lat' dir='ltr'><strong>Walam</strong></span> <span class='ocrx_word' id='word_1_443' title='bbox 769 3169 879 3240; x_wconf 87' lang='lat' dir='ltr'><strong>quidem</strong></span> <span class='ocrx_word' id='word_1_444' title='bbox 895 3182 938 3224; x_wconf 87' lang='lat' dir='ltr'><strong>ra·</strong></span> <span class='ocrx_word' id='word_1_445' title='bbox 990 3170 1180 3241; x_wconf 83' lang='lat' dir='ltr'><strong>episcoporum</strong></span> <span class='ocrx_word' id='word_1_446' title='bbox 1203 3168 1237 3223; x_wconf 87' lang='lat' dir='ltr'><strong>ad</strong></span> <span class='ocrx_word' id='word_1_447' title='bbox 1256 3168 1395 3223; x_wconf 78' lang='lat' dir='ltr'><strong>danninum</strong></span> <span class='ocrx_word' id='word_1_448' title='bbox 1415 3169 1608 3239; x_wconf 87' lang='lat' dir='ltr'><strong>imperatorem</strong></span> <span class='ocrx_word' id='word_1_449' title='bbox 1622 3171 1784 3235; x_wconf 84' lang='lat' dir='ltr'><strong>adrentum,</strong></span> 
     </span>
     <span class='ocr_line' id='line_1_34' title="bbox 145 3257 1785 3330; baseline -0.001 -14"><span class='ocrx_word' id='word_1_450' title='bbox 145 3261 198 3317; x_wconf 92' lang='lat' dir='ltr'><strong>hus</strong></span> <span class='ocrx_word' id='word_1_451' title='bbox 216 3260 340 3315; x_wconf 84' lang='lat' dir='ltr'><strong>humanit</strong></span> <span class='ocrx_word' id='word_1_452' title='bbox 353 3261 475 3326; x_wconf 81' lang='lat' dir='ltr'><strong>abduxit,</strong></span> <span class='ocrx_word' id='word_1_453' title='bbox 491 3261 649 3316; x_wconf 75' lang='lat' dir='ltr'><strong>lotharium</strong></span> <span class='ocrx_word' id='word_1_454' title='bbox 664 3275 730 3316; x_wconf 80' lang='lat' dir='ltr'><strong>sero</strong></span> <span class='ocrx_word' id='word_1_455' title='bbox 749 3261 849 3317; x_wconf 90' lang='lat' dir='ltr'><strong>lectulo</strong></span> <span class='ocrx_word' id='word_1_456' title='bbox 869 3259 938 3329; x_wconf 79' lang='lat' dir='ltr'><strong>deji-</strong></span> <span class='ocrx_word' id='word_1_457' title='bbox 990 3259 1068 3314; x_wconf 89' lang='lat' dir='ltr'><strong>misit</strong></span> <span class='ocrx_word' id='word_1_458' title='bbox 1080 3257 1210 3324; x_wconf 65' lang='lat' dir='ltr'><strong>mrtem,</strong></span> <span class='ocrx_word' id='word_1_459' title='bbox 1222 3259 1269 3327; x_wconf 87' lang='lat' dir='ltr'><strong>qni</strong></span> <span class='ocrx_word' id='word_1_460' title='bbox 1284 3265 1340 3313; x_wconf 82' lang='lat' dir='ltr'><strong>urm</strong></span> <span class='ocrx_word' id='word_1_461' title='bbox 1354 3259 1425 3327; x_wconf 88' lang='lat' dir='ltr'><strong>apud</strong></span> <span class='ocrx_word' id='word_1_462' title='bbox 1440 3259 1515 3313; x_wconf 90' lang='lat' dir='ltr'><strong>illum</strong></span> <span class='ocrx_word' id='word_1_463' title='bbox 1528 3258 1685 3330; x_wconf 80' lang='lat' dir='ltr'><strong>magniloci</strong></span> <span class='ocrx_word' id='word_1_464' title='bbox 1700 3259 1785 3315; x_wconf 84' lang='lat' dir='ltr'><strong>habe·</strong></span> 
     </span>
     <span class='ocr_line' id='line_1_35' title="bbox 145 3335 1786 3422; baseline -0.002 -15"><span class='ocrx_word' id='word_1_465' title='bbox 145 3350 233 3416; x_wconf 85' lang='lat' dir='ltr'><strong>ciens,</strong></span> <span class='ocrx_word' id='word_1_466' title='bbox 253 3349 371 3405; x_wconf 82' lang='lat' dir='ltr'><strong>maximo</strong></span> <span class='ocrx_word' id='word_1_467' title='bbox 393 3359 513 3421; x_wconf 88' lang='lat' dir='ltr'><strong>tempore</strong></span> <span class='ocrx_word' id='word_1_468' title='bbox 533 3350 661 3422; x_wconf 79' lang='lat' dir='ltr'><strong>languere</strong></span> <span class='ocrx_word' id='word_1_469' title='bbox 687 3349 760 3406; x_wconf 88' lang='lat' dir='ltr'><strong>lecit.</strong></span> <span class='ocrx_word' id='word_1_470' title='bbox 788 3351 938 3420; x_wconf 84' lang='lat' dir='ltr'><strong>lmperator</strong></span> <span class='ocrx_word' id='word_1_471' title='bbox 989 3346 1080 3414; x_wconf 88' lang='lat' dir='ltr'><strong>batur,</strong></span> <span class='ocrx_word' id='word_1_472' title='bbox 1094 3346 1262 3404; x_wconf 83' lang='lat' dir='ltr'><strong>Bononiam:</strong></span> <span class='ocrx_word' id='word_1_473' title='bbox 1285 3348 1330 3416; x_wconf 17' lang='lat' dir='ltr'><strong>queri</strong></span> <span class='ocrx_word' id='word_1_474' title='bbox 1343 3363 1441 3420; x_wconf 79' lang='lat' dir='ltr'><strong>niagno</strong></span> <span class='ocrx_word' id='word_1_475' title='bbox 1455 3335 1589 3404; x_wconf 84' lang='lat' dir='ltr'><strong>intentato</strong></span> <span class='ocrx_word' id='word_1_476' title='bbox 1605 3357 1728 3417; x_wconf 87' lang='lat' dir='ltr'><strong>terrere,</strong></span> <span class='ocrx_word' id='word_1_477' title='bbox 1742 3351 1786 3406; x_wconf 86' lang='lat' dir='ltr'><strong>ul-</strong></span> 
     </span>
     <span class='ocr_line' id='line_1_36' title="bbox 146 3438 1786 3510; baseline 0 -15"><span class='ocrx_word' id='word_1_478' title='bbox 146 3455 212 3496; x_wconf 84' lang='lat' dir='ltr'><strong>vero</strong></span> <span class='ocrx_word' id='word_1_479' title='bbox 226 3440 452 3498; x_wconf 76' lang='lat' dir='ltr'><strong>elementissimus</strong></span> <span class='ocrx_word' id='word_1_480' title='bbox 472 3451 585 3508; x_wconf 85' lang='lat' dir='ltr'><strong>nutura,</strong></span> <span class='ocrx_word' id='word_1_481' title='bbox 601 3451 633 3498; x_wconf 89' lang='lat' dir='ltr'><strong>nt</strong></span> <span class='ocrx_word' id='word_1_482' title='bbox 645 3442 729 3499; x_wconf 83' lang='lat' dir='ltr'><strong>hlium</strong></span> <span class='ocrx_word' id='word_1_483' title='bbox 742 3444 854 3499; x_wconf 79' lang='lat' dir='ltr'><strong>adnmsa</strong></span> <span class='ocrx_word' id='word_1_484' title='bbox 866 3444 938 3500; x_wconf 83' lang='lat' dir='ltr'><strong>rale-</strong></span> <span class='ocrx_word' id='word_1_485' title='bbox 989 3448 1031 3494; x_wconf 83' lang='lat' dir='ltr'><strong>trs</strong></span> <span class='ocrx_word' id='word_1_486' title='bbox 1040 3440 1167 3510; x_wconf 78' lang='lat' dir='ltr'><strong>progredi</strong></span> <span class='ocrx_word' id='word_1_487' title='bbox 1181 3440 1323 3510; x_wconf 87' lang='lat' dir='ltr'><strong>episcopos</strong></span> <span class='ocrx_word' id='word_1_488' title='bbox 1344 3438 1492 3508; x_wconf 78' lang='lat' dir='ltr'><strong>prohibuit,</strong></span> <span class='ocrx_word' id='word_1_489' title='bbox 1511 3439 1681 3496; x_wconf 76' lang='lat' dir='ltr'><strong>hdrebaldus</strong></span> <span class='ocrx_word' id='word_1_490' title='bbox 1695 3448 1786 3495; x_wconf 88' lang='lat' dir='ltr'><strong>tamen</strong></span> 
     </span>
     <span class='ocr_line' id='line_1_37' title="bbox 148 3528 1787 3602; baseline -0.002 -17"><span class='ocrx_word' id='word_1_491' title='bbox 148 3528 241 3585; x_wconf 89' lang='lat' dir='ltr'><strong>tudine</strong></span> <span class='ocrx_word' id='word_1_492' title='bbox 261 3538 415 3599; x_wconf 90' lang='lat' dir='ltr'><strong>correptum</strong></span> <span class='ocrx_word' id='word_1_493' title='bbox 430 3533 541 3598; x_wconf 80' lang='lat' dir='ltr'><strong>audivit,</strong></span> <span class='ocrx_word' id='word_1_494' title='bbox 564 3547 613 3602; x_wconf 92' lang='lat' dir='ltr'><strong>per</strong></span> <span class='ocrx_word' id='word_1_495' title='bbox 628 3533 726 3588; x_wconf 88' lang='lat' dir='ltr'><strong>missos</strong></span> <span class='ocrx_word' id='word_1_496' title='bbox 751 3533 937 3599; x_wconf 80' lang='lat' dir='ltr'><strong>fidelissimos,</strong></span> <span class='ocrx_word' id='word_1_497' title='bbox 989 3530 1132 3599; x_wconf 86' lang='lat' dir='ltr'><strong>epistulam</strong></span> <span class='ocrx_word' id='word_1_498' title='bbox 1146 3529 1305 3600; x_wconf 86' lang='lat' dir='ltr'><strong>imperatori</strong></span> <span class='ocrx_word' id='word_1_499' title='bbox 1319 3528 1482 3585; x_wconf 85' lang='lat' dir='ltr'><strong>destinatam</strong></span> <span class='ocrx_word' id='word_1_500' title='bbox 1497 3528 1531 3582; x_wconf 91' lang='lat' dir='ltr'><strong>ab</strong></span> <span class='ocrx_word' id='word_1_501' title='bbox 1547 3529 1589 3583; x_wconf 90' lang='lat' dir='ltr'><strong>eis</strong></span> <span class='ocrx_word' id='word_1_502' title='bbox 1609 3528 1715 3583; x_wconf 87' lang='lat' dir='ltr'><strong>occulte</strong></span> <span class='ocrx_word' id='word_1_503' title='bbox 1727 3543 1787 3582; x_wconf 84' lang='lat' dir='ltr'><strong>sue·</strong></span> 
     </span>
     <span class='ocr_line' id='line_1_38' title="bbox 148 3615 1789 3691; baseline 0.005 -17"><span class='ocrx_word' id='word_1_504' title='bbox 148 3616 252 3674; x_wconf 84' lang='lat' dir='ltr'><strong>scilicet</strong></span> <span class='ocrx_word' id='word_1_505' title='bbox 264 3616 403 3689; x_wconf 77' lang='lat' dir='ltr'><strong>llugonem</strong></span> <span class='ocrx_word' id='word_1_506' title='bbox 417 3619 528 3675; x_wconf 80' lang='lat' dir='ltr'><strong>tratrem</strong></span> <span class='ocrx_word' id='word_1_507' title='bbox 547 3636 641 3685; x_wconf 85' lang='lat' dir='ltr'><strong>suum,</strong></span> <span class='ocrx_word' id='word_1_508' title='bbox 657 3629 685 3675; x_wconf 91' lang='lat' dir='ltr'><strong>ct</strong></span> <span class='ocrx_word' id='word_1_509' title='bbox 701 3620 877 3691; x_wconf 70' lang='lat' dir='ltr'><strong>hdalgarium</strong></span> <span class='ocrx_word' id='word_1_510' title='bbox 891 3638 937 3677; x_wconf 81' lang='lat' dir='ltr'><strong>em-</strong></span> <span class='ocrx_word' id='word_1_511' title='bbox 990 3619 1072 3688; x_wconf 61' lang='lat' dir='ltr'><strong>eepilt</strong></span> <span class='ocrx_word' id='word_1_512' title='bbox 1087 3619 1232 3674; x_wconf 65' lang='lat' dir='ltr'><strong>clotildem</strong></span> <span class='ocrx_word' id='word_1_513' title='bbox 1245 3633 1358 3673; x_wconf 71' lang='lat' dir='ltr'><strong>sitorum</strong></span> <span class='ocrx_word' id='word_1_514' title='bbox 1372 3618 1424 3673; x_wconf 71' lang='lat'><strong>⁸¹¹1)</strong></span> <span class='ocrx_word' id='word_1_515' title='bbox 1438 3616 1548 3671; x_wconf 66' lang='lat' dir='ltr'><strong>Oblffllu</strong></span> <span class='ocrx_word' id='word_1_516' title='bbox 1571 3615 1699 3681; x_wconf 65' lang='lat' dir='ltr'><strong>mendici,</strong></span> <span class='ocrx_word' id='word_1_517' title='bbox 1719 3629 1789 3684; x_wconf 79' lang='lat' dir='ltr'><strong>i¹¹⁰·</strong></span> 
     </span>
     <span class='ocr_line' id='line_1_39' title="bbox 148 3704 1784 3780; baseline 0 -19"><span class='ocrx_word' id='word_1_518' title='bbox 148 3705 253 3772; x_wconf 79' lang='lat' dir='ltr'><strong>inirem,</strong></span> <span class='ocrx_word' id='word_1_519' title='bbox 264 3722 327 3761; x_wconf 89' lang='lat' dir='ltr'><strong>eum</strong></span> <span class='ocrx_word' id='word_1_520' title='bbox 339 3708 467 3775; x_wconf 82' lang='lat' dir='ltr'><strong>visitavit,</strong></span> <span class='ocrx_word' id='word_1_521' title='bbox 488 3716 569 3779; x_wconf 82' lang='lat' dir='ltr'><strong>atque</strong></span> <span class='ocrx_word' id='word_1_522' title='bbox 584 3710 675 3764; x_wconf 90' lang='lat' dir='ltr'><strong>omnia</strong></span> <span class='ocrx_word' id='word_1_523' title='bbox 691 3711 754 3780; x_wconf 78' lang='lat' dir='ltr'><strong>ejus</strong></span> <span class='ocrx_word' id='word_1_524' title='bbox 771 3710 939 3767; x_wconf 87' lang='lat' dir='ltr'><strong>incommoda</strong></span> <span class='ocrx_word' id='word_1_525' title='bbox 990 3722 1076 3776; x_wconf 78' lang='lat' dir='ltr'><strong>tuone</strong></span> <span class='ocrx_word' id='word_1_526' title='bbox 1090 3708 1172 3776; x_wconf 77' lang='lat' dir='ltr'><strong>Alpes</strong></span> <span class='ocrx_word' id='word_1_527' title='bbox 1187 3707 1327 3772; x_wconf 87' lang='lat' dir='ltr'><strong>transiret,</strong></span> <span class='ocrx_word' id='word_1_528' title='bbox 1349 3705 1488 3761; x_wconf 80' lang='lat' dir='ltr'><strong>serendam</strong></span> <span class='ocrx_word' id='word_1_529' title='bbox 1508 3704 1660 3770; x_wconf 88' lang='lat' dir='ltr'><strong>commisit,</strong></span> <span class='ocrx_word' id='word_1_530' title='bbox 1676 3720 1708 3761; x_wconf 88' lang='lat' dir='ltr'><strong>ac</strong></span> <span class='ocrx_word' id='word_1_531' title='bbox 1721 3715 1784 3774; x_wconf 88' lang='lat' dir='ltr'><strong>post</strong></span> 
     </span>
     <span class='ocr_line' id='line_1_40' title="bbox 147 3794 1787 3869; baseline -0.002 -18"><span class='ocrx_word' id='word_1_532' title='bbox 147 3794 251 3851; x_wconf 80' lang='lat' dir='ltr'><strong>rescire</strong></span> <span class='ocrx_word' id='word_1_533' title='bbox 271 3795 392 3851; x_wconf 90' lang='lat' dir='ltr'><strong>studuit:</strong></span> <span class='ocrx_word' id='word_1_534' title='bbox 413 3798 535 3853; x_wconf 72' lang='lat' dir='ltr'><strong>irritatus</strong></span> <span class='ocrx_word' id='word_1_535' title='bbox 558 3799 684 3854; x_wconf 83' lang='lat' dir='ltr'><strong>videlicet</strong></span> <span class='ocrx_word' id='word_1_536' title='bbox 704 3801 813 3857; x_wconf 86' lang='lat' dir='ltr'><strong>beatum</strong></span> <span class='ocrx_word' id='word_1_537' title='bbox 837 3800 938 3869; x_wconf 79' lang='lat' dir='ltr'><strong>David,</strong></span> <span class='ocrx_word' id='word_1_538' title='bbox 991 3797 1148 3867; x_wconf 87' lang='lat' dir='ltr'><strong>imperatori</strong></span> <span class='ocrx_word' id='word_1_539' title='bbox 1163 3796 1294 3866; x_wconf 80' lang='lat' dir='ltr'><strong>porrexit.</strong></span> <span class='ocrx_word' id='word_1_540' title='bbox 1309 3795 1631 3863; x_wconf 82' lang='lat' dir='ltr'><strong>Eatempestatequanta</strong></span> <span class='ocrx_word' id='word_1_541' title='bbox 1645 3794 1787 3849; x_wconf 83' lang='lat' dir='ltr'><strong>luesmor-</strong></span> 
     </span>
     <span class='ocr_line' id='line_1_41' title="bbox 147 3883 1785 3958; baseline 0.001 -19"><span class='ocrx_word' id='word_1_542' title='bbox 147 3883 207 3954; x_wconf 82' lang='lat' dir='ltr'><strong>qui,</strong></span> <span class='ocrx_word' id='word_1_543' title='bbox 218 3884 309 3941; x_wconf 78' lang='lat' dir='ltr'><strong>inultis</strong></span> <span class='ocrx_word' id='word_1_544' title='bbox 319 3886 542 3942; x_wconf 89' lang='lat' dir='ltr'><strong>insectationibus</strong></span> <span class='ocrx_word' id='word_1_545' title='bbox 555 3887 696 3944; x_wconf 89' lang='lat' dir='ltr'><strong>lacessitus</strong></span> <span class='ocrx_word' id='word_1_546' title='bbox 710 3904 726 3943; x_wconf 94' lang='lat' dir='ltr'><strong>a</strong></span> <span class='ocrx_word' id='word_1_547' title='bbox 741 3888 808 3956; x_wconf 84' lang='lat' dir='ltr'><strong>ltlio,</strong></span> <span class='ocrx_word' id='word_1_548' title='bbox 825 3899 940 3948; x_wconf 86' lang='lat' dir='ltr'><strong>mortem</strong></span> <span class='ocrx_word' id='word_1_549' title='bbox 991 3887 1054 3943; x_wconf 89' lang='lat' dir='ltr'><strong>talis</strong></span> <span class='ocrx_word' id='word_1_550' title='bbox 1066 3886 1193 3958; x_wconf 88' lang='lat' dir='ltr'><strong>populum</strong></span> <span class='ocrx_word' id='word_1_551' title='bbox 1214 3886 1259 3955; x_wconf 85' lang='lat' dir='ltr'><strong>qni</strong></span> <span class='ocrx_word' id='word_1_552' title='bbox 1273 3885 1432 3941; x_wconf 81' lang='lat' dir='ltr'><strong>hetharium</strong></span> <span class='ocrx_word' id='word_1_553' title='bbox 1446 3891 1556 3940; x_wconf 86' lang='lat' dir='ltr'><strong>secutas</strong></span> <span class='ocrx_word' id='word_1_554' title='bbox 1573 3891 1628 3950; x_wconf 87' lang='lat' dir='ltr'><strong>est,</strong></span> <span class='ocrx_word' id='word_1_555' title='bbox 1644 3884 1785 3943; x_wconf 81' lang='lat' dir='ltr'><strong>invaserit.</strong></span> 
     </span>
     <span class='ocr_line' id='line_1_42' title="bbox 149 3973 1789 4050; baseline 0.001 -21"><span class='ocrx_word' id='word_1_556' title='bbox 149 3983 241 4030; x_wconf 88' lang='lat' dir='ltr'><strong>tamen</strong></span> <span class='ocrx_word' id='word_1_557' title='bbox 254 3973 312 4044; x_wconf 83' lang='lat' dir='ltr'><strong>ejus</strong></span> <span class='ocrx_word' id='word_1_558' title='bbox 325 3978 466 4048; x_wconf 73' lang='lat' dir='ltr'><strong>aepcrrime</strong></span> <span class='ocrx_word' id='word_1_559' title='bbox 478 3978 547 4033; x_wconf 89' lang='lat' dir='ltr'><strong>tulit.</strong></span> <span class='ocrx_word' id='word_1_560' title='bbox 561 3978 596 4033; x_wconf 80' lang='lat' dir='ltr'><strong>ht</strong></span> <span class='ocrx_word' id='word_1_561' title='bbox 610 3994 675 4034; x_wconf 76' lang='lat' dir='ltr'><strong>sero</strong></span> <span class='ocrx_word' id='word_1_562' title='bbox 692 3989 836 4050; x_wconf 84' lang='lat' dir='ltr'><strong>postquam</strong></span> <span class='ocrx_word' id='word_1_563' title='bbox 856 3982 941 4038; x_wconf 76' lang='lat' dir='ltr'><strong>desas-</strong></span> <span class='ocrx_word' id='word_1_564' title='bbox 991 3979 1145 4036; x_wconf 85' lang='lat' dir='ltr'><strong>miserabile</strong></span> <span class='ocrx_word' id='word_1_565' title='bbox 1159 3987 1203 4034; x_wconf 88' lang='lat' dir='ltr'><strong>est</strong></span> <span class='ocrx_word' id='word_1_566' title='bbox 1214 3979 1299 4034; x_wconf 89' lang='lat' dir='ltr'><strong>dictu.</strong></span> <span class='ocrx_word' id='word_1_567' title='bbox 1310 3978 1341 4032; x_wconf 92' lang='lat' dir='ltr'><strong>ln</strong></span> <span class='ocrx_word' id='word_1_568' title='bbox 1350 3976 1427 4032; x_wconf 79' lang='lat' dir='ltr'><strong>breui</strong></span> <span class='ocrx_word' id='word_1_569' title='bbox 1438 3975 1523 4041; x_wconf 90' lang='lat' dir='ltr'><strong>enim,</strong></span> <span class='ocrx_word' id='word_1_570' title='bbox 1539 3976 1566 4031; x_wconf 92' lang='lat' dir='ltr'><strong>id</strong></span> <span class='ocrx_word' id='word_1_571' title='bbox 1580 3985 1623 4031; x_wconf 92' lang='lat' dir='ltr'><strong>est</strong></span> <span class='ocrx_word' id='word_1_572' title='bbox 1634 3990 1650 4030; x_wconf 92' lang='lat' dir='ltr'><strong>a</strong></span> <span class='ocrx_word' id='word_1_573' title='bbox 1660 3975 1789 4033; x_wconf 83' lang='lat' dir='ltr'><strong>liniendis</strong></span> 
     </span>
     <span class='ocr_line' id='line_1_43' title="bbox 148 4062 1787 4141; baseline 0.003 -24"><span class='ocrx_word' id='word_1_574' title='bbox 148 4062 240 4119; x_wconf 85' lang='lat' dir='ltr'><strong>rieute</strong></span> <span class='ocrx_word' id='word_1_575' title='bbox 254 4064 382 4135; x_wconf 75' lang='lat' dir='ltr'><strong>tanguore</strong></span> <span class='ocrx_word' id='word_1_576' title='bbox 394 4066 539 4132; x_wconf 82' lang='lat' dir='ltr'><strong>conualuit,</strong></span> <span class='ocrx_word' id='word_1_577' title='bbox 550 4068 703 4123; x_wconf 90' lang='lat' dir='ltr'><strong>nuntiatum</strong></span> <span class='ocrx_word' id='word_1_578' title='bbox 715 4077 758 4125; x_wconf 90' lang='lat' dir='ltr'><strong>est</strong></span> <span class='ocrx_word' id='word_1_579' title='bbox 771 4070 939 4141; x_wconf 89' lang='lat' dir='ltr'><strong>imperatori,</strong></span> <span class='ocrx_word' id='word_1_580' title='bbox 992 4069 1160 4141; x_wconf 86' lang='lat' dir='ltr'><strong>Septembris</strong></span> <span class='ocrx_word' id='word_1_581' title='bbox 1173 4070 1305 4141; x_wconf 85' lang='lat' dir='ltr'><strong>usquead</strong></span> <span class='ocrx_word' id='word_1_582' title='bbox 1324 4070 1435 4125; x_wconf 86' lang='lat' dir='ltr'><strong>missam</strong></span> <span class='ocrx_word' id='word_1_583' title='bbox 1448 4069 1536 4125; x_wconf 85' lang='lat' dir='ltr'><strong>sancti</strong></span> <span class='ocrx_word' id='word_1_584' title='bbox 1552 4068 1672 4132; x_wconf 85' lang='lat' dir='ltr'><strong>llartini.</strong></span> <span class='ocrx_word' id='word_1_585' title='bbox 1688 4067 1717 4124; x_wconf 93' lang='lat' dir='ltr'><strong>hi</strong></span> <span class='ocrx_word' id='word_1_586' title='bbox 1730 4068 1787 4138; x_wconf 89' lang='lat' dir='ltr'><strong>pri-</strong></span> 
     </span>
     <span class='ocr_line' id='line_1_44' title="bbox 148 4153 1788 4231; baseline 0.002 -22"><span class='ocrx_word' id='word_1_587' title='bbox 148 4164 183 4209; x_wconf 81' lang='lat' dir='ltr'><strong>eo</strong></span> <span class='ocrx_word' id='word_1_588' title='bbox 192 4153 267 4224; x_wconf 76' lang='lat' dir='ltr'><strong>quod</strong></span> <span class='ocrx_word' id='word_1_589' title='bbox 279 4154 448 4210; x_wconf 87' lang='lat' dir='ltr'><strong>conditiones</strong></span> <span class='ocrx_word' id='word_1_590' title='bbox 465 4165 698 4214; x_wconf 87' lang='lat' dir='ltr'><strong>sacramentorum</strong></span> <span class='ocrx_word' id='word_1_591' title='bbox 712 4157 813 4215; x_wconf 91' lang='lat' dir='ltr'><strong>dudum</strong></span> <span class='ocrx_word' id='word_1_592' title='bbox 825 4161 941 4231; x_wconf 84' lang='lat' dir='ltr'><strong>prontis-</strong></span> <span class='ocrx_word' id='word_1_593' title='bbox 992 4160 1150 4229; x_wconf 78' lang='lat' dir='ltr'><strong>moreseJus</strong></span> <span class='ocrx_word' id='word_1_594' title='bbox 1159 4161 1214 4216; x_wconf 79' lang='lat' dir='ltr'><strong>sita</strong></span> <span class='ocrx_word' id='word_1_595' title='bbox 1227 4168 1420 4217; x_wconf 85' lang='lat' dir='ltr'><strong>excesserunt:</strong></span> <span class='ocrx_word' id='word_1_596' title='bbox 1431 4159 1509 4216; x_wconf 85' lang='lat' dir='ltr'><strong>lesse</strong></span> <span class='ocrx_word' id='word_1_597' title='bbox 1516 4160 1582 4216; x_wconf 92' lang='lat' dir='ltr'><strong>olim</strong></span> <span class='ocrx_word' id='word_1_598' title='bbox 1595 4159 1788 4216; x_wconf 72' lang='lat' dir='ltr'><strong>Ambiancnsis</strong></span> 
     </span>
     <span class='ocr_line' id='line_1_45' title="bbox 149 4243 1788 4321; baseline 0.001 -20"><span class='ocrx_word' id='word_1_599' title='bbox 149 4256 195 4301; x_wconf 73' lang='lat' dir='ltr'><strong>sss</strong></span> <span class='ocrx_word' id='word_1_600' title='bbox 209 4243 381 4316; x_wconf 85' lang='lat' dir='ltr'><strong>irrumperet,</strong></span> <span class='ocrx_word' id='word_1_601' title='bbox 403 4248 573 4318; x_wconf 76' lang='lat' dir='ltr'><strong>maximeque</strong></span> <span class='ocrx_word' id='word_1_602' title='bbox 592 4249 734 4306; x_wconf 89' lang='lat' dir='ltr'><strong>ecelesiam</strong></span> <span class='ocrx_word' id='word_1_603' title='bbox 756 4252 843 4307; x_wconf 86' lang='lat' dir='ltr'><strong>sancti</strong></span> <span class='ocrx_word' id='word_1_604' title='bbox 855 4248 940 4319; x_wconf 84' lang='lat' dir='ltr'><strong>Petri,</strong></span> <span class='ocrx_word' id='word_1_605' title='bbox 991 4250 1144 4321; x_wconf 88' lang='lat' dir='ltr'><strong>episcopus,</strong></span> <span class='ocrx_word' id='word_1_606' title='bbox 1158 4250 1249 4307; x_wconf 85' lang='lat' dir='ltr'><strong>ilelias</strong></span> <span class='ocrx_word' id='word_1_607' title='bbox 1265 4250 1433 4306; x_wconf 81' lang='lat' dir='ltr'><strong>Treeassinae</strong></span> <span class='ocrx_word' id='word_1_608' title='bbox 1445 4251 1521 4307; x_wconf 89' lang='lat' dir='ltr'><strong>urbis</strong></span> <span class='ocrx_word' id='word_1_609' title='bbox 1538 4251 1692 4321; x_wconf 85' lang='lat' dir='ltr'><strong>episeopus,</strong></span> <span class='ocrx_word' id='word_1_610' title='bbox 1708 4249 1788 4305; x_wconf 85' lang='lat' dir='ltr'><strong>ll&#39;uia</strong></span> 
     </span>
     <span class='ocr_line' id='line_1_46' title="bbox 149 4333 1789 4412; baseline 0.004 -25"><span class='ocrx_word' id='word_1_611' title='bbox 149 4345 232 4403; x_wconf 79' lang='lat' dir='ltr'><strong>quarn</strong></span> <span class='ocrx_word' id='word_1_612' title='bbox 244 4340 299 4389; x_wconf 88' lang='lat' dir='ltr'><strong>tam</strong></span> <span class='ocrx_word' id='word_1_613' title='bbox 309 4349 375 4390; x_wconf 82' lang='lat' dir='ltr'><strong>arus</strong></span> <span class='ocrx_word' id='word_1_614' title='bbox 389 4333 446 4404; x_wconf 79' lang='lat' dir='ltr'><strong>ejus</strong></span> <span class='ocrx_word' id='word_1_615' title='bbox 454 4335 682 4410; x_wconf 84' lang='lat' dir='ltr'><strong>Pippinus,quam</strong></span> <span class='ocrx_word' id='word_1_616' title='bbox 697 4349 775 4411; x_wconf 85' lang='lat' dir='ltr'><strong>pater</strong></span> <span class='ocrx_word' id='word_1_617' title='bbox 788 4339 847 4409; x_wconf 80' lang='lat' dir='ltr'><strong>ejus</strong></span> <span class='ocrx_word' id='word_1_618' title='bbox 859 4340 942 4398; x_wconf 83' lang='lat' dir='ltr'><strong>Caro·</strong></span> <span class='ocrx_word' id='word_1_619' title='bbox 992 4343 1164 4399; x_wconf 67' lang='lat' dir='ltr'><strong>corbeiensis</strong></span> <span class='ocrx_word' id='word_1_620' title='bbox 1175 4344 1330 4399; x_wconf 86' lang='lat' dir='ltr'><strong>monasterii</strong></span> <span class='ocrx_word' id='word_1_621' title='bbox 1342 4344 1434 4407; x_wconf 86' lang='lat' dir='ltr'><strong>abhas,</strong></span> <span class='ocrx_word' id='word_1_622' title='bbox 1448 4343 1600 4409; x_wconf 83' lang='lat' dir='ltr'><strong>blttlridus,</strong></span> <span class='ocrx_word' id='word_1_623' title='bbox 1612 4342 1700 4412; x_wconf 77' lang='lat' dir='ltr'><strong>lingo.</strong></span> <span class='ocrx_word' id='word_1_624' title='bbox 1710 4342 1789 4397; x_wconf 83' lang='lat' dir='ltr'><strong>Lant-</strong></span> 
     </span>
     <span class='ocr_line' id='line_1_47' title="bbox 149 4397 1786 4503; baseline 0.005 -26"><span class='ocrx_word' id='word_1_625' title='bbox 149 4418 206 4489; x_wconf 87' lang='lat' dir='ltr'><strong>lus,</strong></span> <span class='ocrx_word' id='word_1_626' title='bbox 219 4437 271 4480; x_wconf 89' lang='lat' dir='ltr'><strong>nec</strong></span> <span class='ocrx_word' id='word_1_627' title='bbox 284 4440 338 4481; x_wconf 91' lang='lat' dir='ltr'><strong>nen</strong></span> <span class='ocrx_word' id='word_1_628' title='bbox 357 4427 413 4496; x_wconf 86' lang='lat' dir='ltr'><strong>ipse</strong></span> <span class='ocrx_word' id='word_1_629' title='bbox 433 4428 461 4482; x_wconf 92' lang='lat' dir='ltr'><strong>in</strong></span> <span class='ocrx_word' id='word_1_630' title='bbox 483 4429 593 4485; x_wconf 85' lang='lat' dir='ltr'><strong>tutelam</strong></span> <span class='ocrx_word' id='word_1_631' title='bbox 617 4441 803 4502; x_wconf 82' lang='lat' dir='ltr'><strong>susceperant,</strong></span> <span class='ocrx_word' id='word_1_632' title='bbox 819 4434 943 4490; x_wconf 88' lang='lat' dir='ltr'><strong>hornines</strong></span> <span class='ocrx_word' id='word_1_633' title='bbox 954 4397 981 4456; x_wconf 75' lang='lat' dir='ltr'><strong>D</strong></span> <span class='ocrx_word' id='word_1_634' title='bbox 993 4433 1097 4499; x_wconf 89' lang='lat' dir='ltr'><strong>bertus,</strong></span> <span class='ocrx_word' id='word_1_635' title='bbox 1118 4432 1296 4496; x_wconf 87' lang='lat' dir='ltr'><strong>Godolridus,</strong></span> <span class='ocrx_word' id='word_1_636' title='bbox 1313 4434 1431 4502; x_wconf 86' lang='lat' dir='ltr'><strong>itemque</strong></span> <span class='ocrx_word' id='word_1_637' title='bbox 1448 4433 1521 4488; x_wconf 83' lang='lat' dir='ltr'><strong>filius</strong></span> <span class='ocrx_word' id='word_1_638' title='bbox 1532 4432 1594 4503; x_wconf 84' lang='lat' dir='ltr'><strong>ejus</strong></span> <span class='ocrx_word' id='word_1_639' title='bbox 1607 4430 1786 4492; x_wconf 87' lang='lat' dir='ltr'><strong>Gudolridus,</strong></span> 
     </span>
     <span class='ocr_line' id='line_1_48' title="bbox 149 4511 1788 4592; baseline 0.002 -21"><span class='ocrx_word' id='word_1_640' title='bbox 149 4511 210 4585; x_wconf 81' lang='lat' dir='ltr'><strong>elus</strong></span> <span class='ocrx_word' id='word_1_641' title='bbox 229 4516 416 4573; x_wconf 87' lang='lat' dir='ltr'><strong>erudelissima</strong></span> <span class='ocrx_word' id='word_1_642' title='bbox 437 4519 513 4575; x_wconf 88' lang='lat' dir='ltr'><strong>clade</strong></span> <span class='ocrx_word' id='word_1_643' title='bbox 525 4531 665 4577; x_wconf 82' lang='lat' dir='ltr'><strong>vexarent.</strong></span> <span class='ocrx_word' id='word_1_644' title='bbox 680 4522 745 4590; x_wconf 77' lang='lat' dir='ltr'><strong>Quas</strong></span> <span class='ocrx_word' id='word_1_645' title='bbox 763 4539 808 4579; x_wconf 86' lang='lat' dir='ltr'><strong>rea</strong></span> <span class='ocrx_word' id='word_1_646' title='bbox 821 4524 942 4583; x_wconf 89' lang='lat' dir='ltr'><strong>animum</strong></span> <span class='ocrx_word' id='word_1_647' title='bbox 993 4522 1120 4579; x_wconf 76' lang='lat' dir='ltr'><strong>hibertus</strong></span> <span class='ocrx_word' id='word_1_648' title='bbox 1131 4538 1223 4578; x_wconf 87' lang='lat' dir='ltr'><strong>eomes</strong></span> <span class='ocrx_word' id='word_1_649' title='bbox 1235 4522 1385 4586; x_wconf 86' lang='lat' dir='ltr'><strong>Partensis,</strong></span> <span class='ocrx_word' id='word_1_650' title='bbox 1396 4522 1561 4592; x_wconf 75' lang='lat' dir='ltr'><strong>burgaretus</strong></span> <span class='ocrx_word' id='word_1_651' title='bbox 1572 4520 1788 4591; x_wconf 85' lang='lat' dir='ltr'><strong>qrrondamprar·</strong></span> 
     </span>
     <span class='ocr_line' id='line_1_49' title="bbox 150 4603 1788 4685; baseline 0.004 -26"><span class='ocrx_word' id='word_1_652' title='bbox 150 4603 224 4661; x_wconf 86' lang='lat' dir='ltr'><strong>illius</strong></span> <span class='ocrx_word' id='word_1_653' title='bbox 236 4607 409 4664; x_wconf 88' lang='lat' dir='ltr'><strong>mitissimum</strong></span> <span class='ocrx_word' id='word_1_654' title='bbox 420 4610 488 4665; x_wconf 83' lang='lat' dir='ltr'><strong>adeo</strong></span> <span class='ocrx_word' id='word_1_655' title='bbox 506 4614 686 4683; x_wconf 77' lang='lat' dir='ltr'><strong>exasperavit,</strong></span> <span class='ocrx_word' id='word_1_656' title='bbox 704 4622 733 4668; x_wconf 90' lang='lat' dir='ltr'><strong>ut</strong></span> <span class='ocrx_word' id='word_1_657' title='bbox 744 4616 943 4685; x_wconf 84' lang='lat' dir='ltr'><strong>quodammodo</strong></span> <span class='ocrx_word' id='word_1_658' title='bbox 994 4613 1081 4670; x_wconf 86' lang='lat' dir='ltr'><strong>lectus</strong></span> <span class='ocrx_word' id='word_1_659' title='bbox 1104 4614 1279 4671; x_wconf 79' lang='lat' dir='ltr'><strong>senatoribus</strong></span> <span class='ocrx_word' id='word_1_660' title='bbox 1299 4613 1444 4683; x_wconf 69' lang='lat' dir='ltr'><strong>regalibus,</strong></span> <span class='ocrx_word' id='word_1_661' title='bbox 1466 4613 1512 4668; x_wconf 87' lang='lat' dir='ltr'><strong>sed</strong></span> <span class='ocrx_word' id='word_1_662' title='bbox 1528 4622 1557 4667; x_wconf 92' lang='lat' dir='ltr'><strong>et</strong></span> <span class='ocrx_word' id='word_1_663' title='bbox 1569 4610 1722 4669; x_wconf 85' lang='lat' dir='ltr'><strong>liicbardus</strong></span> <span class='ocrx_word' id='word_1_664' title='bbox 1743 4611 1788 4666; x_wconf 82' lang='lat' dir='ltr'><strong>six</strong></span> 
     </span>
     <span class='ocr_line' id='line_1_50' title="bbox 149 4695 1788 4775; baseline 0.002 -27"><span class='ocrx_word' id='word_1_665' title='bbox 149 4695 415 4764; x_wconf 78' lang='lat' dir='ltr'><strong>extraordinarie,ut</strong></span> <span class='ocrx_word' id='word_1_666' title='bbox 426 4700 943 4775; x_wconf 74' lang='lat' dir='ltr'><strong>videbatur,missosdirigerct,nubum</strong></span> <span class='ocrx_word' id='word_1_667' title='bbox 994 4704 1089 4759; x_wconf 84' lang='lat' dir='ltr'><strong>evasit.</strong></span> <span class='ocrx_word' id='word_1_668' title='bbox 1111 4703 1171 4760; x_wconf 79' lang='lat' dir='ltr'><strong>lion</strong></span> <span class='ocrx_word' id='word_1_669' title='bbox 1190 4711 1251 4774; x_wconf 89' lang='lat' dir='ltr'><strong>post</strong></span> <span class='ocrx_word' id='word_1_670' title='bbox 1267 4702 1381 4759; x_wconf 89' lang='lat' dir='ltr'><strong>multum</strong></span> <span class='ocrx_word' id='word_1_671' title='bbox 1395 4710 1423 4756; x_wconf 92' lang='lat' dir='ltr'><strong>ct</strong></span> <span class='ocrx_word' id='word_1_672' title='bbox 1437 4702 1495 4772; x_wconf 88' lang='lat' dir='ltr'><strong>ipse</strong></span> <span class='ocrx_word' id='word_1_673' title='bbox 1518 4700 1643 4756; x_wconf 88' lang='lat' dir='ltr'><strong>moritur.</strong></span> <span class='ocrx_word' id='word_1_674' title='bbox 1666 4697 1699 4753; x_wconf 92' lang='lat' dir='ltr'><strong>lii</strong></span> <span class='ocrx_word' id='word_1_675' title='bbox 1713 4699 1788 4755; x_wconf 89' lang='lat' dir='ltr'><strong>enim</strong></span> 
     </span>
     <span class='ocr_line' id='line_1_51' title="bbox 149 4786 1788 4863; baseline 0.001 -22"><span class='ocrx_word' id='word_1_676' title='bbox 149 4799 221 4857; x_wconf 85' lang='lat' dir='ltr'><strong>pone</strong></span> <span class='ocrx_word' id='word_1_677' title='bbox 233 4786 266 4841; x_wconf 90' lang='lat' dir='ltr'><strong>ad</strong></span> <span class='ocrx_word' id='word_1_678' title='bbox 281 4796 384 4845; x_wconf 74' lang='lat' dir='ltr'><strong>unium</strong></span> <span class='ocrx_word' id='word_1_679' title='bbox 400 4790 452 4845; x_wconf 90' lang='lat' dir='ltr'><strong>iter</strong></span> <span class='ocrx_word' id='word_1_680' title='bbox 466 4791 664 4848; x_wconf 73' lang='lat' dir='ltr'><strong>conficiendum</strong></span> <span class='ocrx_word' id='word_1_681' title='bbox 677 4794 793 4863; x_wconf 89' lang='lat' dir='ltr'><strong>spatium</strong></span> <span class='ocrx_word' id='word_1_682' title='bbox 809 4796 941 4851; x_wconf 88' lang='lat' dir='ltr'><strong>tribuens.</strong></span> <span class='ocrx_word' id='word_1_683' title='bbox 994 4804 1074 4850; x_wconf 85' lang='lat' dir='ltr'><strong>eram</strong></span> <span class='ocrx_word' id='word_1_684' title='bbox 1087 4810 1203 4863; x_wconf 86' lang='lat' dir='ltr'><strong>quorum</strong></span> <span class='ocrx_word' id='word_1_685' title='bbox 1217 4795 1331 4849; x_wconf 88' lang='lat' dir='ltr'><strong>decessu</strong></span> <span class='ocrx_word' id='word_1_686' title='bbox 1351 4793 1490 4849; x_wconf 86' lang='lat' dir='ltr'><strong>dicebatur</strong></span> <span class='ocrx_word' id='word_1_687' title='bbox 1511 4789 1625 4845; x_wconf 81' lang='lat' dir='ltr'><strong>Francia</strong></span> <span class='ocrx_word' id='word_1_688' title='bbox 1645 4787 1788 4844; x_wconf 87' lang='lat' dir='ltr'><strong>nobilitata</strong></span> 
     </span>
     <span class='ocr_line' id='line_1_52' title="bbox 151 4874 1789 4954; baseline -0.003 -19"><span class='ocrx_word' id='word_1_689' title='bbox 151 4874 226 4935; x_wconf 70' lang='lat' dir='ltr'><strong>trem</strong></span> <span class='ocrx_word' id='word_1_690' title='bbox 237 4877 342 4950; x_wconf 66' lang='lat' dir='ltr'><strong>legatos</strong></span> <span class='ocrx_word' id='word_1_691' title='bbox 351 4881 564 4951; x_wconf 84' lang='lat' dir='ltr'><strong>etlLotharium,</strong></span> <span class='ocrx_word' id='word_1_692' title='bbox 573 4900 748 4941; x_wconf 85' lang='lat' dir='ltr'><strong>commouens</strong></span> <span class='ocrx_word' id='word_1_693' title='bbox 762 4901 796 4942; x_wconf 91' lang='lat' dir='ltr'><strong>ne</strong></span> <span class='ocrx_word' id='word_1_694' title='bbox 807 4885 872 4942; x_wconf 87' lang='lat' dir='ltr'><strong>talia</strong></span> <span class='ocrx_word' id='word_1_695' title='bbox 883 4885 944 4947; x_wconf 87' lang='lat' dir='ltr'><strong>deri</strong></span> <span class='ocrx_word' id='word_1_696' title='bbox 994 4884 1101 4950; x_wconf 84' lang='lat' dir='ltr'><strong>orbata,</strong></span> <span class='ocrx_word' id='word_1_697' title='bbox 1118 4883 1274 4941; x_wconf 76' lang='lat' dir='ltr'><strong>fertitudine</strong></span> <span class='ocrx_word' id='word_1_698' title='bbox 1283 4883 1362 4954; x_wconf 82' lang='lat' dir='ltr'><strong>quasi</strong></span> <span class='ocrx_word' id='word_1_699' title='bbox 1372 4881 1464 4939; x_wconf 78' lang='lat' dir='ltr'><strong>neruis</strong></span> <span class='ocrx_word' id='word_1_700' title='bbox 1476 4879 1589 4937; x_wconf 86' lang='lat' dir='ltr'><strong>succisis</strong></span> <span class='ocrx_word' id='word_1_701' title='bbox 1599 4879 1713 4941; x_wconf 65' lang='lat' dir='ltr'><strong>animm,</strong></span> <span class='ocrx_word' id='word_1_702' title='bbox 1725 4891 1789 4946; x_wconf 92' lang='lat' dir='ltr'><strong>pru-</strong></span> 
     </span>
     <span class='ocr_line' id='line_1_53' title="bbox 150 4966 1788 5046; baseline -0.001 -25"><span class='ocrx_word' id='word_1_703' title='bbox 150 4966 339 5039; x_wconf 86' lang='lat' dir='ltr'><strong>permitteret:</strong></span> <span class='ocrx_word' id='word_1_704' title='bbox 359 4985 473 5028; x_wconf 89' lang='lat' dir='ltr'><strong>monens</strong></span> <span class='ocrx_word' id='word_1_705' title='bbox 484 4981 515 5028; x_wconf 91' lang='lat' dir='ltr'><strong>ut</strong></span> <span class='ocrx_word' id='word_1_706' title='bbox 528 4989 633 5030; x_wconf 88' lang='lat' dir='ltr'><strong>memor</strong></span> <span class='ocrx_word' id='word_1_707' title='bbox 645 4984 718 5030; x_wconf 83' lang='lat' dir='ltr'><strong>esset</strong></span> <span class='ocrx_word' id='word_1_708' title='bbox 728 4975 791 5045; x_wconf 84' lang='lat' dir='ltr'><strong>qnia</strong></span> <span class='ocrx_word' id='word_1_709' title='bbox 801 4976 909 5046; x_wconf 85' lang='lat' dir='ltr'><strong>quaudo</strong></span> <span class='ocrx_word' id='word_1_710' title='bbox 918 4978 943 5033; x_wconf 87' lang='lat' dir='ltr'><strong>ei</strong></span> <span class='ocrx_word' id='word_1_711' title='bbox 995 4975 1086 5037; x_wconf 81' lang='lat' dir='ltr'><strong>nentia</strong></span> <span class='ocrx_word' id='word_1_712' title='bbox 1097 4975 1139 5032; x_wconf 83' lang='lat' dir='ltr'><strong>hrs</strong></span> <span class='ocrx_word' id='word_1_713' title='bbox 1152 4975 1314 5032; x_wconf 85' lang='lat' dir='ltr'><strong>obeuntibus</strong></span> <span class='ocrx_word' id='word_1_714' title='bbox 1325 4972 1474 5029; x_wconf 83' lang='lat' dir='ltr'><strong>annullata.</strong></span> <span class='ocrx_word' id='word_1_715' title='bbox 1486 4969 1541 5027; x_wconf 88' lang='lat' dir='ltr'><strong>Sed</strong></span> <span class='ocrx_word' id='word_1_716' title='bbox 1554 4971 1598 5027; x_wconf 88' lang='lat' dir='ltr'><strong>his</strong></span> <span class='ocrx_word' id='word_1_717' title='bbox 1611 4967 1716 5025; x_wconf 90' lang='lat' dir='ltr'><strong>subruti</strong></span> <span class='ocrx_word' id='word_1_718' title='bbox 1727 4981 1788 5021; x_wconf 87' lang='lat' dir='ltr'><strong>sos-</strong></span> 
     </span>
     <span class='ocr_line' id='line_1_54' title="bbox 151 5056 1788 5138; baseline -0.002 -22"><span class='ocrx_word' id='word_1_719' title='bbox 151 5073 266 5131; x_wconf 73' lang='lat' dir='ltr'><strong>regnum</strong></span> <span class='ocrx_word' id='word_1_720' title='bbox 278 5061 362 5119; x_wconf 79' lang='lat' dir='ltr'><strong>ltaliae</strong></span> <span class='ocrx_word' id='word_1_721' title='bbox 372 5064 491 5133; x_wconf 83' lang='lat' dir='ltr'><strong>donarit,</strong></span> <span class='ocrx_word' id='word_1_722' title='bbox 505 5067 587 5123; x_wconf 86' lang='lat' dir='ltr'><strong>etiam</strong></span> <span class='ocrx_word' id='word_1_723' title='bbox 598 5082 692 5125; x_wconf 89' lang='lat' dir='ltr'><strong>curam</strong></span> <span class='ocrx_word' id='word_1_724' title='bbox 705 5075 806 5125; x_wconf 81' lang='lat' dir='ltr'><strong>sanctae</strong></span> <span class='ocrx_word' id='word_1_725' title='bbox 816 5067 944 5126; x_wconf 80' lang='lat' dir='ltr'><strong>Romanus</strong></span> <span class='ocrx_word' id='word_1_726' title='bbox 996 5067 1081 5127; x_wconf 86' lang='lat' dir='ltr'><strong>tendit</strong></span> <span class='ocrx_word' id='word_1_727' title='bbox 1100 5067 1171 5123; x_wconf 83' lang='lat' dir='ltr'><strong>liens</strong></span> <span class='ocrx_word' id='word_1_728' title='bbox 1189 5082 1272 5138; x_wconf 86' lang='lat' dir='ltr'><strong>quam</strong></span> <span class='ocrx_word' id='word_1_729' title='bbox 1284 5066 1411 5132; x_wconf 87' lang='lat' dir='ltr'><strong>salubre,</strong></span> <span class='ocrx_word' id='word_1_730' title='bbox 1427 5079 1510 5135; x_wconf 78' lang='lat' dir='ltr'><strong>quarn</strong></span> <span class='ocrx_word' id='word_1_731' title='bbox 1532 5060 1666 5117; x_wconf 83' lang='lat' dir='ltr'><strong>laudabile</strong></span> <span class='ocrx_word' id='word_1_732' title='bbox 1681 5059 1717 5115; x_wconf 90' lang='lat' dir='ltr'><strong>sit</strong></span> <span class='ocrx_word' id='word_1_733' title='bbox 1738 5056 1788 5114; x_wconf 89' lang='lat' dir='ltr'><strong>ob·</strong></span> 
     </span>
     <span class='ocr_line' id='line_1_55' title="bbox 151 5149 1790 5231; baseline -0.004 -20"><span class='ocrx_word' id='word_1_734' title='bbox 151 5151 284 5211; x_wconf 75' lang='lat' dir='ltr'><strong>Ecclesiae</strong></span> <span class='ocrx_word' id='word_1_735' title='bbox 302 5155 383 5212; x_wconf 88' lang='lat' dir='ltr'><strong>simul</strong></span> <span class='ocrx_word' id='word_1_736' title='bbox 402 5159 555 5226; x_wconf 85' lang='lat' dir='ltr'><strong>commisit,</strong></span> <span class='ocrx_word' id='word_1_737' title='bbox 574 5169 602 5215; x_wconf 93' lang='lat' dir='ltr'><strong>et</strong></span> <span class='ocrx_word' id='word_1_738' title='bbox 623 5176 704 5230; x_wconf 84' lang='lat' dir='ltr'><strong>qtraru</strong></span> <span class='ocrx_word' id='word_1_739' title='bbox 726 5161 761 5216; x_wconf 84' lang='lat' dir='ltr'><strong>ab</strong></span> <span class='ocrx_word' id='word_1_740' title='bbox 781 5163 945 5219; x_wconf 84' lang='lat' dir='ltr'><strong>adversariis</strong></span> <span class='ocrx_word' id='word_1_741' title='bbox 996 5175 1117 5228; x_wconf 77' lang='lat' dir='ltr'><strong>sarram,</strong></span> <span class='ocrx_word' id='word_1_742' title='bbox 1130 5160 1305 5231; x_wconf 72' lang='lat' dir='ltr'><strong>duodenorc</strong></span> <span class='ocrx_word' id='word_1_743' title='bbox 1319 5157 1378 5227; x_wconf 82' lang='lat' dir='ltr'><strong>eius</strong></span> <span class='ocrx_word' id='word_1_744' title='bbox 1394 5158 1526 5229; x_wconf 86' lang='lat' dir='ltr'><strong>probatur</strong></span> <span class='ocrx_word' id='word_1_745' title='bbox 1538 5153 1704 5225; x_wconf 87' lang='lat' dir='ltr'><strong>procedere:</strong></span> <span class='ocrx_word' id='word_1_746' title='bbox 1726 5149 1790 5207; x_wconf 85' lang='lat' dir='ltr'><strong>ll’on</strong></span> 
     </span>
     <span class='ocr_line' id='line_1_56' title="bbox 151 5239 1789 5325; baseline -0.005 -23"><span class='ocrx_word' id='word_1_747' title='bbox 151 5242 347 5303; x_wconf 58' lang='lat' dir='ltr'><strong>&amp;mundam</strong></span> <span class='ocrx_word' id='word_1_748' title='bbox 364 5259 532 5320; x_wconf 83' lang='lat' dir='ltr'><strong>susceperat,</strong></span> <span class='ocrx_word' id='word_1_749' title='bbox 553 5267 726 5324; x_wconf 78' lang='lat' dir='ltr'><strong>nequaqnam</strong></span> <span class='ocrx_word' id='word_1_750' title='bbox 748 5268 764 5308; x_wconf 90' lang='lat' dir='ltr'><strong>u</strong></span> <span class='ocrx_word' id='word_1_751' title='bbox 787 5253 844 5311; x_wconf 87' lang='lat' dir='ltr'><strong>stris</strong></span> <span class='ocrx_word' id='word_1_752' title='bbox 856 5254 945 5325; x_wconf 85' lang='lat' dir='ltr'><strong>dirupi</strong></span> <span class='ocrx_word' id='word_1_753' title='bbox 995 5249 1134 5322; x_wconf 69' lang='lat' dir='ltr'><strong>plurimun,</strong></span> <span class='ocrx_word' id='word_1_754' title='bbox 1148 5251 1284 5321; x_wconf 75' lang='lat' dir='ltr'><strong>inquient,</strong></span> <span class='ocrx_word' id='word_1_755' title='bbox 1297 5250 1402 5320; x_wconf 74' lang='lat' dir='ltr'><strong>mpiena</strong></span> <span class='ocrx_word' id='word_1_756' title='bbox 1413 5248 1442 5301; x_wconf 84' lang='lat' dir='ltr'><strong>in</strong></span> <span class='ocrx_word' id='word_1_757' title='bbox 1459 5245 1589 5316; x_wconf 83' lang='lat' dir='ltr'><strong>supientia</strong></span> <span class='ocrx_word' id='word_1_758' title='bbox 1603 5261 1662 5306; x_wconf 84' lang='lat' dir='ltr'><strong>sua,</strong></span> <span class='ocrx_word' id='word_1_759' title='bbox 1678 5258 1723 5297; x_wconf 81' lang='lat' dir='ltr'><strong>nec</strong></span> <span class='ocrx_word' id='word_1_760' title='bbox 1734 5239 1789 5311; x_wconf 69' lang='lat' dir='ltr'><strong>[ar-</strong></span> 
     </span>
     <span class='ocr_line' id='line_1_57' title="bbox 151 5330 1790 5413; baseline -0.004 -19"><span class='ocrx_word' id='word_1_761' title='bbox 151 5334 334 5409; x_wconf 66' lang='lat' dir='ltr'><strong>paratuum</strong></span> <span class='ocrx_word' id='word_1_762' title='bbox 356 5337 538 5395; x_wconf 79' lang='lat' dir='ltr'><strong>Comnmnens</strong></span> <span class='ocrx_word' id='word_1_763' title='bbox 549 5341 632 5397; x_wconf 79' lang='lat' dir='ltr'><strong>etiam</strong></span> <span class='ocrx_word' id='word_1_764' title='bbox 649 5350 880 5399; x_wconf 65' lang='lat' dir='ltr'><strong>strumentorum</strong></span> <span class='ocrx_word' id='word_1_765' title='bbox 894 5360 945 5399; x_wconf 91' lang='lat' dir='ltr'><strong>nu·</strong></span> <span class='ocrx_word' id='word_1_766' title='bbox 996 5343 1029 5397; x_wconf 87' lang='lat' dir='ltr'><strong>tis</strong></span> <span class='ocrx_word' id='word_1_767' title='bbox 1042 5343 1072 5397; x_wconf 84' lang='lat' dir='ltr'><strong>itt</strong></span> <span class='ocrx_word' id='word_1_768' title='bbox 1083 5341 1238 5413; x_wconf 58' lang='lat' dir='ltr'><strong>{animine</strong></span> <span class='ocrx_word' id='word_1_769' title='bbox 1249 5357 1308 5406; x_wconf 83' lang='lat' dir='ltr'><strong>sua,</strong></span> <span class='ocrx_word' id='word_1_770' title='bbox 1322 5355 1368 5393; x_wconf 82' lang='lat' dir='ltr'><strong>nee</strong></span> <span class='ocrx_word' id='word_1_771' title='bbox 1380 5337 1452 5391; x_wconf 83' lang='lat' dir='ltr'><strong>diues</strong></span> <span class='ocrx_word' id='word_1_772' title='bbox 1465 5333 1601 5389; x_wconf 82' lang='lat' dir='ltr'><strong>indioittis</strong></span> <span class='ocrx_word' id='word_1_773' title='bbox 1614 5333 1678 5389; x_wconf 80' lang='lat' dir='ltr'><strong>suis.</strong></span> <span class='ocrx_word' id='word_1_774' title='bbox 1696 5330 1749 5388; x_wconf 86' lang='lat' dir='ltr'><strong>Sed</strong></span> <span class='ocrx_word' id='word_1_775' title='bbox 1761 5339 1790 5387; x_wconf 83' lang='lat' dir='ltr'><strong>et</strong></span> 
     </span>
     <span class='ocr_line' id='line_1_58' title="bbox 152 5423 1789 5501; baseline -0.002 -20"><span class='ocrx_word' id='word_1_776' title='bbox 152 5439 204 5496; x_wconf 80' lang='lat' dir='ltr'><strong>per</strong></span> <span class='ocrx_word' id='word_1_777' title='bbox 219 5424 255 5481; x_wconf 83' lang='lat' dir='ltr'><strong>ab</strong></span> <span class='ocrx_word' id='word_1_778' title='bbox 275 5442 309 5483; x_wconf 89' lang='lat' dir='ltr'><strong>eo</strong></span> <span class='ocrx_word' id='word_1_779' title='bbox 332 5428 384 5487; x_wconf 86' lang='lat' dir='ltr'><strong>sibi</strong></span> <span class='ocrx_word' id='word_1_780' title='bbox 407 5431 621 5500; x_wconf 87' lang='lat' dir='ltr'><strong>promissorum,</strong></span> <span class='ocrx_word' id='word_1_781' title='bbox 639 5447 674 5487; x_wconf 91' lang='lat' dir='ltr'><strong>ne</strong></span> <span class='ocrx_word' id='word_1_782' title='bbox 695 5430 765 5487; x_wconf 86' lang='lat' dir='ltr'><strong>lerte</strong></span> <span class='ocrx_word' id='word_1_783' title='bbox 785 5433 947 5489; x_wconf 83' lang='lat' dir='ltr'><strong>obliviscens</strong></span> <span class='ocrx_word' id='word_1_784' title='bbox 997 5423 1789 5501; x_wconf 71' lang='lat' dir='ltr'><strong>imperaturisanimumquistniretnrdigne,quantahune</strong></span> 
     </span>
     <span class='ocr_line' id='line_1_59' title="bbox 153 5512 1790 5593; baseline -0.001 -20"><span class='ocrx_word' id='word_1_785' title='bbox 153 5521 237 5586; x_wconf 71' lang='lat' dir='ltr'><strong>sique</strong></span> <span class='ocrx_word' id='word_1_786' title='bbox 248 5517 446 5590; x_wconf 82' lang='lat' dir='ltr'><strong>parvipendens</strong></span> <span class='ocrx_word' id='word_1_787' title='bbox 457 5535 490 5576; x_wconf 88' lang='lat' dir='ltr'><strong>aa</strong></span> <span class='ocrx_word' id='word_1_788' title='bbox 504 5521 678 5577; x_wconf 81' lang='lat' dir='ltr'><strong>Divinitatem</strong></span> <span class='ocrx_word' id='word_1_789' title='bbox 697 5520 855 5580; x_wconf 76' lang='lat' dir='ltr'><strong>offenderet</strong></span> <span class='ocrx_word' id='word_1_790' title='bbox 871 5521 948 5589; x_wconf 77' lang='lat' dir='ltr'><strong>Quod</strong></span> <span class='ocrx_word' id='word_1_791' title='bbox 997 5521 1176 5593; x_wconf 84' lang='lat' dir='ltr'><strong>temperantis</strong></span> <span class='ocrx_word' id='word_1_792' title='bbox 1185 5520 1276 5577; x_wconf 81' lang='lat' dir='ltr'><strong>diuina</strong></span> <span class='ocrx_word' id='word_1_793' title='bbox 1295 5515 1486 5588; x_wconf 63' lang='lat' dir='ltr'><strong>gubernaverit</strong></span> <span class='ocrx_word' id='word_1_794' title='bbox 1501 5514 1666 5572; x_wconf 71' lang='lat' dir='ltr'><strong>clementia!</strong></span> <span class='ocrx_word' id='word_1_795' title='bbox 1681 5512 1790 5572; x_wconf 77' lang='lat' dir='ltr'><strong>umrtm</strong></span> 
     </span>
     <span class='ocr_line' id='line_1_60' title="bbox 153 5602 1790 5686; baseline -0.001 -22"><span class='ocrx_word' id='word_1_796' title='bbox 153 5605 206 5664; x_wconf 81' lang='lat' dir='ltr'><strong>ribi</strong></span> <span class='ocrx_word' id='word_1_797' title='bbox 217 5607 391 5679; x_wconf 85' lang='lat' dir='ltr'><strong>impunenon</strong></span> <span class='ocrx_word' id='word_1_798' title='bbox 403 5609 525 5669; x_wconf 85' lang='lat' dir='ltr'><strong>loturum</strong></span> <span class='ocrx_word' id='word_1_799' title='bbox 539 5627 593 5668; x_wconf 92' lang='lat' dir='ltr'><strong>non</strong></span> <span class='ocrx_word' id='word_1_800' title='bbox 604 5613 751 5684; x_wconf 71' lang='lat' dir='ltr'><strong>ignoraret.</strong></span> <span class='ocrx_word' id='word_1_801' title='bbox 767 5612 853 5671; x_wconf 86' lang='lat' dir='ltr'><strong>Simul</strong></span> <span class='ocrx_word' id='word_1_802' title='bbox 865 5613 946 5669; x_wconf 86' lang='lat' dir='ltr'><strong>etiam</strong></span> <span class='ocrx_word' id='word_1_803' title='bbox 998 5612 1051 5671; x_wconf 89' lang='lat' dir='ltr'><strong>ltoc</strong></span> <span class='ocrx_word' id='word_1_804' title='bbox 1064 5618 1189 5686; x_wconf 86' lang='lat' dir='ltr'><strong>suscepto</strong></span> <span class='ocrx_word' id='word_1_805' title='bbox 1208 5613 1314 5673; x_wconf 85' lang='lat' dir='ltr'><strong>nuntio,</strong></span> <span class='ocrx_word' id='word_1_806' title='bbox 1326 5622 1378 5663; x_wconf 89' lang='lat' dir='ltr'><strong>nec</strong></span> <span class='ocrx_word' id='word_1_807' title='bbox 1390 5607 1418 5662; x_wconf 92' lang='lat' dir='ltr'><strong>in</strong></span> <span class='ocrx_word' id='word_1_808' title='bbox 1431 5621 1461 5663; x_wconf 90' lang='lat' dir='ltr'><strong>se</strong></span> <span class='ocrx_word' id='word_1_809' title='bbox 1474 5605 1630 5669; x_wconf 82' lang='lat' dir='ltr'><strong>exsultavit,</strong></span> <span class='ocrx_word' id='word_1_810' title='bbox 1643 5619 1695 5663; x_wconf 87' lang='lat' dir='ltr'><strong>nec</strong></span> <span class='ocrx_word' id='word_1_811' title='bbox 1706 5602 1790 5663; x_wconf 84' lang='lat' dir='ltr'><strong>ntortl</strong></span> 
     </span>
    </p>
   </div>
   <div class='ocr_carea' id='block_1_3' title="bbox 336 5696 1549 5766">
    <p class='ocr_par' dir='ltr' id='par_1_3' title="bbox 336 5696 1549 5766">
     <span class='ocr_line' id='line_1_61' title="bbox 336 5696 1549 5766; baseline -0.003 0"><span class='ocrx_word' id='word_1_812' title='bbox 336 5698 475 5766; x_wconf 64' lang='lat' dir='ltr'><strong>rarior.</strong></span> <span class='ocrx_word' id='word_1_813' title='bbox 498 5699 575 5766; x_wconf 87' lang='lat' dir='ltr'><strong>clv.</strong></span> <span class='ocrx_word' id='word_1_814' title='bbox 1513 5696 1549 5762; x_wconf 77' lang='lat' dir='ltr'><strong>dl</strong></span> 
     </span>
    </p>
   </div>
   <div class='ocr_carea' id='block_1_4' title="bbox 0 0 1941 6116">
    <p class='ocr_par' dir='ltr' id='par_1_4' title="bbox 0 0 1941 6116">
     <span class='ocr_line' id='line_1_62' title="bbox 0 0 1941 6116; baseline 0 0"><span class='ocrx_word' id='word_1_815' title='bbox 0 0 1941 6116; x_wconf 95' lang='lat' dir='ltr'><strong> </strong></span> 
     </span>
    </p>
   </div>
  </div>
 </body>
</html>
