3832 6120
151 271 220 332 titt
717 271 913 329 olrtotmtt
934 268 1211 330 tectsstts'ttot„
1705 284 1773 341 illi

147 384 295 444 sustentari
318 392 427 457 queant,
453 385 540 442 donee
551 387 586 442 ad
604 386 818 457 eternaepatriae
832 383 929 457 gandia
944 386 969 444 A
982 383 1017 438 ad
1029 393 1138 440 aeternae
1156 386 1382 443 remunerationis
1392 391 1502 459 promia
1516 396 1680 464 capesoemta
1694 413 1771 454 aas..

147 478 238 532 divina
251 474 435 531 misericordia
460 477 551 532 uocati
564 477 672 532 valeant
695 468 848 547 pervenire.
863 477 934 533 Con·
983 471 1052 526 citer
1066 474 1210 529 credimus.
1230 472 1333 530 idcirco
1345 482 1439 531 notum
1451 492 1513 534 esse
1529 480 1651 538 volumus
1668 488 1773 544 eunctis

145 568 287 624 stltnentes
298 567 389 636 itaque
403 567 454 623 buc
467 576 566 623 nostrae
576 567 747 623 auctoritatis
756 576 932 637 praeceptum,
984 560 1108 618 fidelibus
1121 574 1222 620 ollitioe
1238 565 1286 620 Dei
1305 564 1436 622 Ecclesia*
1459 576 1487 624 ei
1503 572 1615 636 nolitis.
1633 577 1772 644 praescnti-

141 654 220 725 iutta
242 656 386 710 memorati
411 655 529 726 episcopi
558 656 733 726 petitionem,
761 655 933 712 decrevimus
982 651 1033 707 bus
1044 652 1148 708 scilieet
1162 662 1191 710 et
1205 654 1319 722 incurris,
1344 657 1407 725 quia
1421 659 1515 715 adiens
1528 663 1701 719 serenitatem
1716 667 1773 721 eoi·

142 748 203 805 fleri
219 756 267 802 :ut
277 763 310 802 er
323 748 415 812 rebus,
428 762 606 817 quascunque
624 764 705 818 supra
715 749 773 819 jaro
787 748 933 803 nominatae
983 743 1064 797 minis
1077 745 1163 801 nostri
1189 746 1230 800 vir
1249 748 1413 803 venerabilis
1427 749 1580 806 adaleodus
1597 752 1666 808 abba
1679 770 1773 811 mona·

141 837 216 893 cette
226 852 298 892 nunc
312 837 441 906 terrrporis
455 837 548 892 usibus
561 838 754 893 monachorum
768 837 865 892 ibidem
876 837 933 893 Deo
982 834 1057 889 sterii
1071 835 1158 890 sancti
1169 834 1296 901 Amandi,
1307 853 1360 891 una
1374 853 1435 893 eum
1446 839 1556 895 lidrico
1570 842 1652 898 misso
1668 855 1770 909 nostro,

141 929 352 984 deservientium
383 929 524 997 deputatas
547 929 658 996 habent,
682 929 771 984 nuilus
792 931 933 999 episeopo·
981 939 1061 994 quem
1075 925 1110 979 ad
1124 926 1282 995 praedictum
1304 929 1458 984 coenobium
1479 930 1628 987 direximus
1647 934 1681 987 ad
1699 934 1772 990 ordi·

141 1035 212 1077 runt.
226 1020 380 1089 quicunque
398 1020 488 1074 divina
502 1021 645 1076 vocatione
655 1036 704 1091 per
722 1031 844 1091 tempora
869 1037 932 1077 sne-
982 1033 1044 1072 nem
1066 1019 1166 1089 regular
1189 1019 1275 1074 sancti
1294 1019 1431 1075 Benedicti
1455 1021 1687 1091 confirmandum
1708 1041 1771 1096 sug-

139 1111 262 1174 cesserit,
288 1120 434 1181 praesumat
463 1112 564 1181 aliquid
589 1113 749 1168 subtrahere
773 1114 814 1168 vel
840 1113 931 1168 immi·
981 1118 1122 1179 gesserunt
1134 1110 1330 1167 mansuetudini
1345 1118 1443 1166 nostrae
1455 1113 1571 1181 qualiter
1583 1117 1769 1187 congregatio-

140 1219 224 1257 nitere
235 1202 352 1272 quolibet
360 1211 518 1273 argumento
529 1203 570 1259 vel
580 1205 735 1270 occasione,
750 1220 837 1274 neque
850 1205 877 1258 in
887 1204 931 1257 lte-
981 1200 1008 1253 ni
1019 1200 1180 1257 contessoris
1202 1201 1303 1257 Christi
1322 1203 1438 1259 Amandi
1460 1205 1549 1274 aliqua
1577 1206 1611 1262 de
1638 1210 1717 1264 rebus
1740 1218 1769 1263 et

139 1290 265 1346 nedcium
281 1291 359 1356 dare,
371 1299 417 1346 aut
428 1294 485 1348 suis
496 1292 591 1350 usibus
601 1294 737 1364 applicare
750 1313 757 1350 ε
772 1296 867 1351 sedita
881 1310 932 1365 per
981 1291 1053 1346 villis
1065 1291 1185 1362 ejusdem
1209 1294 1331 1349 eeclesiae
1352 1296 1481 1364 deputare
1506 1305 1534 1352 et
1557 1297 1718 1355 eontirmare
1733 1301 1768 1356 ad

138 1384 230 1439 omnia
245 1384 403 1439 conservari
423 1386 540 1451 studeat,
554 1386 633 1442 sicuti
646 1395 813 1442 memoratus
825 1389 929 1458 episco·
980 1399 1046 1440 ustus
1060 1392 1089 1440 et
1106 1387 1283 1441 necessitates
1295 1387 1401 1441 illorum
1420 1389 1666 1459 praejudicaremus.
1694 1391 1769 1448 ideo

138 1488 189 1545 pus
203 1474 230 1527 in
249 1473 333 1529 libelli
347 1475 419 1529 serie
439 1475 546 1545 singula
572 1475 630 1531 loca
643 1492 692 1546 per
710 1477 834 1532 ordinem
848 1478 932 1533 adno-
980 1491 1033 1544 que
1045 1475 1079 1530 ad
1096 1479 1279 1547 precationem
1301 1480 1343 1534 vel
1365 1481 1564 1549 suggestionem
1578 1484 1770 1552 praedictorum

138 1564 222 1618 tando
235 1562 360 1634 digessit,
386 1571 415 1619 et
438 1579 519 1619 manu
538 1580 585 1620 sua
603 1567 772 1637 subscripsit,
790 1575 818 1625 et
830 1568 857 1623 in
868 1583 931 1625 eon-
980 1564 1118 1631 abbatum,
1132 1566 1260 1622 Adaleodi
1274 1568 1398 1624 videlieet
1412 1577 1440 1624 et
1453 1571 1564 1636 eldrici,
1579 1572 1634 1628 imo
1645 1574 1681 1629 ob
1695 1588 1769 1629 emo·

136 1659 219 1708 rento
236 1654 424 1722 episcoporum
436 1670 484 1710 eos
504 1655 551 1724 qui
562 1656 686 1721 aderant,
701 1656 871 1713 subscribere
884 1673 929 1712 ro-
980 1655 1129 1711 lnmentnm
1152 1657 1249 1712 animae
1264 1667 1381 1722 nostrae,
1405 1659 1542 1730 conjugis,
1563 1672 1643 1730 atque
1654 1663 1771 1732 prolium

137 1745 219 1816 gavit,
250 1755 362 1816 propter
381 1746 515 1802 cavendas
544 1748 708 1804 omnimodis
729 1750 928 1815 contentiones,
943 1724 967 1784 Β
980 1753 1150 1811 nostrarum,
1170 1762 1214 1802 res
1228 1748 1322 1802 subter
1334 1748 1476 1805 adnotatas
1491 1752 1627 1820 predictis
1643 1752 1770 1808 iratribus

136 1850 196 1908 qum
217 1834 315 1892 laturis
338 1839 506 1908 temporibus
533 1846 659 1908 poterant
673 1840 792 1906 oboriri;
813 1841 859 1896 sed
880 1857 930 1897 nec
979 1835 1223 1905 θῑθθῐῑιιῐθιιθῑῑθῡί
1243 1835 1335 1892 sancii
1356 1837 1470 1893 liminii
1495 1839 1529 1893 ²1¹
1549 1840 1667 1903 licium,
1688 1840 1770 1894 vesti-

136 1926 219 1981 etiam
248 1927 320 1983 aliud
333 1929 473 1985 servitium
491 1929 533 1985 vei
551 1927 655 1998 majera
671 1946 782 1986 munera
796 1932 859 1988 inde
877 1932 929 1987 sibi
979 1935 1115 1981 monloel
1133 1927 1335 1994 calceamento,
1362 1945 1408 1984 seu
1426 1930 1508 1985 eliam
1529 1941 1643 1986 ceteros
1659 1947 1723 1986 nsns
1741 1941 1771 1989 et

137 2029 188 2087 pro
200 2023 321 2087 tempore
336 2027 459 2088 usurpet,
473 2027 573 2090 praeter
585 2035 617 2076 ea
640 2034 701 2090 quae
724 2021 752 2075 in
765 2020 859 2077 libello
879 2035 928 2076 co·
978 2017 1155 2074 necessitates
1169 2017 1305 2088 ipsorum,
1330 2021 1436 2075 tradere
1451 2029 1478 2076 et
1500 2021 1662 2077 confirmare
1678 2023 1771 2078 decre-

135 2106 197 2160 dem
208 2107 280 2162 idern
296 2107 354 2178 ipse
371 2108 512 2178 episcopus
523 2110 643 2165 inserere
656 2110 771 2179 putavit.
783 2110 823 2165 Ae
838 2111 930 2165 nelru·
978 2108 1082 2173 vimus,
1103 2117 1132 2164 et
1152 2123 1234 2179 super
1254 2111 1326 2165 bane
1351 2112 1483 2166 cessionis
1509 2114 1697 2168 auctoritatem
1720 2113 1770 2168 bos

133 2196 178 2266 jus
194 2197 296 2253 decreti
323 2214 405 2253 eausa
426 2199 453 2253 in
479 2200 582 2255 eisdem
603 2201 736 2256 coenobiis
755 2199 868 2257 abbates
887 2201 929 2257 vel
979 2204 1088 2253 nostros
1107 2198 1261 2269 imperiales
1282 2199 1372 2268 apices
1397 2199 1456 2255 ilcri
1479 2201 1662 2265 decrevimus,
1688 2210 1770 2271 atque

135 2289 260 2345 monachi
275 2289 416 2344 constituti
430 2297 523 2344 contra
540 2305 619 2344 suum
634 2290 766 2359 incipiant
785 2290 929 2358 superbire
976 2285 1103 2356 jubemus
1116 2294 1148 2341 ut
1166 2288 1265 2343 ablrine
1286 2289 1312 2342 in
1335 2288 1455 2343 suturam
1476 2303 1491 2342 a
1508 2290 1586 2345 nobis
1607 2298 1635 2345 et
1657 2291 1768 2354 nostris,

135 2379 303 2449 episcopum,
322 2378 501 2448 praecavimus
518 2393 627 2433 omnem
641 2379 810 2434 occasionem
831 2393 928 2449 ampu·
979 2374 1034 2429 beo
1048 2375 1231 2444 dispensante,
1246 2379 1458 2441 successoribus,
1474 2378 1526 2447 piis
1539 2378 1656 2433 oraculis
1667 2379 1769 2434 nostris

137 2471 260 2537 modam,
284 2484 371 2539 neque
386 2470 475 2526 locum
497 2469 603 2526 diabolo
624 2469 753 2535 dandum,
765 2468 839 2525 salva
858 2471 930 2526 seili-
978 2465 1163 2520 conservanda
1179 2465 1377 2531 mandavimus,
1391 2468 1462 2536 qood
1480 2481 1529 2522 nos
1544 2483 1592 2537 pro
1604 2469 1713 2523 aetcrnis
1723 2483 1769 2523 ea·

136 2568 179 2617 cet
200 2561 226 2616 in
247 2561 374 2616 omnibus
399 2560 561 2615 auctoritate
577 2568 605 2614 et
622 2567 756 2629 potestate
767 2561 886 2632 episcopi
900 2561 928 2615 ia
978 2556 1118 2627 pessendis
1130 2556 1264 2624 premiis,
1282 2565 1310 2610 et
1323 2565 1480 2610 memoratae
1493 2557 1693 2627 congregationi
1705 2573 1769 2612 coo·

135 2651 242 2707 cunctis
259 2649 449 2706 ecclesiastieae
464 2649 564 2720 regulae
575 2649 725 2719 disciplinis
740 2669 746 2704 :
759 2649 887 2705 videlieet
898 2657 929 2705 ut
978 2645 1098 2700 sulendis
1114 2644 1324 2701 necessitatibus
1339 2646 1437 2700 iecisse
1453 2653 1481 2700 ct
1494 2647 1661 2702 concessisse
1678 2655 1769 2702 vestra

135 2745 244 2799 easdem
258 2743 340 2798 cellas
357 2743 406 2798 sub
424 2743 536 2811 proprio
551 2756 667 2811 semper
679 2742 813 2813 regimine
827 2744 928 2814 guber-
977 2742 1125 2804 cognoscat
1143 2730 1292 2798 industria;
1318 2734 1354 2789 ita
1375 2734 1507 2788 drrntavat
1528 2742 1558 2788 ut
1580 2735 1710 2805 quidquid
1731 2735 1767 2790 de

135 2850 215 2899 trans,
227 2836 373 2891 seecundum
394 2835 589 2889 institutionem
606 2841 707 2889 sancta
730 2834 828 2905 regulae
845 2835 928 2890 abba·
978 2823 1044 2893 ipsis
1055 2824 1136 2879 lebni
1151 2823 1207 2879 ⁰9⁰
1218 2823 1336 2879 (100θῦῑο
1354 2838 1402 2892 per
1419 2824 1520 2879 ¹³⁰¹¹¹¹¹¹¹
1538 2825 1656 2879 Siudifflss
1669 2825 1768 2895 millii

137 2933 177 2981 tes
194 2926 354 2991 constituat,
366 2933 403 2991 et,
424 2926 447 2979 si
471 2938 583 2980 neeesse
596 2923 687 2991 luerit,
711 2932 815 2992 mutet;
840 2941 923 2996 prava
978 2913 1072 2970 baberi
1085 2913 1127 2969 vel
1138 2913 1261 2984 acquiri,
1283 2921 1369 2969 totum
1386 2913 1413 2967 in
1433 2911 1547 2968 fratrum
1563 2914 1622 2970 sine
1637 2914 1690 2968 ulla
1704 2915 1766 2969 sub

134 3034 248 3090 quaeque
263 3019 391 3089 corrigat,
407 3016 542 3087 superdea
553 3027 669 3082 resecet,
682 3017 796 3072 virtutes
811 3019 923 3083 nutriat,
978 3005 1219 3061 ifflcii0¹¹01¹⁸ib¹1⁸
1233 3004 1321 3060 cethi·
1343 3003 1405 3059 Pili
1424 3006 1612 3060 eii³ffl1¹⁰⁸il³
1633 3004 1767 3074 imiffl'iiii

133 3108 255 3164 eradicet
276 3107 351 3172 vitia,
380 3114 470 3177 atque
492 3114 521 3160 ut
546 3106 633 3161 bonus
656 3104 786 3176 agricola,
805 3106 925 3161 evellens
938 3067 961 3130 C
975 3097 1139 3154 melorilole
1161 3097 1333 3167 omittimus
1353 3112 1385 3152 ³0
1399 3097 1526 3166 iubemus
1538 3105 1570 3151 ul
1583 3097 1672 3153 nuilus
1684 3097 1763 3167 quili-

135 3197 258 3263 lruticcs,
284 3195 395 3250 Parrum
420 3209 537 3265 sequens
551 3195 684 3260 instituta,
704 3195 841 3251 discernat
862 3211 927 3266 qua·
973 3190 1134 3246 betsanctae
1153 3187 1202 3244 liei
1227 3187 1368 3254 Ecclesiae,
1389 3190 1563 3257 iraewssiium
1590 3189 1714 3244 videlieet
1736 3198 1765 3245 oi

135 3286 188 3341 lem
209 3287 307 3357 cuique
321 3294 401 3341 terre
415 3293 563 3341 sementem
579 3285 711 3341 mandare
721 3286 828 3341 debeat.
849 3287 925 3343 lianc
975 3278 1144 3343 initlorum·
1166 3278 1200 3333 de
1217 3279 1354 3347 liraedicliss
1372 3287 1400 3333 el
1418 3279 1614 3335 tillemontio
1628 3280 1710 3335 rohos
1724 3280 1766 3334 in·

134 3383 225 3431 autem
249 3384 350 3432 nostrae
373 3375 577 3433 constitutionis
598 3376 787 3430 auctoritatem
804 3376 864 3432 ideo
886 3375 926 3432 la·
974 3370 1160 3441 quietudinem
1175 3376 1222 3422 aut
1240 3366 1450 3439 refragationem
1464 3367 1507 3423 vel
1523 3366 1709 3438 proejtrdieium
1721 3365 1764 3423 vel

135 3475 216 3532 etant
235 3482 269 3523 ne
283 3467 420 3540 religionis
433 3467 502 3522 ordo
514 3467 540 3522 in
553 3482 634 3538 supra
647 3467 756 3537 scriptis
779 3468 855 3529 loeis,
876 3480 925 3524 nn-
974 3460 1132 3517 violentiam
1157 3458 1249 3514 lacere
1272 3465 1378 3513 tentet:
1403 3457 1449 3512 sed
1463 3458 1553 3528 potius
1567 3458 1625 3514 sine
1640 3458 1694 3512 ulla
1705 3457 1767 3513 sub·

134 3560 198 3616 stris
217 3559 370 3631 futurisque
393 3560 560 3629 temporibus
583 3556 776 3624 confundatur,
805 3560 853 3613 sed
870 3573 924 3628 per
974 3552 1113 3621 reptione,
1139 3558 1187 3604 aut
1203 3549 1402 3614 subtristioris,
1428 3547 1471 3601 tel
1487 3549 1665 3603 diminutione
1685 3560 1767 3618 atqtte

134 3651 225 3707 omnia
241 3652 267 3705 in
282 3652 330 3705 ilci
341 3650 463 3713 servitio,
478 3648 512 3702 ad
523 3647 714 3716 eujrrslaudem
726 3655 755 3701 et
765 3648 925 3715 obsequium
975 3641 1120 3705 divisione,
1138 3638 1219 3694 liceat
1232 3652 1280 3693 eas
1293 3639 1381 3693 eidem
1400 3637 1602 3706 congregationi
1616 3639 1765 3692 monacho-

133 3740 234 3796 conditl
248 3753 351 3802 sumtis,
366 3734 556 3791 inviolabiliter
573 3735 600 3789 in
612 3742 926 3804 perpetuumeonserve-
975 3744 1035 3784 rurn
1052 3729 1107 3782 lieo
1120 3726 1296 3781 militantium
1314 3740 1377 3780 cum
1393 3725 1468 3780 onrni
1482 3725 1637 3794 integritate
1652 3726 1765 3781 inviola-

133 3840 191 3894 tnr,
221 3837 251 3884 ut
267 3829 415 3900 pleniorem
430 3828 457 3882 in
476 3826 522 3882 oet
544 3826 654 3881 nomine
674 3826 780 3881 eunctis
797 3824 928 3895 tempori-
975 3821 1067 3876 biliter
1078 3819 1181 3888 absque
1199 3818 1253 3873 nlla
1267 3818 1401 3873 calumnia
1420 3826 1448 3873 et
1464 3819 1677 3875 contradictione
1687 3834 1765 3875 seeu-

134 3923 186 3979 bus
203 3921 325 3976 obtineat
348 3919 514 3983 tirmitatem,
537 3931 620 3971 manu
637 3916 746 3986 propria
766 3915 861 3972 subter
880 3914 926 3969 iir-
975 3910 1043 3964 riter
1056 3925 1088 3964 ac
1099 3908 1292 3979 perpetualiter
1305 3908 1417 3974 babere,
1431 3908 1573 3978 possidere
1584 3918 1611 3963 et
1627 3907 1689 3965 lrui.
1711 3909 1763 3966 So-

134 4012 278 4077 mavimus,
303 4017 332 4065 et
348 4007 440 4063 annuli
458 4006 544 4062 nostri
562 4005 740 4074 impressione
751 4003 854 4077 signari
862 4004 925 4076 jus·
973 3999 1112 4056 lummodo
1132 3997 1258 4054 videlieet
1276 3998 1310 4054 ad
1330 4001 1397 4064 boc,
1421 4000 1493 4055 sicut
1510 4002 1679 4070 premissum
1708 4012 1761 4068 est,

134 4102 230 4157 simus,
975 4089 1156 4161 specialitcra
1175 4089 1253 4144 nobis
1268 4097 1331 4145 sunt
1346 4104 1397 4159 pro
1409 4090 1534 4146 mercede
1546 4099 1640 4148 nostra
1657 4091 1764 4162 delega-

169 4192 281 4264 Signum
295 4189 424 4246 Ludoviei
436 4184 602 4244 serenissimi
614 4185 740 4257 Augusti.
976 4189 1011 4237 tae
1021 4188 1050 4235 et
1065 4181 1244 4247 confirmata,
1267 4189 1297 4236 ut
1313 4196 1365 4237 nee
1382 4181 1500 4236 bumana
1515 4189 1635 4250 potestas
1651 4181 1709 4237 sine
1722 4183 1764 4238 sui

169 4283 313 4338 Durandus
336 4282 467 4337 diaconus
497 4279 532 4333 ad
558 4277 644 4334 ricem
675 4272 814 4347 Fridugisi
844 4286 924 4330 reeo-
975 4270 1097 4341 periculo
1107 4271 1274 4326 discriminis
1291 4271 1377 4341 possit
1388 4285 1436 4327 eas
1451 4279 1619 4335 convertere,
1632 4272 1679 4327 sed
1693 4286 1765 4326 sertr-

135 4373 225 4444 μονῇ,
938 4365 1089 4474 1)persub
1110 4362 1195 4434 regali
1209 4372 1237 4418 et
1250 4362 1384 4432 imperiali
1406 4362 1521 4418 tuitione
1540 4361 1767 4434 irrefragabiliter

172 4463 237 4516 bata
256 4477 292 4517 xv
315 4459 374 4515 lial.
390 4457 474 4523 lunii,
493 4472 566 4512 anno
588 4455 697 4512 Christo
711 4454 856 4526 propitioil
872 4453 926 4509 iar·
977 4454 1059 4510 salvae
1075 4453 1190 4508 iratrum
1206 4453 1300 4509 usibus
1314 4451 1482 4508 consistant:
1498 4459 1630 4520 quatenus
1642 4450 1764 4518 ejusdcm

134 4553 204 4623 perii
221 4551 312 4606 domni
335 4549 423 4603 nostri
445 4545 576 4601 Ludoviei
601 4544 772 4600 serenissimi
802 4542 929 4614 Augusti,
977 4544 1030 4600 loci
1044 4543 1217 4599 devotreileo
1232 4540 1342 4606 amabili
1362 4538 1563 4609 congregationi
1580 4552 1628 4608 pro
1642 4537 1765 4592 nobisne

135 4643 286 4700 indictione
308 4640 352 4695 lli.
382 4640 480 4695 Actum
499 4636 664 4707 aquisgrani
684 4634 785 4705 palatio
808 4633 883 4705 regio
902 4633 930 4687 in
979 4650 1028 4706 pro
1044 4633 1126 4691 totius
1136 4631 1242 4702 imperii
1257 4630 1336 4702 hujus
1346 4628 1494 4685 stabilitate
1514 4642 1547 4682 ae
1566 4641 1648 4698 pace,
1665 4636 1765 4682 nostre

135 4735 184 4792 liei
198 4733 306 4790 nomine
320 4730 442 4786 feliciter.
454 4729 552 4783 Amen.
979 4724 1090 4795 pietatis
1104 4736 1216 4778 munere
1237 4718 1350 4788 adjutae,
1372 4717 1516 4773 Dominum
1527 4715 1689 4787 propensius
1701 4730 1765 4770 eso

509 4820 553 4875 Cli
981 4829 1043 4870 rare
1055 4812 1178 4869 delectet.
1196 4812 1230 4866 Et
1250 4811 1308 4865 bare
1322 4808 1431 4864 nomina
1448 4805 1565 4875 deipsis
1586 4805 1683 4869 rebus,
1697 4817 1766 4872 quas

320 4928 373 4971 sno
391 4925 560 4967 uostsranto
578 4923 735 4965 etuosrvsr.
977 4905 1099 4962 illistlari
1116 4902 1305 4960 decrevimus:
1322 4900 1350 4956 in
1365 4913 1433 4970 pago
1443 4894 1634 4961 bracbatensi,
1650 4895 1677 4948 in
1696 4893 1764 4948 locis

442 5001 529 5074 (Anno
550 5000 627 5072 822.)
975 4993 1138 5065 nuncupatis
1150 4991 1281 5047 Baeerotb
1298 4985 1487 5060 (bassarode),
1501 4984 1591 5051 bocla,
1605 4980 1768 5039 Neonisioet

247 5097 343 5170 [Apud
360 5096 393 5151 i).
414 5095 558 5164 bouquet,
571 5093 648 5157 idid„
664 5107 726 5163 pag.
742 5087 817 5162 tto]
977 5086 1133 5150 securiaco,
1147 5081 1234 5140 mansi
1256 5096 1355 5146 restim
1381 5079 1407 5134 in
1422 5092 1490 5149 pago
1501 5073 1718 5138 Ostrebantinse,
1737 5071 1755 5125 ir

171 5189 325 5243 innomine
347 5185 516 5240 bominibei
539 5192 568 5239 ct
588 5181 739 5239 salvatoris
758 5176 923 5235 nostrilesu
976 5179 1036 5235 loeo
1055 5179 1101 5250 qui
1121 5170 1222 5234 dieitur
1241 5173 1399 5235 halciacus,
1432 5182 1493 5223 eunt
1522 5163 1687 5236 appendiciis
1709 5162 1767 5216 suis

135 5279 250 5346 Christi,
267 5278 419 5333 Ludovims
433 5277 523 5332 divisa
534 5275 678 5331 ordinante
690 5270 859 5343 providentia
872 5268 923 5323 im·
975 5272 1064 5327 mansi
1075 5286 1157 5335 ιι·ιιι;
1173 5269 1200 5322 in
1224 5281 1292 5338 pago
1310 5264 1356 5334 qui
1375 5261 1473 5317 dieitur
1488 5258 1649 5329 ilenpiseus,
1664 5256 1690 5310 in
1706 5253 1769 5309 loen

135 5369 407 5442 peratorAugustus.
975 5369 1148 5431 nuncupante
1173 5359 1278 5424 lloslar,
1308 5370 1369 5412 cum
1391 5350 1557 5423 appendiciis
1580 5350 1651 5415 suis,
1678 5349 1767 5402 mansi

172 5460 241 5516 Com
255 5460 322 5515 locis
335 5459 426 5513 divino
442 5457 525 5513 cultui
540 5455 699 5526 mancipatis
712 5453 746 5509 ob
764 5451 862 5507 divine
871 5464 927 5505 ser·
975 5467 1075 5516 oxortu
1089 5447 1265 5504 mansioniles
1276 5446 1348 5501 circa
1369 5440 1562 5498 monasterinm
1576 5455 1614 5504 rv,
1633 5447 1661 5494 et
1674 5437 1763 5508 pisca·

137 5551 233 5606 vitetis
247 5565 368 5605 amorem
385 5564 463 5620 opem
484 5562 630 5617 congruam
653 5546 771 5605 ierimus,
786 5540 924 5612 etrrgium
977 5541 1078 5595 tionem
1091 5547 1171 5609 atque
1185 5536 1378 5597 Seotrenrtcm3
1403 5542 1430 5585 ct
1448 5528 1473 5583 in
1490 5526 1621 5583 Flandras
1635 5525 1763 5582 mariscos

139 5658 243 5701 osorem
257 5643 383 5699 decenter
395 5641 553 5712 implemus,
579 5646 605 5694 et
623 5637 649 5692 id
663 5635 741 5692 nobis
755 5629 926 5704 prolaturum
977 5644 1046 5683 vin:
1071 5627 1119 5684 scd
1138 5634 1166 5681 et
1188 5625 1214 5681 in
1236 5638 1304 5697 pago
1325 5619 1496 5678 Laudunensi
1515 5615 1684 5675 barisiacum
1703 5629 1764 5671 tuln
