<?xml version="1.0" encoding="UTF-8"?>
<!DOCTYPE html PUBLIC "-//W3C//DTD XHTML 1.0 Transitional//EN"
    "http://www.w3.org/TR/xhtml1/DTD/xhtml1-transitional.dtd">
<html xmlns="http://www.w3.org/1999/xhtml" xml:lang="en" lang="en">
 <head>
  <title>
</title>
<meta http-equiv="Content-Type" content="text/html;charset=utf-8" />
  <meta name='ocr-system' content='tesseract 3.04.00' />
  <meta name='ocr-capabilities' content='ocr_page ocr_carea ocr_par ocr_line ocrx_word'/>
</head>
<body>
  <div class='ocr_page' id='page_1' title='image "./patrologiaecurs103migngoog_0175.png"; bbox 0 0 3832 6120; ppageno 0'>
   <div class='ocr_carea' id='block_1_1' title="bbox 171 317 1806 403">
    <p class='ocr_par' dir='ltr' id='par_1_1' title="bbox 171 317 1806 403">
     <span class='ocr_line' id='line_1_1' title="bbox 171 317 1806 403; baseline 0.015 -25"><span class='ocrx_word' id='word_1_1' title='bbox 171 317 225 380; x_wconf 67' lang='lat'>839</span> <span class='ocrx_word' id='word_1_2' title='bbox 658 330 687 385; x_wconf 87' lang='lat' dir='ltr'>S.</span> <span class='ocrx_word' id='word_1_3' title='bbox 706 328 881 387; x_wconf 71' lang='lat' dir='ltr'>eueniunt</span> <span class='ocrx_word' id='word_1_4' title='bbox 900 333 1051 393; x_wconf 70' lang='lat' dir='ltr'>Episcopi</span> <span class='ocrx_word' id='word_1_5' title='bbox 1070 337 1312 395; x_wconf 70' lang='lat' dir='ltr'>bethuniensis</span> <span class='ocrx_word' id='word_1_6' title='bbox 1752 344 1806 403; x_wconf 73' lang='lat' dir='ltr'>itt</span> 
     </span>
    </p>
   </div>
   <div class='ocr_carea' id='block_1_2' title="bbox 167 432 1807 713">
    <p class='ocr_par' dir='ltr' id='par_1_2' title="bbox 167 432 1807 713">
     <span class='ocr_line' id='line_1_2' title="bbox 169 432 1807 527; baseline 0.016 -39"><span class='ocrx_word' id='word_1_7' title='bbox 169 432 272 490; x_wconf 75' lang='lat' dir='ltr'>aarum</span> <span class='ocrx_word' id='word_1_8' title='bbox 285 432 370 490; x_wconf 90' lang='lat' dir='ltr'>nostri</span> <span class='ocrx_word' id='word_1_9' title='bbox 384 435 554 494; x_wconf 78' lang='lat' dir='ltr'>sermonibus</span> <span class='ocrx_word' id='word_1_10' title='bbox 567 439 766 509; x_wconf 62' lang='lat' dir='ltr'>supplicandum</span> <span class='ocrx_word' id='word_1_11' title='bbox 781 441 819 497; x_wconf 91' lang='lat' dir='ltr'>ita</span> <span class='ocrx_word' id='word_1_12' title='bbox 833 443 916 499; x_wconf 88' lang='lat' dir='ltr'>etiam</span> <span class='ocrx_word' id='word_1_13' title='bbox 930 445 957 500; x_wconf 90' lang='lat' dir='ltr'>ln</span> <span class='ocrx_word' id='word_1_14' title='bbox 972 450 1122 513; x_wconf 68' lang='lat' dir='ltr'>Acantieis</span> <span class='ocrx_word' id='word_1_15' title='bbox 1134 466 1321 522; x_wconf 79' lang='lat' dir='ltr'>personemus.</span> <span class='ocrx_word' id='word_1_16' title='bbox 1335 449 1476 522; x_wconf 85' lang='lat' dir='ltr'>Superhuo</span> <span class='ocrx_word' id='word_1_17' title='bbox 1489 468 1606 525; x_wconf 80' lang='lat' dir='ltr'>uanique</span> <span class='ocrx_word' id='word_1_18' title='bbox 1617 455 1669 510; x_wconf 88' lang='lat' dir='ltr'>alia</span> <span class='ocrx_word' id='word_1_19' title='bbox 1681 472 1807 527; x_wconf 72' lang='lat' dir='ltr'>querna·</span> 
     </span>
     <span class='ocr_line' id='line_1_3' title="bbox 168 523 1805 615; baseline 0.019 -36"><span class='ocrx_word' id='word_1_20' title='bbox 168 523 266 580; x_wconf 77' lang='lat' dir='ltr'>divinae</span> <span class='ocrx_word' id='word_1_21' title='bbox 276 523 363 582; x_wconf 84' lang='lat' dir='ltr'>laudts</span> <span class='ocrx_word' id='word_1_22' title='bbox 382 525 496 594; x_wconf 88' lang='lat' dir='ltr'>honore,</span> <span class='ocrx_word' id='word_1_23' title='bbox 514 543 569 585; x_wconf 91' lang='lat' dir='ltr'>uon</span> <span class='ocrx_word' id='word_1_24' title='bbox 582 529 721 600; x_wconf 85' lang='lat' dir='ltr'>humanis,</span> <span class='ocrx_word' id='word_1_25' title='bbox 736 533 785 588; x_wconf 89' lang='lat' dir='ltr'>sed</span> <span class='ocrx_word' id='word_1_26' title='bbox 803 532 912 602; x_wconf 86' lang='lat' dir='ltr'>divinis,</span> <span class='ocrx_word' id='word_1_27' title='bbox 933 542 960 591; x_wconf 89' lang='lat' dir='ltr'>et</span> <span class='ocrx_word' id='word_1_28' title='bbox 1014 550 1068 609; x_wconf 90' lang='lat' dir='ltr'>tur,</span> <span class='ocrx_word' id='word_1_29' title='bbox 1081 541 1127 597; x_wconf 90' lang='lat' dir='ltr'>nbi</span> <span class='ocrx_word' id='word_1_30' title='bbox 1149 542 1200 596; x_wconf 90' lang='lat' dir='ltr'>ista</span> <span class='ocrx_word' id='word_1_31' title='bbox 1216 541 1341 599; x_wconf 82' lang='lat' dir='ltr'>sufficere</span> <span class='ocrx_word' id='word_1_32' title='bbox 1365 551 1393 599; x_wconf 91' lang='lat' dir='ltr'>et</span> <span class='ocrx_word' id='word_1_33' title='bbox 1409 546 1628 615; x_wconf 80' lang='lat' dir='ltr'>superabundare</span> <span class='ocrx_word' id='word_1_34' title='bbox 1642 556 1805 610; x_wconf 84' lang='lat' dir='ltr'>noscuntur.</span> 
     </span>
     <span class='ocr_line' id='line_1_4' title="bbox 167 614 959 713; baseline 0.013 -42"><span class='ocrx_word' id='word_1_35' title='bbox 167 615 344 688; x_wconf 86' lang='lat' dir='ltr'>spiritalibus,</span> <span class='ocrx_word' id='word_1_36' title='bbox 362 617 439 690; x_wconf 77' lang='lat' dir='ltr'>Juxta</span> <span class='ocrx_word' id='word_1_37' title='bbox 458 619 626 713; x_wconf 73' lang='lat' dir='ltr'>Apostolum,</span> <span class='ocrx_word' id='word_1_38' title='bbox 648 614 771 699; x_wconf 82' lang='lat' dir='ltr'>psalmis,</span> <span class='ocrx_word' id='word_1_39' title='bbox 799 626 916 699; x_wconf 82' lang='lat' dir='ltr'>hymnis,</span> <span class='ocrx_word' id='word_1_40' title='bbox 931 634 959 682; x_wconf 89' lang='grc' dir='ltr'>ει</span> 
     </span>
    </p>
   </div>
   <div class='ocr_carea' id='block_1_3' title="bbox 1210 766 1790 796">
    <p class='ocr_par' dir='ltr' id='par_1_3' title="bbox 1210 766 1790 796">
     <span class='ocr_line' id='line_1_5' title="bbox 1210 766 1790 796; baseline 0 0"><span class='ocrx_word' id='word_1_41' title='bbox 1210 766 1790 796; x_wconf 48' lang='grc' dir='ltr'><strong>““““-··-·--·----ι</strong></span> 
     </span>
    </p>
   </div>
   <div class='ocr_carea' id='block_1_4' title="bbox 371 857 1613 1095">
    <p class='ocr_par' dir='ltr' id='par_1_4' title="bbox 371 857 1613 1095">
     <span class='ocr_line' id='line_1_6' title="bbox 371 857 1613 985; baseline 0.002 -42"><span class='ocrx_word' id='word_1_42' title='bbox 371 857 598 944; x_wconf 89' lang='lat' dir='ltr'>INCIPIT</span> <span class='ocrx_word' id='word_1_43' title='bbox 623 864 639 906; x_wconf 81' lang='lat'><em>²</em></span> <span class='ocrx_word' id='word_1_44' title='bbox 662 859 838 945; x_wconf 84' lang='lat' dir='ltr'>LIBER</span> <span class='ocrx_word' id='word_1_45' title='bbox 877 858 1266 985; x_wconf 71' lang='lat' dir='ltr'><strong>VENERABILIS</strong></span> <span class='ocrx_word' id='word_1_46' title='bbox 1303 857 1613 946; x_wconf 78' lang='lat' dir='ltr'><strong>AGOBARDI</strong></span> 
     </span>
     <span class='ocr_line' id='line_1_7' title="bbox 723 1033 1245 1095; baseline -0.008 0"><span class='ocrx_word' id='word_1_47' title='bbox 723 1034 984 1095; x_wconf 71' lang='lat' dir='ltr'>moumrmuorr</span> <span class='ocrx_word' id='word_1_48' title='bbox 1001 1033 1245 1095; x_wconf 78' lang='lat' dir='ltr'>sucronensis</span> 
     </span>
    </p>
   </div>
   <div class='ocr_carea' id='block_1_5' title="bbox 485 1187 1478 1265">
    <p class='ocr_par' dir='ltr' id='par_1_5' title="bbox 485 1187 1478 1265">
     <span class='ocr_line' id='line_1_8' title="bbox 485 1187 1478 1265; baseline 0 -9"><span class='ocrx_word' id='word_1_49' title='bbox 485 1190 647 1258; x_wconf 79' lang='lat' dir='ltr'><strong>CONTRA</strong></span> <span class='ocrx_word' id='word_1_50' title='bbox 667 1190 809 1255; x_wconf 84' lang='lat' dir='ltr'>LIBROS</span> <span class='ocrx_word' id='word_1_51' title='bbox 829 1188 1022 1265; x_wconf 78' lang='lat' dir='ltr'>Qutwon</span> <span class='ocrx_word' id='word_1_52' title='bbox 1043 1187 1243 1252; x_wconf 73' lang='lat' dir='ltr'>amittitur</span> <span class='ocrx_word' id='word_1_53' title='bbox 1266 1190 1435 1254; x_wconf 74' lang='lat' dir='ltr'>uentris</span> <span class='ocrx_word' id='word_1_54' title='bbox 1453 1195 1478 1256; x_wconf 71' lang='lat' dir='ltr'>b.</span> 
     </span>
    </p>
   </div>
   <div class='ocr_carea' id='block_1_6' title="bbox 147 1422 1799 2685">
    <p class='ocr_par' dir='ltr' id='par_1_6' title="bbox 147 1422 1799 2685">
     <span class='ocr_line' id='line_1_9' title="bbox 193 1422 1799 1500; baseline 0.005 -18"><span class='ocrx_word' id='word_1_55' title='bbox 193 1426 214 1482; x_wconf 94' lang='lat' dir='ltr'>l.</span> <span class='ocrx_word' id='word_1_56' title='bbox 234 1424 388 1483; x_wconf 79' lang='lat' dir='ltr'>Amaiarins</span> <span class='ocrx_word' id='word_1_57' title='bbox 398 1426 426 1479; x_wconf 88' lang='lat' dir='ltr'>in</span> <span class='ocrx_word' id='word_1_58' title='bbox 436 1423 507 1480; x_wconf 91' lang='lat' dir='ltr'>libro</span> <span class='ocrx_word' id='word_1_59' title='bbox 517 1438 568 1480; x_wconf 84' lang='lat' dir='ltr'>stro</span> <span class='ocrx_word' id='word_1_60' title='bbox 579 1423 804 1495; x_wconf 85' lang='lat' dir='ltr'>primo,cnpitulo</span> <span class='ocrx_word' id='word_1_61' title='bbox 813 1425 950 1481; x_wconf 86' lang='lat' dir='ltr'>tricesimo</span> <span class='ocrx_word' id='word_1_62' title='bbox 1001 1431 1062 1479; x_wconf 83' lang='lat' dir='ltr'>rato</span> <span class='ocrx_word' id='word_1_63' title='bbox 1078 1432 1199 1493; x_wconf 86' lang='lat' dir='ltr'>ternpore</span> <span class='ocrx_word' id='word_1_64' title='bbox 1215 1423 1241 1476; x_wconf 92' lang='lat' dir='ltr'>in</span> <span class='ocrx_word' id='word_1_65' title='bbox 1257 1422 1348 1493; x_wconf 84' lang='lat' dir='ltr'>aliquo</span> <span class='ocrx_word' id='word_1_66' title='bbox 1358 1423 1482 1494; x_wconf 88' lang='lat' dir='ltr'>proiectu</span> <span class='ocrx_word' id='word_1_67' title='bbox 1496 1436 1560 1482; x_wconf 90' lang='lat' dir='ltr'>sunt</span> <span class='ocrx_word' id='word_1_68' title='bbox 1571 1447 1577 1482; x_wconf 97' lang='lat'><strong>:</strong></span> <span class='ocrx_word' id='word_1_69' title='bbox 1590 1433 1713 1500; x_wconf 78' lang='lat' dir='ltr'>germina</span> <span class='ocrx_word' id='word_1_70' title='bbox 1725 1453 1799 1496; x_wconf 64' lang='lat' dir='ltr'>nta-</span> 
     </span>
     <span class='ocr_line' id='line_1_10' title="bbox 157 1514 1796 1596; baseline 0.005 -23"><span class='ocrx_word' id='word_1_71' title='bbox 157 1516 422 1589; x_wconf 85' lang='lat' dir='ltr'>septimo,tiieitita:</span> <span class='ocrx_word' id='word_1_72' title='bbox 437 1530 447 1567; x_wconf 86' lang='lat' dir='ltr'>t</span> <span class='ocrx_word' id='word_1_73' title='bbox 460 1515 854 1572; x_wconf 80' lang='lat' dir='ltr'>liotnanaoonsoetudounnrn</span> <span class='ocrx_word' id='word_1_74' title='bbox 867 1517 948 1582; x_wconf 85' lang='lat' dir='ltr'>diem,</span> <span class='ocrx_word' id='word_1_75' title='bbox 999 1515 1039 1570; x_wconf 85' lang='lat' dir='ltr'>sis</span> <span class='ocrx_word' id='word_1_76' title='bbox 1051 1516 1193 1586; x_wconf 91' lang='lat' dir='ltr'>pullulant,</span> <span class='ocrx_word' id='word_1_77' title='bbox 1215 1514 1343 1570; x_wconf 83' lang='lat' dir='ltr'>arbonam</span> <span class='ocrx_word' id='word_1_78' title='bbox 1367 1514 1472 1572; x_wconf 77' lang='lat' dir='ltr'>fruetus</span> <span class='ocrx_word' id='word_1_79' title='bbox 1500 1532 1532 1573; x_wconf 83' lang='lat' dir='ltr'>ox</span> <span class='ocrx_word' id='word_1_80' title='bbox 1560 1519 1627 1578; x_wconf 88' lang='lat' dir='ltr'>ilore</span> <span class='ocrx_word' id='word_1_81' title='bbox 1650 1528 1796 1596; x_wconf 79' lang='lat' dir='ltr'>prodeunt,</span> 
     </span>
     <span class='ocr_line' id='line_1_11' title="bbox 157 1603 1796 1689; baseline 0.005 -25"><span class='ocrx_word' id='word_1_82' title='bbox 157 1609 184 1664; x_wconf 91' lang='lat' dir='ltr'>id</span> <span class='ocrx_word' id='word_1_83' title='bbox 199 1617 251 1675; x_wconf 89' lang='grc' dir='ltr'><strong>εει,</strong></span> <span class='ocrx_word' id='word_1_84' title='bbox 266 1624 304 1663; x_wconf 86' lang='lat' dir='ltr'>rrt</span> <span class='ocrx_word' id='word_1_85' title='bbox 321 1607 455 1664; x_wconf 83' lang='lat' dir='ltr'>Kalendas</span> <span class='ocrx_word' id='word_1_86' title='bbox 469 1606 532 1662; x_wconf 82' lang='lat' dir='ltr'>listi</span> <span class='ocrx_word' id='word_1_87' title='bbox 554 1607 711 1678; x_wconf 88' lang='lat' dir='ltr'>interponit,</span> <span class='ocrx_word' id='word_1_88' title='bbox 729 1622 809 1675; x_wconf 84' lang='lat' dir='ltr'>quem</span> <span class='ocrx_word' id='word_1_89' title='bbox 828 1613 908 1662; x_wconf 80' lang='lat' dir='ltr'>vocat</span> <span class='ocrx_word' id='word_1_90' title='bbox 921 1606 948 1661; x_wconf 91' lang='lat' dir='ltr'>in</span> <span class='ocrx_word' id='word_1_91' title='bbox 998 1604 1085 1659; x_wconf 79' lang='lat' dir='ltr'>viuere</span> <span class='ocrx_word' id='word_1_92' title='bbox 1098 1613 1180 1674; x_wconf 82' lang='lat' dir='ltr'>atque</span> <span class='ocrx_word' id='word_1_93' title='bbox 1197 1604 1251 1659; x_wconf 89' lang='lat' dir='ltr'>olei</span> <span class='ocrx_word' id='word_1_94' title='bbox 1267 1603 1356 1673; x_wconf 84' lang='lat' dir='ltr'>liquor</span> <span class='ocrx_word' id='word_1_95' title='bbox 1370 1605 1426 1660; x_wconf 89' lang='lat' dir='ltr'>suis</span> <span class='ocrx_word' id='word_1_96' title='bbox 1445 1608 1588 1666; x_wconf 78' lang='lat' dir='ltr'>arboribus</span> <span class='ocrx_word' id='word_1_97' title='bbox 1611 1629 1641 1670; x_wconf 89' lang='lat' dir='ltr'>se</span> <span class='ocrx_word' id='word_1_98' title='bbox 1664 1620 1796 1689; x_wconf 80' lang='lat' dir='ltr'>erumpit,</span> 
     </span>
     <span class='ocr_line' id='line_1_12' title="bbox 156 1693 1796 1771; baseline 0.005 -18"><span class='ocrx_word' id='word_1_99' title='bbox 156 1699 262 1754; x_wconf 83' lang='lat' dir='ltr'>bitania</span> <span class='ocrx_word' id='word_1_100' title='bbox 286 1697 397 1768; x_wconf 71' lang='lat' dir='ltr'>maiore,</span> <span class='ocrx_word' id='word_1_101' title='bbox 419 1712 473 1753; x_wconf 90' lang='lat' dir='ltr'>non</span> <span class='ocrx_word' id='word_1_102' title='bbox 488 1699 514 1752; x_wconf 93' lang='lat' dir='ltr'>in</span> <span class='ocrx_word' id='word_1_103' title='bbox 523 1696 635 1768; x_wconf 84' lang='lat' dir='ltr'>jejunio.</span> <span class='ocrx_word' id='word_1_104' title='bbox 650 1696 768 1765; x_wconf 90' lang='lat' dir='ltr'>Litania,</span> <span class='ocrx_word' id='word_1_105' title='bbox 781 1705 811 1752; x_wconf 91' lang='lat' dir='ltr'>ut</span> <span class='ocrx_word' id='word_1_106' title='bbox 824 1698 950 1768; x_wconf 78' lang='lat' dir='ltr'>praedist-</span> <span class='ocrx_word' id='word_1_107' title='bbox 999 1693 1132 1762; x_wconf 84' lang='lat' dir='ltr'>pullorum</span> <span class='ocrx_word' id='word_1_108' title='bbox 1149 1695 1299 1749; x_wconf 74' lang='lat' dir='ltr'>animantia</span> <span class='ocrx_word' id='word_1_109' title='bbox 1320 1707 1432 1764; x_wconf 86' lang='lat' dir='ltr'>campos</span> <span class='ocrx_word' id='word_1_110' title='bbox 1446 1699 1570 1757; x_wconf 88' lang='lat' dir='ltr'>tundunt.</span> <span class='ocrx_word' id='word_1_111' title='bbox 1585 1703 1719 1771; x_wconf 84' lang='lat' dir='ltr'>Quoniam</span> <span class='ocrx_word' id='word_1_112' title='bbox 1737 1711 1796 1768; x_wconf 81' lang='lat' dir='ltr'>haee</span> 
     </span>
     <span class='ocr_line' id='line_1_13' title="bbox 156 1785 1794 1863; baseline 0.003 -15"><span class='ocrx_word' id='word_1_113' title='bbox 156 1809 227 1860; x_wconf 87' lang='lat' dir='ltr'>roos,</span> <span class='ocrx_word' id='word_1_114' title='bbox 242 1792 397 1863; x_wconf 79' lang='lat' dir='ltr'>deprecatio</span> <span class='ocrx_word' id='word_1_115' title='bbox 415 1797 458 1848; x_wconf 89' lang='lat' dir='ltr'>est</span> <span class='ocrx_word' id='word_1_116' title='bbox 482 1791 552 1861; x_wconf 87' lang='lat' dir='ltr'>apud</span> <span class='ocrx_word' id='word_1_117' title='bbox 569 1805 628 1848; x_wconf 91' lang='lat' dir='ltr'>nos.</span> <span class='ocrx_word' id='word_1_118' title='bbox 654 1788 747 1845; x_wconf 88' lang='lat' dir='ltr'>Potest</span> <span class='ocrx_word' id='word_1_119' title='bbox 761 1791 833 1845; x_wconf 87' lang='lat' dir='ltr'>enirn</span> <span class='ocrx_word' id='word_1_120' title='bbox 852 1804 946 1845; x_wconf 89' lang='lat' dir='ltr'>serena</span> <span class='ocrx_word' id='word_1_121' title='bbox 998 1785 1151 1840; x_wconf 85' lang='lat' dir='ltr'>necessaria</span> <span class='ocrx_word' id='word_1_122' title='bbox 1166 1791 1229 1839; x_wconf 88' lang='lat' dir='ltr'>suot</span> <span class='ocrx_word' id='word_1_123' title='bbox 1243 1785 1346 1840; x_wconf 89' lang='lat' dir='ltr'>nostris</span> <span class='ocrx_word' id='word_1_124' title='bbox 1362 1786 1466 1854; x_wconf 87' lang='lat' dir='ltr'>usibus,</span> <span class='ocrx_word' id='word_1_125' title='bbox 1488 1794 1605 1860; x_wconf 89' lang='lat' dir='ltr'>peteuda</span> <span class='ocrx_word' id='word_1_126' title='bbox 1620 1806 1684 1852; x_wconf 91' lang='lat' dir='ltr'>sunt</span> <span class='ocrx_word' id='word_1_127' title='bbox 1703 1815 1719 1854; x_wconf 88' lang='lat' dir='ltr'>a</span> <span class='ocrx_word' id='word_1_128' title='bbox 1737 1799 1794 1857; x_wconf 81' lang='lat' dir='ltr'>lio-</span> 
     </span>
     <span class='ocr_line' id='line_1_14' title="bbox 155 1873 1356 1951; baseline -0.009 -14"><span class='ocrx_word' id='word_1_129' title='bbox 155 1898 243 1950; x_wconf 79' lang='lat' dir='ltr'>inens,</span> <span class='ocrx_word' id='word_1_130' title='bbox 256 1893 285 1939; x_wconf 91' lang='grc' dir='ltr'>ει</span> <span class='ocrx_word' id='word_1_131' title='bbox 306 1883 395 1938; x_wconf 89' lang='lat' dir='ltr'>aliena</span> <span class='ocrx_word' id='word_1_132' title='bbox 414 1896 431 1936; x_wconf 85' lang='lat' dir='ltr'>a</span> <span class='ocrx_word' id='word_1_133' title='bbox 455 1879 593 1937; x_wconf 68' lang='lat' dir='ltr'>voluento</span> <span class='ocrx_word' id='word_1_134' title='bbox 615 1879 696 1945; x_wconf 86' lang='lat' dir='ltr'>mala,</span> <span class='ocrx_word' id='word_1_135' title='bbox 717 1884 823 1951; x_wconf 84' lang='lat' dir='ltr'>precari</span> <span class='ocrx_word' id='word_1_136' title='bbox 849 1878 945 1945; x_wconf 81' lang='lat' dir='ltr'>neon,</span> <span class='ocrx_word' id='word_1_137' title='bbox 997 1873 1072 1928; x_wconf 89' lang='lat' dir='ltr'>mino</span> <span class='ocrx_word' id='word_1_138' title='bbox 1085 1880 1113 1928; x_wconf 96' lang='lat' dir='ltr'>ut</span> <span class='ocrx_word' id='word_1_139' title='bbox 1126 1883 1356 1929; x_wconf 73' lang='lat' dir='ltr'>conserventuru</span> 
     </span>
     <span class='ocr_line' id='line_1_15' title="bbox 154 1963 1795 2046; baseline 0.004 -18"><span class='ocrx_word' id='word_1_140' title='bbox 154 1975 277 2045; x_wconf 84' lang='lat' dir='ltr'>quamvis</span> <span class='ocrx_word' id='word_1_141' title='bbox 292 1974 437 2028; x_wconf 88' lang='lat' dir='ltr'>manducet</span> <span class='ocrx_word' id='word_1_142' title='bbox 452 1971 542 2028; x_wconf 83' lang='lat' dir='ltr'>sobrie</span> <span class='ocrx_word' id='word_1_143' title='bbox 555 1985 665 2027; x_wconf 84' lang='lat' dir='ltr'>earnem</span> <span class='ocrx_word' id='word_1_144' title='bbox 680 1970 810 2036; x_wconf 88' lang='lat' dir='ltr'>meridie,</span> <span class='ocrx_word' id='word_1_145' title='bbox 825 1977 852 2025; x_wconf 90' lang='lat' dir='ltr'>et</span> <span class='ocrx_word' id='word_1_146' title='bbox 870 1969 944 2024; x_wconf 79' lang='lat' dir='ltr'>tate·</span> <span class='ocrx_word' id='word_1_147' title='bbox 1030 1963 1062 2019; x_wconf 93' lang='lat' dir='ltr'>ll.</span> <span class='ocrx_word' id='word_1_148' title='bbox 1079 1963 1108 2018; x_wconf 92' lang='lat' dir='ltr'>ln</span> <span class='ocrx_word' id='word_1_149' title='bbox 1121 1964 1165 2020; x_wconf 85' lang='lat' dir='ltr'>luis</span> <span class='ocrx_word' id='word_1_150' title='bbox 1178 1964 1269 2019; x_wconf 88' lang='lat' dir='ltr'>verbis</span> <span class='ocrx_word' id='word_1_151' title='bbox 1282 1965 1412 2022; x_wconf 81' lang='lat' dir='ltr'>hntalarii</span> <span class='ocrx_word' id='word_1_152' title='bbox 1427 1967 1505 2026; x_wconf 83' lang='lat' dir='ltr'>tacite</span> <span class='ocrx_word' id='word_1_153' title='bbox 1518 1973 1631 2042; x_wconf 83' lang='lat' dir='ltr'>quilibet</span> <span class='ocrx_word' id='word_1_154' title='bbox 1644 1979 1795 2046; x_wconf 80' lang='lat' dir='ltr'>potesttie-</span> 
     </span>
     <span class='ocr_line' id='line_1_16' title="bbox 153 2059 1794 2137; baseline -0.004 -16"><span class='ocrx_word' id='word_1_155' title='bbox 153 2076 198 2121; x_wconf 92' lang='lat' dir='ltr'>tur</span> <span class='ocrx_word' id='word_1_156' title='bbox 210 2066 243 2123; x_wconf 90' lang='lat' dir='ltr'>de</span> <span class='ocrx_word' id='word_1_157' title='bbox 267 2066 468 2122; x_wconf 85' lang='lat' dir='ltr'>resurreetione</span> <span class='ocrx_word' id='word_1_158' title='bbox 491 2062 610 2120; x_wconf 82' lang='lat' dir='ltr'>Domini.</span> <span class='ocrx_word' id='word_1_159' title='bbox 625 2062 727 2118; x_wconf 83' lang='lat' dir='ltr'>Tamen</span> <span class='ocrx_word' id='word_1_160' title='bbox 748 2061 880 2131; x_wconf 83' lang='lat' dir='ltr'>majorum</span> <span class='ocrx_word' id='word_1_161' title='bbox 895 2061 946 2116; x_wconf 90' lang='lat' dir='ltr'>Pa·</span> <span class='ocrx_word' id='word_1_162' title='bbox 995 2059 1164 2130; x_wconf 82' lang='lat' dir='ltr'>prehendere</span> <span class='ocrx_word' id='word_1_163' title='bbox 1187 2074 1247 2128; x_wconf 79' lang='lat' dir='ltr'>quun</span> <span class='ocrx_word' id='word_1_164' title='bbox 1270 2061 1325 2137; x_wconf 76' lang='grc' dir='ltr'><strong>εἰει</strong></span> <span class='ocrx_word' id='word_1_165' title='bbox 1349 2061 1466 2127; x_wconf 85' lang='lat' dir='ltr'>inutilia,</span> <span class='ocrx_word' id='word_1_166' title='bbox 1488 2071 1516 2118; x_wconf 90' lang='lat' dir='ltr'>et</span> <span class='ocrx_word' id='word_1_167' title='bbox 1538 2079 1598 2133; x_wconf 84' lang='lat' dir='ltr'>quae</span> <span class='ocrx_word' id='word_1_168' title='bbox 1615 2068 1705 2122; x_wconf 81' lang='lat' dir='ltr'>noxia.</span> <span class='ocrx_word' id='word_1_169' title='bbox 1720 2067 1794 2127; x_wconf 71' lang='lat' dir='ltr'>Dicit</span> 
     </span>
     <span class='ocr_line' id='line_1_17' title="bbox 153 2148 1793 2229; baseline 0.002 -15"><span class='ocrx_word' id='word_1_170' title='bbox 153 2168 237 2226; x_wconf 90' lang='lat' dir='ltr'>trum,</span> <span class='ocrx_word' id='word_1_171' title='bbox 250 2158 277 2216; x_wconf 86' lang='lat' dir='ltr'>id</span> <span class='ocrx_word' id='word_1_172' title='bbox 288 2167 338 2224; x_wconf 87' lang='lat' dir='ltr'>est,</span> <span class='ocrx_word' id='word_1_173' title='bbox 351 2156 561 2229; x_wconf 89' lang='lat' dir='ltr'>apostolicomm</span> <span class='ocrx_word' id='word_1_174' title='bbox 574 2171 640 2212; x_wconf 90' lang='lat' dir='ltr'>usus</span> <span class='ocrx_word' id='word_1_175' title='bbox 649 2155 803 2225; x_wconf 85' lang='lat' dir='ltr'>sequendus</span> <span class='ocrx_word' id='word_1_176' title='bbox 815 2161 866 2210; x_wconf 88' lang='lat' dir='ltr'>est.</span> <span class='ocrx_word' id='word_1_177' title='bbox 879 2154 945 2210; x_wconf 81' lang='lat' dir='ltr'>For·</span> <span class='ocrx_word' id='word_1_178' title='bbox 995 2164 1112 2218; x_wconf 76' lang='lat' dir='ltr'>namque</span> <span class='ocrx_word' id='word_1_179' title='bbox 1123 2163 1203 2220; x_wconf 82' lang='lat' dir='ltr'>posse</span> <span class='ocrx_word' id='word_1_180' title='bbox 1216 2148 1274 2204; x_wconf 82' lang='lat' dir='ltr'>steri</span> <span class='ocrx_word' id='word_1_181' title='bbox 1287 2149 1420 2218; x_wconf 81' lang='lat' dir='ltr'>litanias,</span> <span class='ocrx_word' id='word_1_182' title='bbox 1435 2153 1462 2208; x_wconf 92' lang='lat' dir='ltr'>id</span> <span class='ocrx_word' id='word_1_183' title='bbox 1475 2164 1527 2220; x_wconf 88' lang='lat' dir='ltr'>est,</span> <span class='ocrx_word' id='word_1_184' title='bbox 1540 2154 1715 2225; x_wconf 80' lang='lat' dir='ltr'>liogationes,</span> <span class='ocrx_word' id='word_1_185' title='bbox 1731 2159 1793 2218; x_wconf 86' lang='lat' dir='ltr'>sino</span> 
     </span>
     <span class='ocr_line' id='line_1_18' title="bbox 151 2237 1792 2322; baseline -0.005 -16"><span class='ocrx_word' id='word_1_186' title='bbox 151 2251 222 2306; x_wconf 86' lang='lat' dir='ltr'>sitan</span> <span class='ocrx_word' id='word_1_187' title='bbox 233 2266 267 2306; x_wconf 79' lang='lat' dir='ltr'>ea</span> <span class='ocrx_word' id='word_1_188' title='bbox 282 2250 340 2322; x_wconf 88' lang='lat' dir='ltr'>ipso</span> <span class='ocrx_word' id='word_1_189' title='bbox 350 2249 441 2307; x_wconf 85' lang='lat' dir='ltr'>oilleio</span> <span class='ocrx_word' id='word_1_190' title='bbox 453 2249 602 2322; x_wconf 82' lang='lat' dir='ltr'>poterimus</span> <span class='ocrx_word' id='word_1_191' title='bbox 613 2247 763 2319; x_wconf 77' lang='lat' dir='ltr'>intelligere</span> <span class='ocrx_word' id='word_1_192' title='bbox 775 2247 839 2317; x_wconf 83' lang='lat' dir='ltr'>qaid</span> <span class='ocrx_word' id='word_1_193' title='bbox 850 2246 945 2317; x_wconf 82' lang='lat' dir='ltr'>depre-</span> <span class='ocrx_word' id='word_1_194' title='bbox 991 2237 1093 2308; x_wconf 74' lang='lat' dir='ltr'>ieiunio</span> <span class='ocrx_word' id='word_1_195' title='bbox 1107 2247 1135 2296; x_wconf 90' lang='lat' dir='ltr'>ct</span> <span class='ocrx_word' id='word_1_196' title='bbox 1146 2241 1237 2296; x_wconf 88' lang='lat' dir='ltr'>carnis</span> <span class='ocrx_word' id='word_1_197' title='bbox 1248 2241 1413 2297; x_wconf 76' lang='lat' dir='ltr'>abstinentia</span> <span class='ocrx_word' id='word_1_198' title='bbox 1431 2259 1437 2296; x_wconf 94' lang='lat'><strong>:</strong></span> <span class='ocrx_word' id='word_1_199' title='bbox 1452 2243 1524 2312; x_wconf 90' lang='lat' dir='ltr'>quod</span> <span class='ocrx_word' id='word_1_200' title='bbox 1535 2261 1672 2314; x_wconf 76' lang='lat' dir='ltr'>nunquam</span> <span class='ocrx_word' id='word_1_201' title='bbox 1686 2245 1792 2305; x_wconf 76' lang='lat' dir='ltr'>dietum</span> 
     </span>
     <span class='ocr_line' id='line_1_19' title="bbox 150 2334 1790 2412; baseline -0.001 -16"><span class='ocrx_word' id='word_1_202' title='bbox 150 2341 267 2396; x_wconf 86' lang='lat' dir='ltr'>candum</span> <span class='ocrx_word' id='word_1_203' title='bbox 282 2339 376 2396; x_wconf 86' lang='lat' dir='ltr'>sittait</span> <span class='ocrx_word' id='word_1_204' title='bbox 390 2340 418 2395; x_wconf 88' lang='lat' dir='ltr'>iu</span> <span class='ocrx_word' id='word_1_205' title='bbox 432 2348 564 2412; x_wconf 85' lang='lat' dir='ltr'>ternpore.</span> <span class='ocrx_word' id='word_1_206' title='bbox 578 2339 670 2394; x_wconf 91' lang='lat' dir='ltr'>Prima</span> <span class='ocrx_word' id='word_1_207' title='bbox 685 2338 773 2395; x_wconf 88' lang='lat' dir='ltr'>oratio</span> <span class='ocrx_word' id='word_1_208' title='bbox 786 2339 819 2393; x_wconf 86' lang='lat' dir='ltr'>ad</span> <span class='ocrx_word' id='word_1_209' title='bbox 835 2338 943 2394; x_wconf 83' lang='lat' dir='ltr'>blissaat</span> <span class='ocrx_word' id='word_1_210' title='bbox 992 2342 1142 2404; x_wconf 82' lang='lat' dir='ltr'>estusque</span> <span class='ocrx_word' id='word_1_211' title='bbox 1164 2350 1180 2389; x_wconf 90' lang='lat' dir='ltr'>a</span> <span class='ocrx_word' id='word_1_212' title='bbox 1206 2348 1302 2403; x_wconf 86' lang='lat' dir='ltr'>parurn</span> <span class='ocrx_word' id='word_1_213' title='bbox 1325 2335 1502 2403; x_wconf 86' lang='lat' dir='ltr'>sapientibus.</span> <span class='ocrx_word' id='word_1_214' title='bbox 1526 2334 1628 2408; x_wconf 83' lang='lat' dir='ltr'>Nempe</span> <span class='ocrx_word' id='word_1_215' title='bbox 1652 2338 1790 2408; x_wconf 74' lang='lat' dir='ltr'>Ninivitas,</span> 
     </span>
     <span class='ocr_line' id='line_1_20' title="bbox 150 2423 1790 2502; baseline 0 -15"><span class='ocrx_word' id='word_1_216' title='bbox 150 2430 216 2487; x_wconf 83' lang='lat' dir='ltr'>dieii</span> <span class='ocrx_word' id='word_1_217' title='bbox 230 2448 236 2486; x_wconf 91' lang='lat'>:</span> <span class='ocrx_word' id='word_1_218' title='bbox 250 2430 367 2497; x_wconf 84' lang='lat' dir='ltr'>Proesta,</span> <span class='ocrx_word' id='word_1_219' title='bbox 387 2446 547 2502; x_wconf 75' lang='grc' dir='ltr'><strong>ᾳεεεεεηιεε,</strong></span> <span class='ocrx_word' id='word_1_220' title='bbox 570 2432 732 2500; x_wconf 64' lang='lat' dir='ltr'>omnpotens</span> <span class='ocrx_word' id='word_1_221' title='bbox 751 2428 834 2496; x_wconf 77' lang='lat' dir='ltr'>bees,</span> <span class='ocrx_word' id='word_1_222' title='bbox 856 2439 884 2483; x_wconf 84' lang='grc' dir='ltr'>ει</span> <span class='ocrx_word' id='word_1_223' title='bbox 898 2430 944 2501; x_wconf 77' lang='lat' dir='ltr'>oui</span> <span class='ocrx_word' id='word_1_224' title='bbox 993 2424 1100 2493; x_wconf 70' lang='lat' dir='ltr'>quanm</span> <span class='ocrx_word' id='word_1_225' title='bbox 1127 2423 1251 2479; x_wconf 82' lang='lat' dir='ltr'>conversi</span> <span class='ocrx_word' id='word_1_226' title='bbox 1274 2431 1337 2479; x_wconf 90' lang='lat' dir='ltr'>sunt</span> <span class='ocrx_word' id='word_1_227' title='bbox 1351 2425 1385 2479; x_wconf 89' lang='lat' dir='ltr'>ad</span> <span class='ocrx_word' id='word_1_228' title='bbox 1399 2425 1617 2495; x_wconf 73' lang='lat' dir='ltr'>pradicationem</span> <span class='ocrx_word' id='word_1_229' title='bbox 1631 2427 1706 2485; x_wconf 77' lang='lat' dir='ltr'>loun</span> <span class='ocrx_word' id='word_1_230' title='bbox 1722 2446 1790 2502; x_wconf 90' lang='lat' dir='ltr'>pro·</span> 
     </span>
     <span class='ocr_line' id='line_1_21' title="bbox 148 2514 1789 2596; baseline 0 -19"><span class='ocrx_word' id='word_1_231' title='bbox 148 2525 177 2577; x_wconf 86' lang='lat' dir='ltr'>in</span> <span class='ocrx_word' id='word_1_232' title='bbox 191 2522 330 2596; x_wconf 65' lang='lat' dir='ltr'>afflictione</span> <span class='ocrx_word' id='word_1_233' title='bbox 343 2528 434 2578; x_wconf 77' lang='lat' dir='ltr'>nostru</span> <span class='ocrx_word' id='word_1_234' title='bbox 448 2521 481 2578; x_wconf 81' lang='lat' dir='ltr'>dr</span> <span class='ocrx_word' id='word_1_235' title='bbox 494 2531 540 2577; x_wconf 79' lang='lat' dir='ltr'>teo</span> <span class='ocrx_word' id='word_1_236' title='bbox 551 2523 647 2594; x_wconf 75' lang='grc' dir='ltr'><strong>ριειαιε</strong></span> <span class='ocrx_word' id='word_1_237' title='bbox 665 2521 833 2592; x_wconf 73' lang='lat' dir='ltr'>confidimus,</span> <span class='ocrx_word' id='word_1_238' title='bbox 851 2528 943 2577; x_wconf 82' lang='lat' dir='ltr'>contro</span> <span class='ocrx_word' id='word_1_239' title='bbox 992 2517 1090 2586; x_wconf 74' lang='lat' dir='ltr'>phetae,</span> <span class='ocrx_word' id='word_1_240' title='bbox 1104 2530 1159 2571; x_wconf 91' lang='lat' dir='ltr'>non</span> <span class='ocrx_word' id='word_1_241' title='bbox 1171 2514 1309 2571; x_wconf 82' lang='lat' dir='ltr'>habebant</span> <span class='ocrx_word' id='word_1_242' title='bbox 1324 2514 1465 2581; x_wconf 85' lang='lat' dir='ltr'>doctores,</span> <span class='ocrx_word' id='word_1_243' title='bbox 1480 2518 1525 2587; x_wconf 89' lang='lat' dir='ltr'>qui</span> <span class='ocrx_word' id='word_1_244' title='bbox 1541 2533 1588 2573; x_wconf 88' lang='lat' dir='ltr'>eos</span> <span class='ocrx_word' id='word_1_245' title='bbox 1602 2520 1732 2576; x_wconf 87' lang='lat' dir='ltr'>docerent</span> <span class='ocrx_word' id='word_1_246' title='bbox 1744 2537 1789 2579; x_wconf 79' lang='lat' dir='ltr'>sa·</span> 
     </span>
     <span class='ocr_line' id='line_1_22' title="bbox 147 2606 1789 2685; baseline 0.001 -16"><span class='ocrx_word' id='word_1_247' title='bbox 147 2614 258 2669; x_wconf 78' lang='lat' dir='ltr'>adseren</span> <span class='ocrx_word' id='word_1_248' title='bbox 282 2613 371 2668; x_wconf 80' lang='lat' dir='ltr'>omnio</span> <span class='ocrx_word' id='word_1_249' title='bbox 393 2622 440 2667; x_wconf 73' lang='lat' dir='ltr'>no</span> <span class='ocrx_word' id='word_1_250' title='bbox 464 2628 567 2684; x_wconf 66' lang='lat' dir='ltr'>anper</span> <span class='ocrx_word' id='word_1_251' title='bbox 595 2613 754 2685; x_wconf 81' lang='lat' dir='ltr'>protectione</span> <span class='ocrx_word' id='word_1_252' title='bbox 778 2613 940 2666; x_wconf 72' lang='lat' dir='ltr'>munienter.</span> <span class='ocrx_word' id='word_1_253' title='bbox 992 2606 1125 2662; x_wconf 85' lang='lat' dir='ltr'>orificium</span> <span class='ocrx_word' id='word_1_254' title='bbox 1138 2607 1194 2662; x_wconf 89' lang='lat' dir='ltr'>Deo</span> <span class='ocrx_word' id='word_1_255' title='bbox 1209 2621 1269 2662; x_wconf 86' lang='lat' dir='ltr'>esse</span> <span class='ocrx_word' id='word_1_256' title='bbox 1282 2607 1408 2677; x_wconf 85' lang='lat' dir='ltr'>spiritum</span> <span class='ocrx_word' id='word_1_257' title='bbox 1423 2609 1708 2678; x_wconf 82' lang='lat' dir='ltr'>contribulatum,oor</span> <span class='ocrx_word' id='word_1_258' title='bbox 1722 2629 1789 2670; x_wconf 83' lang='lat' dir='ltr'>ron-</span> 
     </span>
    </p>
   </div>
   <div class='ocr_carea' id='block_1_7' title="bbox 147 2698 1788 2775">
    <p class='ocr_par' dir='ltr' id='par_1_7' title="bbox 147 2698 1788 2775">
     <span class='ocr_line' id='line_1_23' title="bbox 147 2698 1788 2775; baseline 0.001 -15"><span class='ocrx_word' id='word_1_259' title='bbox 147 2704 216 2762; x_wconf 89' lang='lat' dir='ltr'>lluio</span> <span class='ocrx_word' id='word_1_260' title='bbox 228 2704 376 2762; x_wconf 87' lang='lat' dir='ltr'>concordat</span> <span class='ocrx_word' id='word_1_261' title='bbox 388 2702 569 2773; x_wconf 70' lang='lat' dir='ltr'>offertorium,</span> <span class='ocrx_word' id='word_1_262' title='bbox 581 2704 693 2762; x_wconf 86' lang='lat' dir='ltr'>diceus:</span> <span class='ocrx_word' id='word_1_263' title='bbox 706 2704 810 2775; x_wconf 78' lang='lat' dir='ltr'>Adjnon</span> <span class='ocrx_word' id='word_1_264' title='bbox 822 2722 872 2770; x_wconf 83' lang='lat' dir='ltr'>ane,</span> <span class='ocrx_word' id='word_1_265' title='bbox 887 2705 942 2760; x_wconf 66' lang='lat' dir='ltr'>lio</span> <span class='ocrx_word' id='word_1_266' title='bbox 991 2699 1086 2754; x_wconf 88' lang='lat' dir='ltr'>tritum</span> <span class='ocrx_word' id='word_1_267' title='bbox 1105 2706 1134 2752; x_wconf 87' lang='lat' dir='ltr'>et</span> <span class='ocrx_word' id='word_1_268' title='bbox 1157 2698 1338 2754; x_wconf 88' lang='lat' dir='ltr'>humiliatum.</span> <span class='ocrx_word' id='word_1_269' title='bbox 1365 2699 1401 2755; x_wconf 82' lang='lat' dir='ltr'>lit</span> <span class='ocrx_word' id='word_1_270' title='bbox 1423 2710 1513 2757; x_wconf 91' lang='lat' dir='ltr'>tamen</span> <span class='ocrx_word' id='word_1_271' title='bbox 1533 2703 1639 2758; x_wconf 89' lang='lat' dir='ltr'>ratione</span> <span class='ocrx_word' id='word_1_272' title='bbox 1668 2706 1788 2763; x_wconf 86' lang='lat' dir='ltr'>naturali</span> 
     </span>
    </p>
   </div>
   <div class='ocr_carea' id='block_1_8' title="bbox 145 2788 1789 2963">
    <p class='ocr_par' dir='ltr' id='par_1_8' title="bbox 145 2788 1789 2963">
     <span class='ocr_line' id='line_1_24' title="bbox 145 2788 1785 2871; baseline 0.004 -25"><span class='ocrx_word' id='word_1_273' title='bbox 145 2801 216 2855; x_wconf 63' lang='lat' dir='ltr'>nim</span> <span class='ocrx_word' id='word_1_274' title='bbox 228 2798 302 2856; x_wconf 70' lang='lat' dir='ltr'>nm</span> <span class='ocrx_word' id='word_1_275' title='bbox 316 2816 402 2870; x_wconf 65' lang='lat' dir='ltr'>pum,</span> <span class='ocrx_word' id='word_1_276' title='bbox 421 2797 522 2856; x_wconf 62' lang='lat' dir='ltr'>‚alvum</span> <span class='ocrx_word' id='word_1_277' title='bbox 538 2816 580 2856; x_wconf 60' lang='lat' dir='ltr'>me</span> <span class='ocrx_word' id='word_1_278' title='bbox 602 2800 645 2870; x_wconf 60' lang='grc' dir='ltr'>[αι</span> <span class='ocrx_word' id='word_1_279' title='bbox 666 2809 772 2871; x_wconf 56' lang='lat' dir='ltr'>propper</span> <span class='ocrx_word' id='word_1_280' title='bbox 793 2800 941 2855; x_wconf 50' lang='lat' dir='ltr'>mrums-</span> <span class='ocrx_word' id='word_1_281' title='bbox 991 2788 1172 2860; x_wconf 76' lang='lat' dir='ltr'>intelligentes</span> <span class='ocrx_word' id='word_1_282' title='bbox 1182 2804 1232 2860; x_wconf 90' lang='lat' dir='ltr'>por</span> <span class='ocrx_word' id='word_1_283' title='bbox 1242 2789 1300 2845; x_wconf 83' lang='lat' dir='ltr'>baee</span> <span class='ocrx_word' id='word_1_284' title='bbox 1309 2788 1469 2845; x_wconf 83' lang='lat' dir='ltr'>flectendam</span> <span class='ocrx_word' id='word_1_285' title='bbox 1483 2790 1530 2846; x_wconf 79' lang='lat' dir='ltr'>liei</span> <span class='ocrx_word' id='word_1_286' title='bbox 1538 2792 1676 2864; x_wconf 90' lang='lat' dir='ltr'>pietatem,</span> <span class='ocrx_word' id='word_1_287' title='bbox 1686 2803 1785 2852; x_wconf 86' lang='lat' dir='ltr'>eontra</span> 
     </span>
     <span class='ocr_line' id='line_1_25' title="bbox 145 2880 1789 2963; baseline -0.004 -15"><span class='ocrx_word' id='word_1_288' title='bbox 145 2889 217 2943; x_wconf 78' lang='lat' dir='ltr'>diam</span> <span class='ocrx_word' id='word_1_289' title='bbox 235 2899 318 2946; x_wconf 77' lang='lat' dir='ltr'>tuom.</span> <span class='ocrx_word' id='word_1_290' title='bbox 338 2888 392 2958; x_wconf 80' lang='lat' dir='ltr'>ont</span> <span class='ocrx_word' id='word_1_291' title='bbox 409 2891 549 2963; x_wconf 73' lang='lat' dir='ltr'>inserpunt</span> <span class='ocrx_word' id='word_1_292' title='bbox 561 2891 590 2946; x_wconf 89' lang='lat' dir='ltr'>in</span> <span class='ocrx_word' id='word_1_293' title='bbox 610 2905 665 2955; x_wconf 87' lang='lat' dir='ltr'>tne,</span> <span class='ocrx_word' id='word_1_294' title='bbox 681 2890 887 2961; x_wconf 72' lang='lat' dir='ltr'>consnndnmnr.</span> <span class='ocrx_word' id='word_1_295' title='bbox 901 2890 940 2946; x_wconf 77' lang='lat' dir='ltr'>En</span> <span class='ocrx_word' id='word_1_296' title='bbox 990 2880 1193 2937; x_wconf 81' lang='lat' dir='ltr'>subversionem</span> <span class='ocrx_word' id='word_1_297' title='bbox 1207 2881 1260 2937; x_wconf 87' lang='lat' dir='ltr'>sibi</span> <span class='ocrx_word' id='word_1_298' title='bbox 1273 2882 1458 2938; x_wconf 88' lang='lat' dir='ltr'>imminentem</span> <span class='ocrx_word' id='word_1_299' title='bbox 1471 2884 1575 2954; x_wconf 78' lang='lat' dir='ltr'>adque</span> <span class='ocrx_word' id='word_1_300' title='bbox 1586 2899 1661 2940; x_wconf 89' lang='lat' dir='ltr'>arma</span> <span class='ocrx_word' id='word_1_301' title='bbox 1672 2901 1789 2944; x_wconf 81' lang='lat' dir='ltr'>concur-</span> 
     </span>
    </p>
   </div>
   <div class='ocr_carea' id='block_1_9' title="bbox 146 2971 1785 3055">
    <p class='ocr_par' dir='ltr' id='par_1_9' title="bbox 146 2971 1785 3055">
     <span class='ocr_line' id='line_1_26' title="bbox 146 2971 1785 3055; baseline -0.002 -20"><span class='ocrx_word' id='word_1_302' title='bbox 146 2991 275 3054; x_wconf 88' lang='lat' dir='ltr'>tempore,</span> <span class='ocrx_word' id='word_1_303' title='bbox 293 2985 385 3052; x_wconf 89' lang='lat' dir='ltr'>idest,</span> <span class='ocrx_word' id='word_1_304' title='bbox 400 2981 585 3040; x_wconf 87' lang='lat' dir='ltr'>rrrllalendas</span> <span class='ocrx_word' id='word_1_305' title='bbox 601 2981 675 3050; x_wconf 83' lang='lat' dir='ltr'>diali,</span> <span class='ocrx_word' id='word_1_306' title='bbox 700 2989 813 3055; x_wconf 89' lang='lat' dir='ltr'>possunt</span> <span class='ocrx_word' id='word_1_307' title='bbox 836 2981 938 3039; x_wconf 87' lang='lat' dir='ltr'>inimici</span> <span class='ocrx_word' id='word_1_308' title='bbox 990 2971 1085 3039; x_wconf 68' lang='lat' dir='ltr'>rerinl.</span> <span class='ocrx_word' id='word_1_309' title='bbox 1109 2972 1174 3028; x_wconf 71' lang='lat' dir='ltr'>dicit</span> <span class='ocrx_word' id='word_1_310' title='bbox 1198 2972 1236 3027; x_wconf 67' lang='lat' dir='ltr'>ila</span> <span class='ocrx_word' id='word_1_311' title='bbox 1258 2973 1354 3029; x_wconf 76' lang='lat' dir='ltr'>eadem</span> <span class='ocrx_word' id='word_1_312' title='bbox 1378 2973 1517 3045; x_wconf 80' lang='lat' dir='ltr'>Scriptura</span> <span class='ocrx_word' id='word_1_313' title='bbox 1533 2991 1540 3030; x_wconf 92' lang='lat'><strong>:</strong></span> <span class='ocrx_word' id='word_1_314' title='bbox 1556 2974 1591 3030; x_wconf 83' lang='lat' dir='ltr'>Et</span> <span class='ocrx_word' id='word_1_315' title='bbox 1610 2977 1684 3048; x_wconf 79' lang='lat' dir='ltr'>eopia</span> <span class='ocrx_word' id='word_1_316' title='bbox 1699 2976 1785 3035; x_wconf 82' lang='lat' dir='ltr'>Jonas</span> 
     </span>
    </p>
   </div>
   <div class='ocr_carea' id='block_1_10' title="bbox 139 3063 1785 4144">
    <p class='ocr_par' dir='ltr' id='par_1_10' title="bbox 140 3063 1785 3782">
     <span class='ocr_line' id='line_1_27' title="bbox 144 3063 1785 3148; baseline 0.007 -36"><span class='ocrx_word' id='word_1_317' title='bbox 144 3087 316 3133; x_wconf 56' lang='lat' dir='ltr'>mmmm</span> <span class='ocrx_word' id='word_1_318' title='bbox 341 3075 411 3132; x_wconf 60' lang='lat' dir='ltr'>hep„</span> <span class='ocrx_word' id='word_1_319' title='bbox 437 3076 567 3133; x_wconf 57' lang='lat' dir='ltr'>adm„</span> <span class='ocrx_word' id='word_1_320' title='bbox 585 3077 673 3132; x_wconf 54' lang='lat' dir='ltr'>proin,</span> <span class='ocrx_word' id='word_1_321' title='bbox 700 3091 792 3148; x_wconf 56' lang='lat' dir='ltr'>mgna,</span> <span class='ocrx_word' id='word_1_322' title='bbox 812 3075 849 3132; x_wconf 64' lang='lat' dir='ltr'>up</span> <span class='ocrx_word' id='word_1_323' title='bbox 865 3091 937 3143; x_wconf 56' lang='lat' dir='ltr'>mor,</span> <span class='ocrx_word' id='word_1_324' title='bbox 988 3063 1097 3117; x_wconf 85' lang='lat' dir='ltr'>introire</span> <span class='ocrx_word' id='word_1_325' title='bbox 1120 3063 1148 3117; x_wconf 88' lang='lat' dir='ltr'>in</span> <span class='ocrx_word' id='word_1_326' title='bbox 1163 3063 1291 3119; x_wconf 81' lang='lat' dir='ltr'>ciuitatem</span> <span class='ocrx_word' id='word_1_327' title='bbox 1314 3065 1407 3118; x_wconf 85' lang='lat' dir='ltr'>itinere</span> <span class='ocrx_word' id='word_1_328' title='bbox 1424 3065 1477 3119; x_wconf 77' lang='lat' dir='ltr'>diei</span> <span class='ocrx_word' id='word_1_329' title='bbox 1498 3065 1586 3131; x_wconf 80' lang='lat' dir='ltr'>unior,</span> <span class='ocrx_word' id='word_1_330' title='bbox 1603 3075 1627 3120; x_wconf 88' lang='grc' dir='ltr'>ει</span> <span class='ocrx_word' id='word_1_331' title='bbox 1651 3067 1785 3135; x_wconf 81' lang='lat' dir='ltr'>clamarit,</span> 
     </span>
     <span class='ocr_line' id='line_1_28' title="bbox 143 3150 1785 3246; baseline 0.007 -46"><span class='ocrx_word' id='word_1_332' title='bbox 143 3172 222 3220; x_wconf 56' lang='lat' dir='ltr'>paup„</span> <span class='ocrx_word' id='word_1_333' title='bbox 235 3166 353 3235; x_wconf 64' lang='lat' dir='ltr'>prp</span> <span class='ocrx_word' id='word_1_334' title='bbox 366 3173 460 3221; x_wconf 57' lang='lat' dir='ltr'>„nepa</span> <span class='ocrx_word' id='word_1_335' title='bbox 475 3165 597 3224; x_wconf 48' lang='lat' dir='ltr'>Man</span> <span class='ocrx_word' id='word_1_336' title='bbox 617 3165 702 3221; x_wconf 57' lang='lat' dir='ltr'>popm</span> <span class='ocrx_word' id='word_1_337' title='bbox 721 3182 830 3238; x_wconf 55' lang='lat' dir='ltr'>mm,</span> <span class='ocrx_word' id='word_1_338' title='bbox 844 3172 875 3222; x_wconf 66' lang='lat' dir='ltr'>up</span> <span class='ocrx_word' id='word_1_339' title='bbox 891 3167 937 3236; x_wconf 65' lang='lat' dir='ltr'>qui</span> <span class='ocrx_word' id='word_1_340' title='bbox 951 3185 973 3246; x_wconf 71' lang='lat' dir='ltr'>C</span> <span class='ocrx_word' id='word_1_341' title='bbox 988 3160 1013 3205; x_wconf 87' lang='lat' dir='ltr'>et</span> <span class='ocrx_word' id='word_1_342' title='bbox 1026 3150 1114 3205; x_wconf 74' lang='lat' dir='ltr'>elisit:</span> <span class='ocrx_word' id='word_1_343' title='bbox 1132 3151 1224 3206; x_wconf 78' lang='lat' dir='ltr'>Aditur</span> <span class='ocrx_word' id='word_1_344' title='bbox 1238 3151 1414 3223; x_wconf 66' lang='lat' dir='ltr'>quadraginta</span> <span class='ocrx_word' id='word_1_345' title='bbox 1425 3152 1492 3218; x_wconf 81' lang='lat' dir='ltr'>dies,</span> <span class='ocrx_word' id='word_1_346' title='bbox 1504 3161 1528 3207; x_wconf 90' lang='lat' dir='ltr'>et</span> <span class='ocrx_word' id='word_1_347' title='bbox 1543 3153 1570 3208; x_wconf 88' lang='lat' dir='ltr'><em>N</em></span> <span class='ocrx_word' id='word_1_348' title='bbox 1573 3154 1640 3210; x_wconf 81' lang='lat' dir='ltr'>inite</span> <span class='ocrx_word' id='word_1_349' title='bbox 1652 3156 1785 3212; x_wconf 77' lang='lat' dir='ltr'>subuerte-</span> 
     </span>
     <span class='ocr_line' id='line_1_29' title="bbox 143 3239 1784 3326; baseline 0.008 -38"><span class='ocrx_word' id='word_1_350' title='bbox 143 3253 279 3308; x_wconf 59' lang='lat' dir='ltr'>pospmp</span> <span class='ocrx_word' id='word_1_351' title='bbox 294 3251 360 3308; x_wconf 65' lang='lat' dir='ltr'>„pm</span> <span class='ocrx_word' id='word_1_352' title='bbox 382 3254 525 3310; x_wconf 56' lang='lat' dir='ltr'><strong>muium</strong></span> <span class='ocrx_word' id='word_1_353' title='bbox 548 3255 699 3326; x_wconf 59' lang='lat' dir='ltr'>pchjwpep</span> <span class='ocrx_word' id='word_1_354' title='bbox 722 3271 795 3312; x_wconf 63' lang='lat' dir='ltr'><strong>„unc</strong></span> <span class='ocrx_word' id='word_1_355' title='bbox 815 3256 939 3311; x_wconf 52' lang='lat' dir='ltr'>(pesum</span> <span class='ocrx_word' id='word_1_356' title='bbox 988 3247 1041 3293; x_wconf 86' lang='lat' dir='ltr'>tur.</span> <span class='ocrx_word' id='word_1_357' title='bbox 1057 3239 1090 3293; x_wconf 80' lang='lat' dir='ltr'>Et</span> <span class='ocrx_word' id='word_1_358' title='bbox 1109 3240 1274 3295; x_wconf 83' lang='lat' dir='ltr'>crediderunt</span> <span class='ocrx_word' id='word_1_359' title='bbox 1289 3241 1337 3296; x_wconf 84' lang='lat' dir='ltr'>oiri</span> <span class='ocrx_word' id='word_1_360' title='bbox 1351 3240 1476 3296; x_wconf 82' lang='lat' dir='ltr'>Ninivitoe</span> <span class='ocrx_word' id='word_1_361' title='bbox 1491 3243 1517 3297; x_wconf 89' lang='lat' dir='ltr'>in</span> <span class='ocrx_word' id='word_1_362' title='bbox 1532 3244 1660 3311; x_wconf 76' lang='lat' dir='ltr'>Poenino,</span> <span class='ocrx_word' id='word_1_363' title='bbox 1674 3254 1699 3300; x_wconf 87' lang='grc' dir='ltr'>ει</span> <span class='ocrx_word' id='word_1_364' title='bbox 1713 3263 1784 3316; x_wconf 84' lang='lat' dir='ltr'>proe-</span> 
     </span>
     <span class='ocr_line' id='line_1_30' title="bbox 142 3328 1784 3418; baseline 0.01 -40"><span class='ocrx_word' id='word_1_365' title='bbox 142 3341 255 3397; x_wconf 60' lang='lat' dir='ltr'>mm,</span> <span class='ocrx_word' id='word_1_366' title='bbox 272 3355 367 3398; x_wconf 61' lang='lat' dir='ltr'>„mm</span> <span class='ocrx_word' id='word_1_367' title='bbox 379 3344 426 3414; x_wconf 57' lang='grc' dir='ltr'><strong><em>ψ</em></strong></span> <span class='ocrx_word' id='word_1_368' title='bbox 440 3344 534 3400; x_wconf 59' lang='lat' dir='ltr'>mlum</span> <span class='ocrx_word' id='word_1_369' title='bbox 545 3345 651 3402; x_wconf 55' lang='lat' dir='ltr'>mem</span> <span class='ocrx_word' id='word_1_370' title='bbox 666 3361 748 3418; x_wconf 55' lang='lat' dir='ltr'>supe,</span> <span class='ocrx_word' id='word_1_371' title='bbox 761 3361 855 3416; x_wconf 53' lang='lat' dir='ltr'>„mm</span> <span class='ocrx_word' id='word_1_372' title='bbox 866 3347 935 3418; x_wconf 44' lang='lat' dir='ltr'>eju&amp;</span> <span class='ocrx_word' id='word_1_373' title='bbox 987 3328 1139 3383; x_wconf 75' lang='lat' dir='ltr'>dicut-erunt</span> <span class='ocrx_word' id='word_1_374' title='bbox 1149 3330 1293 3401; x_wconf 79' lang='lat' dir='ltr'>jejunium,</span> <span class='ocrx_word' id='word_1_375' title='bbox 1309 3341 1333 3385; x_wconf 88' lang='lat' dir='ltr'>et</span> <span class='ocrx_word' id='word_1_376' title='bbox 1349 3332 1432 3386; x_wconf 80' lang='grc' dir='ltr'><strong>υεειὶιὶ</strong></span> <span class='ocrx_word' id='word_1_377' title='bbox 1451 3343 1511 3387; x_wconf 82' lang='lat' dir='ltr'>ruat</span> <span class='ocrx_word' id='word_1_378' title='bbox 1531 3336 1615 3389; x_wconf 80' lang='lat' dir='ltr'>saccis</span> <span class='ocrx_word' id='word_1_379' title='bbox 1638 3355 1654 3391; x_wconf 91' lang='lat' dir='ltr'>o</span> <span class='ocrx_word' id='word_1_380' title='bbox 1680 3338 1784 3409; x_wconf 76' lang='lat' dir='ltr'>ntujors</span> 
     </span>
     <span class='ocr_line' id='line_1_31' title="bbox 142 3419 1781 3509; baseline 0.009 -40"><span class='ocrx_word' id='word_1_381' title='bbox 142 3436 259 3491; x_wconf 60' lang='lat' dir='ltr'>pmndp</span> <span class='ocrx_word' id='word_1_382' title='bbox 278 3445 308 3493; x_wconf 50' lang='grc' dir='ltr'><strong>α</strong></span> <span class='ocrx_word' id='word_1_383' title='bbox 331 3435 394 3505; x_wconf 52' lang='lat' dir='ltr'>pm,</span> <span class='ocrx_word' id='word_1_384' title='bbox 408 3438 481 3509; x_wconf 63' lang='lat' dir='ltr'>quod</span> <span class='ocrx_word' id='word_1_385' title='bbox 501 3439 724 3509; x_wconf 51' lang='lat' dir='ltr'>djcppgppsw123</span> <span class='ocrx_word' id='word_1_386' title='bbox 740 3438 854 3494; x_wconf 61' lang='lat' dir='ltr'>numm</span> <span class='ocrx_word' id='word_1_387' title='bbox 867 3439 936 3495; x_wconf 51' lang='lat' dir='ltr'>,mm</span> <span class='ocrx_word' id='word_1_388' title='bbox 988 3435 1068 3491; x_wconf 84' lang='lat' dir='ltr'>usque</span> <span class='ocrx_word' id='word_1_389' title='bbox 1087 3419 1122 3473; x_wconf 88' lang='lat' dir='ltr'>ad</span> <span class='ocrx_word' id='word_1_390' title='bbox 1135 3421 1272 3475; x_wconf 77' lang='lat' dir='ltr'>mitiorem.</span> <span class='ocrx_word' id='word_1_391' title='bbox 1298 3420 1429 3478; x_wconf 81' lang='lat' dir='ltr'>Videlicet</span> <span class='ocrx_word' id='word_1_392' title='bbox 1457 3439 1541 3493; x_wconf 88' lang='lat' dir='ltr'>usque</span> <span class='ocrx_word' id='word_1_393' title='bbox 1564 3426 1598 3480; x_wconf 81' lang='lat' dir='ltr'>aul</span> <span class='ocrx_word' id='word_1_394' title='bbox 1623 3426 1781 3496; x_wconf 85' lang='lat' dir='ltr'>lactentem,</span> 
     </span>
     <span class='ocr_line' id='line_1_32' title="bbox 142 3510 1782 3600; baseline 0.01 -40"><span class='ocrx_word' id='word_1_395' title='bbox 142 3525 211 3581; x_wconf 58' lang='lat' dir='ltr'>„m</span> <span class='ocrx_word' id='word_1_396' title='bbox 228 3527 378 3599; x_wconf 52' lang='lat' dir='ltr'><em>dmm-0</em></span> <span class='ocrx_word' id='word_1_397' title='bbox 394 3529 464 3600; x_wconf 54' lang='grc' dir='ltr'><em>Μ</em></span> <span class='ocrx_word' id='word_1_398' title='bbox 482 3527 600 3585; x_wconf 50' lang='lat' dir='ltr'>m,</span> <span class='ocrx_word' id='word_1_399' title='bbox 625 3528 800 3599; x_wconf 54' lang='lat' dir='ltr'><strong>Emeum</strong></span> <span class='ocrx_word' id='word_1_400' title='bbox 821 3527 936 3585; x_wconf 57' lang='lat' dir='ltr'>,peram</span> <span class='ocrx_word' id='word_1_401' title='bbox 987 3510 1058 3566; x_wconf 86' lang='lat' dir='ltr'>sieut</span> <span class='ocrx_word' id='word_1_402' title='bbox 1071 3519 1214 3567; x_wconf 82' lang='lat' dir='ltr'>senserunt</span> <span class='ocrx_word' id='word_1_403' title='bbox 1230 3513 1275 3582; x_wconf 89' lang='lat' dir='ltr'>qui</span> <span class='ocrx_word' id='word_1_404' title='bbox 1291 3512 1389 3567; x_wconf 84' lang='lat' dir='ltr'>deltae</span> <span class='ocrx_word' id='word_1_405' title='bbox 1403 3513 1530 3572; x_wconf 89' lang='lat' dir='ltr'>laudabili</span> <span class='ocrx_word' id='word_1_406' title='bbox 1544 3516 1782 3586; x_wconf 84' lang='lat' dir='ltr'>poenitentiascri·</span> 
     </span>
     <span class='ocr_line' id='line_1_33' title="bbox 141 3604 1783 3688; baseline 0.007 -34"><span class='ocrx_word' id='word_1_407' title='bbox 141 3616 299 3686; x_wconf 51' lang='lat' dir='ltr'>popponem</span> <span class='ocrx_word' id='word_1_408' title='bbox 307 3617 603 3686; x_wconf 44' lang='lat' dir='ltr'>mpppmfflgp,</span> <span class='ocrx_word' id='word_1_409' title='bbox 612 3616 935 3688; x_wconf 53' lang='lat' dir='ltr'>“mmmmm</span> <span class='ocrx_word' id='word_1_410' title='bbox 986 3604 1051 3659; x_wconf 91' lang='lat' dir='ltr'>bere</span> <span class='ocrx_word' id='word_1_411' title='bbox 1069 3604 1226 3670; x_wconf 77' lang='lat' dir='ltr'>uoluerunt;</span> <span class='ocrx_word' id='word_1_412' title='bbox 1246 3618 1279 3658; x_wconf 78' lang='lat' dir='ltr'>ex</span> <span class='ocrx_word' id='word_1_413' title='bbox 1303 3606 1402 3674; x_wconf 87' lang='lat' dir='ltr'>quibus</span> <span class='ocrx_word' id='word_1_414' title='bbox 1427 3622 1516 3673; x_wconf 90' lang='lat' dir='ltr'>nnus,</span> <span class='ocrx_word' id='word_1_415' title='bbox 1538 3606 1716 3678; x_wconf 86' lang='lat' dir='ltr'>Prudentius,</span> <span class='ocrx_word' id='word_1_416' title='bbox 1738 3611 1783 3666; x_wconf 82' lang='lat' dir='ltr'>uir</span> 
     </span>
     <span class='ocr_line' id='line_1_34' title="bbox 140 3696 1204 3782; baseline 0.005 -21"><span class='ocrx_word' id='word_1_417' title='bbox 140 3708 203 3777; x_wconf 83' lang='lat' dir='ltr'>petit</span> <span class='ocrx_word' id='word_1_418' title='bbox 215 3723 321 3779; x_wconf 76' lang='grc' dir='ltr'><strong>ρεεεεε,</strong></span> <span class='ocrx_word' id='word_1_419' title='bbox 335 3719 363 3766; x_wconf 85' lang='grc' dir='ltr'>ει</span> <span class='ocrx_word' id='word_1_420' title='bbox 377 3709 485 3776; x_wconf 80' lang='lat' dir='ltr'>iterum,</span> <span class='ocrx_word' id='word_1_421' title='bbox 502 3718 549 3764; x_wconf 87' lang='grc' dir='ltr'>εει</span> <span class='ocrx_word' id='word_1_422' title='bbox 562 3710 667 3782; x_wconf 71' lang='lat' dir='ltr'>pinon,</span> <span class='ocrx_word' id='word_1_423' title='bbox 681 3718 711 3764; x_wconf 90' lang='grc' dir='ltr'>ει</span> <span class='ocrx_word' id='word_1_424' title='bbox 724 3709 835 3775; x_wconf 87' lang='lat' dir='ltr'>iterum,</span> <span class='ocrx_word' id='word_1_425' title='bbox 855 3717 901 3765; x_wconf 82' lang='grc' dir='ltr'>εει</span> <span class='ocrx_word' id='word_1_426' title='bbox 912 3712 936 3765; x_wconf 83' lang='lat' dir='ltr'>si</span> <span class='ocrx_word' id='word_1_427' title='bbox 987 3696 1083 3753; x_wconf 63' lang='grc' dir='ltr'>ιῑθθῑΰῧ</span> <span class='ocrx_word' id='word_1_428' title='bbox 1097 3696 1184 3766; x_wconf 65' lang='lat' dir='ltr'>inlust</span> <span class='ocrx_word' id='word_1_429' title='bbox 1198 3713 1204 3747; x_wconf 80' lang='lat'>²</span> 
     </span>
    </p>

    <p class='ocr_par' dir='ltr' id='par_1_11' title="bbox 139 3798 1594 3872">
     <span class='ocr_line' id='line_1_35' title="bbox 139 3798 1594 3872; baseline 0.006 -21"><span class='ocrx_word' id='word_1_430' title='bbox 139 3798 242 3867; x_wconf 71' lang='lat' dir='ltr'>pulerit</span> <span class='ocrx_word' id='word_1_431' title='bbox 253 3815 339 3854; x_wconf 79' lang='lat' dir='ltr'>oram.</span> <span class='ocrx_word' id='word_1_432' title='bbox 354 3800 384 3855; x_wconf 77' lang='lat' dir='ltr'>ln</span> <span class='ocrx_word' id='word_1_433' title='bbox 397 3801 459 3856; x_wconf 87' lang='lat' dir='ltr'>istis</span> <span class='ocrx_word' id='word_1_434' title='bbox 471 3800 558 3856; x_wconf 81' lang='lat' dir='ltr'>tribas</span> <span class='ocrx_word' id='word_1_435' title='bbox 573 3799 731 3872; x_wconf 80' lang='lat' dir='ltr'>temporalia</span> <span class='ocrx_word' id='word_1_436' title='bbox 746 3799 860 3869; x_wconf 86' lang='lat' dir='ltr'>peteuda</span> <span class='ocrx_word' id='word_1_437' title='bbox 874 3812 936 3868; x_wconf 89' lang='lat' dir='ltr'>pos·</span> <span class='ocrx_word' id='word_1_438' title='bbox 1049 3805 1136 3856; x_wconf 75' lang='lat' dir='ltr'>dolius</span> <span class='ocrx_word' id='word_1_439' title='bbox 1152 3805 1262 3866; x_wconf 77' lang='lat' dir='ltr'>bibendi,</span> <span class='ocrx_word' id='word_1_440' title='bbox 1278 3818 1350 3856; x_wconf 87' lang='lat' dir='ltr'>uerno</span> <span class='ocrx_word' id='word_1_441' title='bbox 1362 3809 1480 3859; x_wconf 80' lang='lat' dir='ltr'>vescendi</span> <span class='ocrx_word' id='word_1_442' title='bbox 1493 3822 1594 3860; x_wconf 74' lang='lat' dir='ltr'>mentor.</span> 
     </span>
    </p>

    <p class='ocr_par' dir='ltr' id='par_1_12' title="bbox 140 3867 1568 3980">
     <span class='ocr_line' id='line_1_36' title="bbox 140 3867 1568 3980; baseline 0.009 -38"><span class='ocrx_word' id='word_1_443' title='bbox 140 3903 234 3944; x_wconf 85' lang='lat' dir='ltr'>sunaus</span> <span class='ocrx_word' id='word_1_444' title='bbox 248 3889 422 3963; x_wconf 66' lang='lat' dir='ltr'>intelligere:</span> <span class='ocrx_word' id='word_1_445' title='bbox 436 3906 487 3962; x_wconf 86' lang='lat' dir='ltr'>per</span> <span class='ocrx_word' id='word_1_446' title='bbox 499 3906 616 3963; x_wconf 65' lang='lat' dir='ltr'>mnam,</span> <span class='ocrx_word' id='word_1_447' title='bbox 630 3892 723 3948; x_wconf 81' lang='lat' dir='ltr'>omnia</span> <span class='ocrx_word' id='word_1_448' title='bbox 736 3891 809 3947; x_wconf 90' lang='lat' dir='ltr'>bona</span> <span class='ocrx_word' id='word_1_449' title='bbox 827 3907 888 3963; x_wconf 79' lang='lat' dir='ltr'>qnae</span> <span class='ocrx_word' id='word_1_450' title='bbox 902 3891 936 3947; x_wconf 91' lang='lat' dir='ltr'>de</span> <span class='ocrx_word' id='word_1_451' title='bbox 1050 3867 1251 3979; x_wconf 59' lang='lat' dir='ltr'>³¹&#39;·³-¹¹¹&#39;2,¹¹¹⁰”.⁸f⁸</span> <span class='ocrx_word' id='word_1_452' title='bbox 1264 3870 1342 3977; x_wconf 63' lang='lat' dir='ltr'>putes</span> <span class='ocrx_word' id='word_1_453' title='bbox 1353 3882 1440 3980; x_wconf 66' lang='lat'>⁰.¹¹¹¹¹‚⁸⁸</span> <span class='ocrx_word' id='word_1_454' title='bbox 1452 3872 1568 3932; x_wconf 73' lang='lat' dir='ltr'>liquerat</span> 
     </span>
    </p>

    <p class='ocr_par' dir='ltr' id='par_1_13' title="bbox 140 3932 1555 4064">
     <span class='ocr_line' id='line_1_37' title="bbox 140 3932 1555 4064; baseline 0.006 -28"><span class='ocrx_word' id='word_1_455' title='bbox 140 3988 212 4037; x_wconf 79' lang='lat' dir='ltr'>terta</span> <span class='ocrx_word' id='word_1_456' title='bbox 237 3989 402 4051; x_wconf 69' lang='lat' dir='ltr'>nascumora</span> <span class='ocrx_word' id='word_1_457' title='bbox 427 3998 478 4054; x_wconf 84' lang='lat' dir='ltr'>por</span> <span class='ocrx_word' id='word_1_458' title='bbox 498 3985 619 4054; x_wconf 68' lang='grc' dir='ltr'><strong>μιεεεεε,</strong></span> <span class='ocrx_word' id='word_1_459' title='bbox 644 3999 705 4055; x_wconf 81' lang='lat' dir='ltr'>quae</span> <span class='ocrx_word' id='word_1_460' title='bbox 728 3983 763 4039; x_wconf 86' lang='lat' dir='ltr'>de</span> <span class='ocrx_word' id='word_1_461' title='bbox 784 3982 872 4055; x_wconf 49' lang='lat' dir='ltr'>agria</span> <span class='ocrx_word' id='word_1_462' title='bbox 888 3998 937 4053; x_wconf 88' lang='lat' dir='ltr'>per</span> <span class='ocrx_word' id='word_1_463' title='bbox 1050 3932 1122 4041; x_wconf 49' lang='lat' dir='ltr'>{31¹2}ss</span> <span class='ocrx_word' id='word_1_464' title='bbox 1136 3937 1555 4064; x_wconf 43' lang='lat' dir='ltr'>nufffffegnffitaerhdffiu‘u&#39;vfflutan</span> 
     </span>
    </p>

    <p class='ocr_par' dir='ltr' id='par_1_14' title="bbox 140 4050 1555 4144">
     <span class='ocr_line' id='line_1_38' title="bbox 140 4050 1555 4144; baseline -0.016 -16"><span class='ocrx_word' id='word_1_465' title='bbox 140 4085 233 4140; x_wconf 81' lang='lat' dir='ltr'>otum,</span> <span class='ocrx_word' id='word_1_466' title='bbox 249 4073 377 4131; x_wconf 73' lang='lat' dir='ltr'>animalia</span> <span class='ocrx_word' id='word_1_467' title='bbox 388 4086 449 4144; x_wconf 73' lang='lat' dir='ltr'>quse</span> <span class='ocrx_word' id='word_1_468' title='bbox 458 4082 558 4130; x_wconf 69' lang='lat' dir='ltr'>coeam</span> <span class='ocrx_word' id='word_1_469' title='bbox 569 4073 660 4130; x_wconf 64' lang='lat' dir='ltr'>fimi,</span> <span class='ocrx_word' id='word_1_470' title='bbox 676 4071 740 4129; x_wconf 66' lang='lat' dir='ltr'>uaep</span> <span class='ocrx_word' id='word_1_471' title='bbox 749 4073 821 4129; x_wconf 59' lang='lat' dir='ltr'>enim</span> <span class='ocrx_word' id='word_1_472' title='bbox 835 4086 934 4128; x_wconf 38' lang='lat' dir='ltr'>mem&amp;</span> <span class='ocrx_word' id='word_1_473' title='bbox 1050 4055 1152 4103; x_wconf 81' lang='lat' dir='ltr'>Seruum</span> <span class='ocrx_word' id='word_1_474' title='bbox 1165 4050 1259 4115; x_wconf 71' lang='lat' dir='ltr'>papillae</span> <span class='ocrx_word' id='word_1_475' title='bbox 1271 4065 1340 4114; x_wconf 87' lang='lat' dir='ltr'>parca</span> <span class='ocrx_word' id='word_1_476' title='bbox 1353 4062 1432 4103; x_wconf 74' lang='lat' dir='ltr'>nutura</span> <span class='ocrx_word' id='word_1_477' title='bbox 1444 4056 1555 4118; x_wconf 78' lang='lat' dir='ltr'>derogat.</span> 
     </span>
    </p>
   </div>
   <div class='ocr_carea' id='block_1_11' title="bbox 830 4179 1099 4238">
    <p class='ocr_par' dir='ltr' id='par_1_15' title="bbox 830 4179 1099 4238">
     <span class='ocr_line' id='line_1_39' title="bbox 830 4179 1099 4238; baseline -0.004 -1"><span class='ocrx_word' id='word_1_478' title='bbox 830 4181 965 4238; x_wconf 80' lang='lat' dir='ltr'>nttuzd</span> <span class='ocrx_word' id='word_1_479' title='bbox 983 4179 1099 4237; x_wconf 72' lang='lat' dir='ltr'>lidum.</span> 
     </span>
    </p>
   </div>
   <div class='ocr_carea' id='block_1_12' title="bbox 132 4279 1779 5673">
    <p class='ocr_par' dir='ltr' id='par_1_16' title="bbox 134 4279 1779 4779">
     <span class='ocr_line' id='line_1_40' title="bbox 175 4279 1779 4408; baseline 0 -70"><span class='ocrx_word' id='word_1_480' title='bbox 175 4297 187 4324; x_wconf 64' lang='grc' dir='ltr'><strong>ι</strong></span> <span class='ocrx_word' id='word_1_481' title='bbox 202 4282 353 4341; x_wconf 79' lang='lat' dir='ltr'>lionohnus</span> <span class='ocrx_word' id='word_1_482' title='bbox 369 4284 426 4358; x_wconf 73' lang='lat' dir='ltr'>lant</span> <span class='ocrx_word' id='word_1_483' title='bbox 439 4285 474 4340; x_wconf 88' lang='lat' dir='ltr'>ad</span> <span class='ocrx_word' id='word_1_484' title='bbox 489 4283 588 4340; x_wconf 86' lang='lat' dir='ltr'>librum</span> <span class='ocrx_word' id='word_1_485' title='bbox 602 4286 635 4340; x_wconf 90' lang='lat' dir='ltr'>de</span> <span class='ocrx_word' id='word_1_486' title='bbox 649 4283 745 4339; x_wconf 73' lang='lat' dir='ltr'>bisina</span> <span class='ocrx_word' id='word_1_487' title='bbox 765 4280 929 4345; x_wconf 85' lang='lat' dir='ltr'>Psalmodia,</span> <span class='ocrx_word' id='word_1_488' title='bbox 983 4291 1032 4344; x_wconf 87' lang='lat' dir='ltr'>est,</span> <span class='ocrx_word' id='word_1_489' title='bbox 1044 4279 1077 4334; x_wconf 84' lang='lat' dir='ltr'>de</span> <span class='ocrx_word' id='word_1_490' title='bbox 1087 4279 1262 4334; x_wconf 79' lang='lat' dir='ltr'>eeclesiastico</span> <span class='ocrx_word' id='word_1_491' title='bbox 1273 4282 1365 4336; x_wconf 84' lang='lat' dir='ltr'>ordine</span> <span class='ocrx_word' id='word_1_492' title='bbox 1378 4286 1528 4353; x_wconf 70' lang='lat' dir='ltr'>erransque</span> <span class='ocrx_word' id='word_1_493' title='bbox 1546 4285 1647 4408; x_wconf 54' lang='lat' dir='ltr'>affairs,</span> <span class='ocrx_word' id='word_1_494' title='bbox 1660 4296 1779 4357; x_wconf 69' lang='lat' dir='ltr'>quarm</span> 
     </span>
     <span class='ocr_line' id='line_1_41' title="bbox 136 4348 1778 4427; baseline 0.001 -19"><span class='ocrx_word' id='word_1_495' title='bbox 136 4353 270 4411; x_wconf 82' lang='lat' dir='ltr'>iibroisio</span> <span class='ocrx_word' id='word_1_496' title='bbox 281 4353 455 4426; x_wconf 71' lang='lat' dir='ltr'>Agohurdum</span> <span class='ocrx_word' id='word_1_497' title='bbox 468 4353 569 4410; x_wconf 79' lang='lat' dir='ltr'>tsttom</span> <span class='ocrx_word' id='word_1_498' title='bbox 582 4355 738 4411; x_wconf 85' lang='lat' dir='ltr'>remordere</span> <span class='ocrx_word' id='word_1_499' title='bbox 748 4352 926 4408; x_wconf 75' lang='lat' dir='ltr'>amalarium.</span> <span class='ocrx_word' id='word_1_500' title='bbox 980 4350 1051 4417; x_wconf 74' lang='lat' dir='ltr'>litui,</span> <span class='ocrx_word' id='word_1_501' title='bbox 1077 4349 1112 4404; x_wconf 81' lang='lat' dir='ltr'>eti</span> <span class='ocrx_word' id='word_1_502' title='bbox 1137 4348 1312 4405; x_wconf 71' lang='lat' dir='ltr'>medericum</span> <span class='ocrx_word' id='word_1_503' title='bbox 1339 4353 1530 4424; x_wconf 84' lang='lat' dir='ltr'>imperatorem.</span> <span class='ocrx_word' id='word_1_504' title='bbox 1579 4370 1651 4423; x_wconf 89' lang='lat' dir='ltr'>orro,</span> <span class='ocrx_word' id='word_1_505' title='bbox 1676 4367 1778 4427; x_wconf 74' lang='lat' dir='ltr'>praeter</span> 
     </span>
     <span class='ocr_line' id='line_1_42' title="bbox 137 4419 1777 4498; baseline 0.002 -16"><span class='ocrx_word' id='word_1_506' title='bbox 137 4423 403 4496; x_wconf 68' lang='lat' dir='ltr'>Neoueoenoentinm</span> <span class='ocrx_word' id='word_1_507' title='bbox 424 4435 510 4482; x_wconf 79' lang='lat' dir='ltr'>nuto.</span> <span class='ocrx_word' id='word_1_508' title='bbox 523 4423 610 4481; x_wconf 85' lang='lat' dir='ltr'>Porro</span> <span class='ocrx_word' id='word_1_509' title='bbox 626 4440 699 4481; x_wconf 89' lang='lat' dir='ltr'>nunc</span> <span class='ocrx_word' id='word_1_510' title='bbox 710 4426 828 4496; x_wconf 90' lang='lat' dir='ltr'>primum</span> <span class='ocrx_word' id='word_1_511' title='bbox 840 4421 1051 4498; x_wconf 75' lang='lat' dir='ltr'>editusDedita</span> <span class='ocrx_word' id='word_1_512' title='bbox 1064 4419 1195 4474; x_wconf 76' lang='lat' dir='ltr'>Amalarii</span> <span class='ocrx_word' id='word_1_513' title='bbox 1206 4436 1298 4492; x_wconf 88' lang='lat' dir='ltr'>opera,</span> <span class='ocrx_word' id='word_1_514' title='bbox 1312 4432 1421 4477; x_wconf 81' lang='lat' dir='ltr'>exstant</span> <span class='ocrx_word' id='word_1_515' title='bbox 1432 4423 1545 4479; x_wconf 76' lang='lat' dir='ltr'>Lutetia.</span> <span class='ocrx_word' id='word_1_516' title='bbox 1559 4425 1585 4478; x_wconf 90' lang='lat' dir='ltr'>in</span> <span class='ocrx_word' id='word_1_517' title='bbox 1600 4426 1704 4482; x_wconf 74' lang='lat' dir='ltr'>&lt;luobus</span> <span class='ocrx_word' id='word_1_518' title='bbox 1751 4447 1777 4486; x_wconf 90' lang='lat' dir='ltr'>r·</span> 
     </span>
     <span class='ocr_line' id='line_1_43' title="bbox 136 4490 1776 4555; baseline 0.002 -3"><span class='ocrx_word' id='word_1_519' title='bbox 136 4497 236 4553; x_wconf 83' lang='lat' dir='ltr'>esthio</span> <span class='ocrx_word' id='word_1_520' title='bbox 248 4496 318 4553; x_wconf 88' lang='lat' dir='ltr'>liber</span> <span class='ocrx_word' id='word_1_521' title='bbox 329 4510 364 4554; x_wconf 86' lang='lat' dir='ltr'>ex</span> <span class='ocrx_word' id='word_1_522' title='bbox 379 4497 468 4553; x_wconf 83' lang='lat' dir='ltr'>reteri</span> <span class='ocrx_word' id='word_1_523' title='bbox 479 4496 572 4553; x_wconf 83' lang='lat' dir='ltr'>codice</span> <span class='ocrx_word' id='word_1_524' title='bbox 584 4511 636 4552; x_wconf 82' lang='lat' dir='ltr'>nus.</span> <span class='ocrx_word' id='word_1_525' title='bbox 656 4497 707 4552; x_wconf 83' lang='lat' dir='ltr'>tiri</span> <span class='ocrx_word' id='word_1_526' title='bbox 722 4491 866 4550; x_wconf 87' lang='lat' dir='ltr'>clarissimi</span> <span class='ocrx_word' id='word_1_527' title='bbox 879 4490 929 4547; x_wconf 88' lang='lat' dir='ltr'>Pe·</span> <span class='ocrx_word' id='word_1_528' title='bbox 981 4491 1094 4546; x_wconf 83' lang='lat' dir='ltr'>vetustis</span> <span class='ocrx_word' id='word_1_529' title='bbox 1107 4490 1247 4546; x_wconf 88' lang='lat' dir='ltr'>codicibus</span> <span class='ocrx_word' id='word_1_530' title='bbox 1261 4492 1431 4548; x_wconf 86' lang='lat' dir='ltr'>bibliothecae</span> <span class='ocrx_word' id='word_1_531' title='bbox 1442 4495 1528 4549; x_wconf 87' lang='lat' dir='ltr'>sancti</span> <span class='ocrx_word' id='word_1_532' title='bbox 1539 4493 1698 4552; x_wconf 86' lang='lat' dir='ltr'>Germania</span> <span class='ocrx_word' id='word_1_533' title='bbox 1734 4515 1776 4555; x_wconf 84' lang='lat' dir='ltr'>ra·</span> 
     </span>
     <span class='ocr_line' id='line_1_44' title="bbox 136 4560 1774 4637; baseline 0.002 -16"><span class='ocrx_word' id='word_1_534' title='bbox 136 4567 172 4623; x_wconf 91' lang='lat' dir='ltr'>tri</span> <span class='ocrx_word' id='word_1_535' title='bbox 186 4565 320 4622; x_wconf 79' lang='lat' dir='ltr'>ilarnaesii</span> <span class='ocrx_word' id='word_1_536' title='bbox 333 4567 467 4624; x_wconf 74' lang='lat' dir='ltr'>senamris</span> <span class='ocrx_word' id='word_1_537' title='bbox 487 4563 740 4637; x_wconf 84' lang='lat' dir='ltr'>Gratianopolltani,</span> <span class='ocrx_word' id='word_1_538' title='bbox 756 4578 804 4619; x_wconf 89' lang='lat' dir='ltr'>ceu</span> <span class='ocrx_word' id='word_1_539' title='bbox 826 4561 928 4616; x_wconf 86' lang='lat' dir='ltr'>dictum</span> <span class='ocrx_word' id='word_1_540' title='bbox 980 4562 1015 4616; x_wconf 90' lang='lat' dir='ltr'>tis</span> <span class='ocrx_word' id='word_1_541' title='bbox 1035 4561 1153 4630; x_wconf 82' lang='lat' dir='ltr'>quinque</span> <span class='ocrx_word' id='word_1_542' title='bbox 1168 4560 1239 4615; x_wconf 87' lang='lat' dir='ltr'>illius</span> <span class='ocrx_word' id='word_1_543' title='bbox 1255 4562 1384 4626; x_wconf 74' lang='lat' dir='ltr'>eristolae,</span> <span class='ocrx_word' id='word_1_544' title='bbox 1407 4580 1467 4633; x_wconf 85' lang='lat' dir='ltr'>quae</span> <span class='ocrx_word' id='word_1_545' title='bbox 1488 4565 1563 4619; x_wconf 82' lang='lat' dir='ltr'>breui</span> <span class='ocrx_word' id='word_1_546' title='bbox 1579 4566 1727 4634; x_wconf 89' lang='lat' dir='ltr'>prodibunt</span> <span class='ocrx_word' id='word_1_547' title='bbox 1745 4571 1774 4627; x_wconf 86' lang='lat' dir='ltr'>ia</span> 
     </span>
     <span class='ocr_line' id='line_1_45' title="bbox 134 4580 1770 4719; baseline 0.002 -27"><span class='ocrx_word' id='word_1_548' title='bbox 134 4639 213 4693; x_wconf 89' lang='lat' dir='ltr'>estin</span> <span class='ocrx_word' id='word_1_549' title='bbox 227 4634 396 4719; x_wconf 80' lang='lat' dir='ltr'>prmintlone.</span> <span class='ocrx_word' id='word_1_550' title='bbox 412 4635 505 4708; x_wconf 76' lang='lat' dir='ltr'>Neque</span> <span class='ocrx_word' id='word_1_551' title='bbox 524 4645 567 4694; x_wconf 86' lang='grc' dir='ltr'>εει</span> <span class='ocrx_word' id='word_1_552' title='bbox 588 4637 617 4692; x_wconf 92' lang='lat' dir='ltr'>in</span> <span class='ocrx_word' id='word_1_553' title='bbox 630 4651 663 4692; x_wconf 84' lang='lat' dir='ltr'>eo</span> <span class='ocrx_word' id='word_1_554' title='bbox 677 4633 780 4705; x_wconf 81' lang='lat' dir='ltr'>aliquid</span> <span class='ocrx_word' id='word_1_555' title='bbox 793 4631 929 4687; x_wconf 79' lang='lat' dir='ltr'>saliono</span> <span class='ocrx_word' id='word_1_556' title='bbox 979 4631 1066 4714; x_wconf 75' lang='lat' dir='ltr'>lucem</span> <span class='ocrx_word' id='word_1_557' title='bbox 1081 4632 1192 4686; x_wconf 86' lang='lat' dir='ltr'>intorno</span> <span class='ocrx_word' id='word_1_558' title='bbox 1210 4631 1252 4687; x_wconf 89' lang='lat' dir='ltr'>llll</span> <span class='ocrx_word' id='word_1_559' title='bbox 1268 4580 1404 4706; x_wconf 51' lang='lat' dir='ltr'>intellegit</span> <span class='ocrx_word' id='word_1_560' title='bbox 1427 4635 1517 4690; x_wconf 81' lang='lat' dir='ltr'>domiti</span> <span class='ocrx_word' id='word_1_561' title='bbox 1531 4635 1612 4690; x_wconf 74' lang='lat' dir='ltr'>Lucae</span> <span class='ocrx_word' id='word_1_562' title='bbox 1632 4636 1770 4695; x_wconf 86' lang='lat' dir='ltr'>Dacherii.</span> 
     </span>
     <span class='ocr_line' id='line_1_46' title="bbox 136 4701 1771 4779; baseline 0.001 -16"><span class='ocrx_word' id='word_1_563' title='bbox 136 4717 194 4763; x_wconf 84' lang='lat' dir='ltr'>tatu</span> <span class='ocrx_word' id='word_1_564' title='bbox 206 4707 329 4779; x_wconf 66' lang='lat' dir='ltr'>(iignum.</span> <span class='ocrx_word' id='word_1_565' title='bbox 977 4701 1068 4757; x_wconf 79' lang='lat' dir='ltr'>Prima</span> <span class='ocrx_word' id='word_1_566' title='bbox 1079 4703 1163 4757; x_wconf 90' lang='lat' dir='ltr'>estad</span> <span class='ocrx_word' id='word_1_567' title='bbox 1172 4701 1317 4759; x_wconf 85' lang='lat' dir='ltr'>Jereutiarrr</span> <span class='ocrx_word' id='word_1_568' title='bbox 1327 4705 1560 4776; x_wconf 83' lang='lat' dir='ltr'>areliiepiscopuuo</span> <span class='ocrx_word' id='word_1_569' title='bbox 1575 4706 1771 4777; x_wconf 73' lang='lat' dir='ltr'>senonensem,</span> 
     </span>
    </p>

    <p class='ocr_par' dir='ltr' id='par_1_17' title="bbox 132 4771 1773 5673">
     <span class='ocr_line' id='line_1_47' title="bbox 172 4771 1773 4844; baseline 0.001 -11"><span class='ocrx_word' id='word_1_570' title='bbox 172 4776 330 4833; x_wconf 69' lang='lat' dir='ltr'>tinnierit</span> <span class='ocrx_word' id='word_1_571' title='bbox 344 4775 510 4833; x_wconf 73' lang='lat' dir='ltr'>abbatialia</span> <span class='ocrx_word' id='word_1_572' title='bbox 529 4777 630 4834; x_wconf 83' lang='lat' dir='ltr'>diserte</span> <span class='ocrx_word' id='word_1_573' title='bbox 642 4775 726 4832; x_wconf 82' lang='lat' dir='ltr'>codex</span> <span class='ocrx_word' id='word_1_574' title='bbox 740 4782 828 4830; x_wconf 83' lang='lat' dir='ltr'>retus.</span> <span class='ocrx_word' id='word_1_575' title='bbox 851 4771 928 4840; x_wconf 82' lang='lat' dir='ltr'>Quod</span> <span class='ocrx_word' id='word_1_576' title='bbox 978 4771 1011 4827; x_wconf 91' lang='lat' dir='ltr'>de</span> <span class='ocrx_word' id='word_1_577' title='bbox 1025 4771 1134 4828; x_wconf 89' lang='lat' dir='ltr'>nomine</span> <span class='ocrx_word' id='word_1_578' title='bbox 1155 4771 1229 4839; x_wconf 82' lang='lat' dir='ltr'>lesu,</span> <span class='ocrx_word' id='word_1_579' title='bbox 1252 4776 1386 4844; x_wconf 85' lang='lat' dir='ltr'>quomodo</span> <span class='ocrx_word' id='word_1_580' title='bbox 1406 4776 1487 4830; x_wconf 86' lang='lat' dir='ltr'>scribi</span> <span class='ocrx_word' id='word_1_581' title='bbox 1510 4775 1616 4831; x_wconf 84' lang='lat' dir='ltr'>debeat.</span> <span class='ocrx_word' id='word_1_582' title='bbox 1641 4777 1708 4832; x_wconf 88' lang='lat' dir='ltr'>ltem</span> <span class='ocrx_word' id='word_1_583' title='bbox 1729 4795 1773 4835; x_wconf 85' lang='lat' dir='ltr'>re·</span> 
     </span>
     <span class='ocr_line' id='line_1_48' title="bbox 134 4842 1772 4917; baseline 0 -12"><span class='ocrx_word' id='word_1_584' title='bbox 134 4844 594 4917; x_wconf 60' lang='lat' dir='ltr'>‹notmatorauctoritatezperanti</span> <span class='ocrx_word' id='word_1_585' title='bbox 612 4846 639 4901; x_wconf 93' lang='lat' dir='ltr'>ui</span> <span class='ocrx_word' id='word_1_586' title='bbox 650 4843 927 4901; x_wconf 80' lang='lat' dir='ltr'>codicisbihliotheom</span> <span class='ocrx_word' id='word_1_587' title='bbox 977 4844 1087 4913; x_wconf 88' lang='lat' dir='ltr'>sponsio</span> <span class='ocrx_word' id='word_1_588' title='bbox 1100 4842 1225 4898; x_wconf 72' lang='lat' dir='ltr'>ieremias</span> <span class='ocrx_word' id='word_1_589' title='bbox 1239 4845 1444 4916; x_wconf 85' lang='lat' dir='ltr'>archiepiscopi.</span> <span class='ocrx_word' id='word_1_590' title='bbox 1469 4846 1604 4910; x_wconf 84' lang='lat' dir='ltr'>Secunda,</span> <span class='ocrx_word' id='word_1_591' title='bbox 1622 4849 1656 4902; x_wconf 91' lang='lat' dir='ltr'>ad</span> <span class='ocrx_word' id='word_1_592' title='bbox 1673 4846 1772 4906; x_wconf 81' lang='lat' dir='ltr'>Jonam</span> 
     </span>
     <span class='ocr_line' id='line_1_49' title="bbox 134 4862 1772 4989; baseline 0.002 -16"><span class='ocrx_word' id='word_1_593' title='bbox 134 4920 263 4982; x_wconf 78' lang='lat' dir='ltr'>Thoante,</span> <span class='ocrx_word' id='word_1_594' title='bbox 279 4916 307 4972; x_wconf 93' lang='lat' dir='ltr'>in</span> <span class='ocrx_word' id='word_1_595' title='bbox 340 4930 376 4972; x_wconf 91' lang='lat' dir='ltr'>uo</span> <span class='ocrx_word' id='word_1_596' title='bbox 396 4917 571 4973; x_wconf 87' lang='lat' dir='ltr'>continentur</span> <span class='ocrx_word' id='word_1_597' title='bbox 584 4862 706 4989; x_wconf 47' lang='lat' dir='ltr'>effusorem</span> <span class='ocrx_word' id='word_1_598' title='bbox 720 4914 851 4971; x_wconf 78' lang='lat' dir='ltr'>Amalarii</span> <span class='ocrx_word' id='word_1_599' title='bbox 864 4913 925 4970; x_wconf 91' lang='lat' dir='ltr'>libri</span> <span class='ocrx_word' id='word_1_600' title='bbox 976 4914 1132 4984; x_wconf 87' lang='lat' dir='ltr'>episcopum</span> <span class='ocrx_word' id='word_1_601' title='bbox 1154 4912 1388 4980; x_wconf 81' lang='lat' dir='ltr'>Aurelianensent,</span> <span class='ocrx_word' id='word_1_602' title='bbox 1410 4918 1443 4970; x_wconf 87' lang='lat' dir='ltr'>de</span> <span class='ocrx_word' id='word_1_603' title='bbox 1464 4917 1559 4972; x_wconf 88' lang='lat' dir='ltr'>eadem</span> <span class='ocrx_word' id='word_1_604' title='bbox 1582 4932 1675 4973; x_wconf 88' lang='lat' dir='ltr'>causa.</span> <span class='ocrx_word' id='word_1_605' title='bbox 1703 4919 1772 4976; x_wconf 84' lang='lat' dir='ltr'>ltent</span> 
     </span>
     <span class='ocr_line' id='line_1_50' title="bbox 133 4983 1771 5071; baseline 0 -25"><span class='ocrx_word' id='word_1_606' title='bbox 133 4988 283 5046; x_wconf 77' lang='lat' dir='ltr'>delllvinis</span> <span class='ocrx_word' id='word_1_607' title='bbox 366 4987 408 5042; x_wconf 66' lang='lat' dir='ltr'>&#39;is</span> <span class='ocrx_word' id='word_1_608' title='bbox 429 4987 566 5045; x_wconf 74' lang='lat' dir='ltr'>inmotos</span> <span class='ocrx_word' id='word_1_609' title='bbox 587 4986 830 5059; x_wconf 81' lang='lat' dir='ltr'>itsqoeillosiele</span> <span class='ocrx_word' id='word_1_610' title='bbox 850 4985 923 5040; x_wconf 88' lang='lat' dir='ltr'>itur:</span> <span class='ocrx_word' id='word_1_611' title='bbox 976 4985 1115 5055; x_wconf 86' lang='lat' dir='ltr'>responsio</span> <span class='ocrx_word' id='word_1_612' title='bbox 1135 4983 1220 5040; x_wconf 80' lang='lat' dir='ltr'>lonae.</span> <span class='ocrx_word' id='word_1_613' title='bbox 1248 4986 1337 5041; x_wconf 85' lang='lat' dir='ltr'>Tertia</span> <span class='ocrx_word' id='word_1_614' title='bbox 1360 4988 1394 5043; x_wconf 87' lang='lat' dir='ltr'>ad</span> <span class='ocrx_word' id='word_1_615' title='bbox 1412 4986 1589 5058; x_wconf 77' lang='lat' dir='ltr'>liantgarium</span> <span class='ocrx_word' id='word_1_616' title='bbox 1613 4988 1771 5071; x_wconf 86' lang='lat' dir='ltr'>episcopum</span> 
     </span>
     <span class='ocr_line' id='line_1_51' title="bbox 135 5002 1771 5129; baseline 0.002 -16"><span class='ocrx_word' id='word_1_617' title='bbox 135 5059 250 5115; x_wconf 71' lang='lat' dir='ltr'>ideam</span> <span class='ocrx_word' id='word_1_618' title='bbox 271 5057 413 5114; x_wconf 77' lang='lat' dir='ltr'>Amiiorii</span> <span class='ocrx_word' id='word_1_619' title='bbox 435 5057 537 5115; x_wconf 81' lang='lat' dir='ltr'>obbatis</span> <span class='ocrx_word' id='word_1_620' title='bbox 555 5059 588 5115; x_wconf 82' lang='lat' dir='ltr'>de</span> <span class='ocrx_word' id='word_1_621' title='bbox 604 5058 698 5114; x_wconf 76' lang='lat' dir='ltr'>divinis</span> <span class='ocrx_word' id='word_1_622' title='bbox 716 5057 816 5129; x_wconf 74' lang='lat' dir='ltr'>officiis.</span> <span class='ocrx_word' id='word_1_623' title='bbox 832 5002 923 5111; x_wconf 53' lang='lat' dir='ltr'>item:</span> <span class='ocrx_word' id='word_1_624' title='bbox 975 5052 1193 5120; x_wconf 70' lang='lat' dir='ltr'>portunensem,</span> <span class='ocrx_word' id='word_1_625' title='bbox 1216 5057 1349 5125; x_wconf 80' lang='lat' dir='ltr'>quomodo</span> <span class='ocrx_word' id='word_1_626' title='bbox 1372 5052 1541 5128; x_wconf 79' lang='lat' dir='ltr'>intelligenda</span> <span class='ocrx_word' id='word_1_627' title='bbox 1558 5058 1612 5112; x_wconf 88' lang='lat' dir='ltr'>siut</span> <span class='ocrx_word' id='word_1_628' title='bbox 1626 5058 1671 5112; x_wconf 85' lang='lat' dir='ltr'>ulla</span> <span class='ocrx_word' id='word_1_629' title='bbox 1687 5060 1771 5116; x_wconf 79' lang='lat' dir='ltr'>verba</span> 
     </span>
     <span class='ocr_line' id='line_1_52' title="bbox 134 5123 1770 5197; baseline 0 -14"><span class='ocrx_word' id='word_1_630' title='bbox 134 5128 299 5185; x_wconf 84' lang='lat' dir='ltr'>Continentia</span> <span class='ocrx_word' id='word_1_631' title='bbox 319 5138 449 5185; x_wconf 70' lang='lat' dir='ltr'>trenaro</span> <span class='ocrx_word' id='word_1_632' title='bbox 470 5145 558 5187; x_wconf 81' lang='lat' dir='ltr'>onusto</span> <span class='ocrx_word' id='word_1_633' title='bbox 576 5127 723 5184; x_wconf 82' lang='lat' dir='ltr'>Amoliuurii</span> <span class='ocrx_word' id='word_1_634' title='bbox 739 5125 838 5183; x_wconf 84' lang='lat' dir='ltr'>obbatis</span> <span class='ocrx_word' id='word_1_635' title='bbox 856 5127 923 5180; x_wconf 83' lang='lat' dir='ltr'>teri·</span> <span class='ocrx_word' id='word_1_636' title='bbox 975 5139 1009 5179; x_wconf 82' lang='lat' dir='ltr'>ea</span> <span class='ocrx_word' id='word_1_637' title='bbox 1030 5123 1193 5194; x_wconf 81' lang='lat' dir='ltr'>Evangelio:</span> <span class='ocrx_word' id='word_1_638' title='bbox 1217 5124 1268 5178; x_wconf 84' lang='lat' dir='ltr'>llio</span> <span class='ocrx_word' id='word_1_639' title='bbox 1290 5137 1327 5180; x_wconf 84' lang='lat' dir='ltr'>est</span> <span class='ocrx_word' id='word_1_640' title='bbox 1350 5127 1421 5181; x_wconf 78' lang='lat' dir='ltr'>coiis</span> <span class='ocrx_word' id='word_1_641' title='bbox 1438 5128 1574 5197; x_wconf 82' lang='lat' dir='ltr'>aanpninis</span> <span class='ocrx_word' id='word_1_642' title='bbox 1590 5128 1641 5182; x_wconf 78' lang='lat' dir='ltr'>nuri</span> <span class='ocrx_word' id='word_1_643' title='bbox 1663 5131 1722 5183; x_wconf 86' lang='lat' dir='ltr'>nori</span> <span class='ocrx_word' id='word_1_644' title='bbox 1745 5141 1770 5185; x_wconf 85' lang='grc' dir='ltr'>ει</span> 
     </span>
     <span class='ocr_line' id='line_1_53' title="bbox 134 5195 1769 5271; baseline 0.001 -19"><span class='ocrx_word' id='word_1_645' title='bbox 134 5198 231 5268; x_wconf 84' lang='lat' dir='ltr'>ptionis</span> <span class='ocrx_word' id='word_1_646' title='bbox 252 5199 285 5253; x_wconf 84' lang='lat' dir='ltr'>tie</span> <span class='ocrx_word' id='word_1_647' title='bbox 303 5198 392 5271; x_wconf 70' lang='lat' dir='ltr'>opicir&#39;s</span> <span class='ocrx_word' id='word_1_648' title='bbox 406 5198 502 5254; x_wconf 72' lang='lat' dir='ltr'>divinis</span> <span class='ocrx_word' id='word_1_649' title='bbox 517 5200 620 5270; x_wconf 81' lang='lat' dir='ltr'>incipit.</span> <span class='ocrx_word' id='word_1_650' title='bbox 641 5197 735 5268; x_wconf 86' lang='lat' dir='ltr'>ltaque</span> <span class='ocrx_word' id='word_1_651' title='bbox 769 5196 923 5251; x_wconf 73' lang='lat' dir='ltr'>uanndun</span> <span class='ocrx_word' id='word_1_652' title='bbox 975 5195 1066 5250; x_wconf 85' lang='lat' dir='ltr'>oeterni</span> <span class='ocrx_word' id='word_1_653' title='bbox 1077 5198 1234 5260; x_wconf 82' lang='lat' dir='ltr'>testamenti,</span> <span class='ocrx_word' id='word_1_654' title='bbox 1249 5203 1301 5250; x_wconf 88' lang='lat' dir='ltr'>ete.</span> <span class='ocrx_word' id='word_1_655' title='bbox 1327 5197 1439 5263; x_wconf 81' lang='lat' dir='ltr'>Quarta,</span> <span class='ocrx_word' id='word_1_656' title='bbox 1454 5200 1488 5253; x_wconf 89' lang='lat' dir='ltr'>ad</span> <span class='ocrx_word' id='word_1_657' title='bbox 1506 5198 1650 5253; x_wconf 87' lang='lat' dir='ltr'>liettonem</span> <span class='ocrx_word' id='word_1_658' title='bbox 1671 5215 1769 5254; x_wconf 85' lang='lat' dir='ltr'>mona-</span> 
     </span>
     <span class='ocr_line' id='line_1_54' title="bbox 133 5265 1770 5339; baseline -0.001 -16"><span class='ocrx_word' id='word_1_659' title='bbox 133 5269 183 5332; x_wconf 72' lang='grc' dir='ltr'><strong>εει,</strong></span> <span class='ocrx_word' id='word_1_660' title='bbox 208 5268 286 5339; x_wconf 81' lang='lat' dir='ltr'>cujus</span> <span class='ocrx_word' id='word_1_661' title='bbox 311 5270 467 5326; x_wconf 85' lang='lat' dir='ltr'>inonasteril</span> <span class='ocrx_word' id='word_1_662' title='bbox 493 5271 578 5325; x_wconf 79' lang='lat' dir='ltr'>abhas</span> <span class='ocrx_word' id='word_1_663' title='bbox 601 5269 692 5326; x_wconf 83' lang='lat' dir='ltr'>inerit.</span> <span class='ocrx_word' id='word_1_664' title='bbox 717 5267 759 5322; x_wconf 78' lang='lat' dir='ltr'>tlt</span> <span class='ocrx_word' id='word_1_665' title='bbox 781 5267 786 5279; x_wconf 90' lang='grc'><em>“</em></span> <span class='ocrx_word' id='word_1_666' title='bbox 811 5274 925 5321; x_wconf 82' lang='lat' dir='ltr'>uocatur</span> <span class='ocrx_word' id='word_1_667' title='bbox 975 5265 1068 5331; x_wconf 79' lang='lat' dir='ltr'>cltum,</span> <span class='ocrx_word' id='word_1_668' title='bbox 1082 5265 1179 5335; x_wconf 86' lang='lat' dir='ltr'>(illurn,</span> <span class='ocrx_word' id='word_1_669' title='bbox 1194 5267 1300 5336; x_wconf 90' lang='lat' dir='ltr'>opinor,</span> <span class='ocrx_word' id='word_1_670' title='bbox 1316 5268 1362 5337; x_wconf 84' lang='lat' dir='ltr'>qui</span> <span class='ocrx_word' id='word_1_671' title='bbox 1387 5268 1626 5324; x_wconf 87' lang='lat' dir='ltr'>Fuldensisabbas</span> <span class='ocrx_word' id='word_1_672' title='bbox 1644 5267 1770 5338; x_wconf 85' lang='lat' dir='ltr'>luitpost</span> 
     </span>
     <span class='ocr_line' id='line_1_55' title="bbox 132 5335 1772 5410; baseline 0.001 -17"><span class='ocrx_word' id='word_1_673' title='bbox 132 5340 352 5410; x_wconf 85' lang='lat' dir='ltr'>chorepiscopus.</span> <span class='ocrx_word' id='word_1_674' title='bbox 366 5340 462 5397; x_wconf 78' lang='lat' dir='ltr'>Exstat</span> <span class='ocrx_word' id='word_1_675' title='bbox 470 5341 542 5398; x_wconf 86' lang='lat' dir='ltr'>euim</span> <span class='ocrx_word' id='word_1_676' title='bbox 555 5341 583 5395; x_wconf 89' lang='lat' dir='ltr'>iu</span> <span class='ocrx_word' id='word_1_677' title='bbox 593 5339 755 5397; x_wconf 88' lang='lat' dir='ltr'>bibliotheca</span> <span class='ocrx_word' id='word_1_678' title='bbox 766 5336 923 5394; x_wconf 68' lang='lat' dir='ltr'>»nonasterii</span> <span class='ocrx_word' id='word_1_679' title='bbox 975 5335 1147 5402; x_wconf 80' lang='lat' dir='ltr'>liliabanum)</span> <span class='ocrx_word' id='word_1_680' title='bbox 1170 5336 1203 5390; x_wconf 83' lang='lat' dir='ltr'>tle</span> <span class='ocrx_word' id='word_1_681' title='bbox 1224 5337 1333 5392; x_wconf 84' lang='lat' dir='ltr'>tuotuirue</span> <span class='ocrx_word' id='word_1_682' title='bbox 1356 5337 1504 5408; x_wconf 80' lang='lat' dir='ltr'>Seraphim,</span> <span class='ocrx_word' id='word_1_683' title='bbox 1530 5340 1637 5407; x_wconf 67' lang='lat' dir='ltr'>(putando</span> <span class='ocrx_word' id='word_1_684' title='bbox 1650 5340 1685 5394; x_wconf 87' lang='lat' dir='ltr'>sit</span> <span class='ocrx_word' id='word_1_685' title='bbox 1707 5355 1772 5395; x_wconf 87' lang='lat' dir='ltr'>rreu-</span> 
     </span>
     <span class='ocr_line' id='line_1_56' title="bbox 134 5404 1770 5480; baseline 0.002 -19"><span class='ocrx_word' id='word_1_686' title='bbox 134 5405 341 5476; x_wconf 78' lang='lat' dir='ltr'>Eptcruaoensis</span> <span class='ocrx_word' id='word_1_687' title='bbox 355 5411 383 5464; x_wconf 91' lang='lat' dir='ltr'>in</span> <span class='ocrx_word' id='word_1_688' title='bbox 395 5411 500 5466; x_wconf 81' lang='lat' dir='ltr'>lineata</span> <span class='ocrx_word' id='word_1_689' title='bbox 523 5411 738 5480; x_wconf 76' lang='lat' dir='ltr'>Luxernburgieo</span> <span class='ocrx_word' id='word_1_690' title='bbox 749 5415 825 5463; x_wconf 83' lang='lat' dir='ltr'>retus</span> <span class='ocrx_word' id='word_1_691' title='bbox 837 5404 922 5463; x_wconf 83' lang='lat' dir='ltr'>codex</span> <span class='ocrx_word' id='word_1_692' title='bbox 975 5404 1042 5459; x_wconf 87' lang='lat' dir='ltr'>trius</span> <span class='ocrx_word' id='word_1_693' title='bbox 1055 5407 1170 5474; x_wconf 76' lang='lat' dir='ltr'>genueris,</span> <span class='ocrx_word' id='word_1_694' title='bbox 1193 5406 1301 5476; x_wconf 75' lang='lat' dir='ltr'>epulando</span> <span class='ocrx_word' id='word_1_695' title='bbox 1316 5409 1468 5462; x_wconf 85' lang='lat' dir='ltr'>masculini.</span> <span class='ocrx_word' id='word_1_696' title='bbox 1487 5409 1587 5476; x_wconf 75' lang='lat' dir='ltr'>Quinta</span> <span class='ocrx_word' id='word_1_697' title='bbox 1611 5409 1720 5464; x_wconf 84' lang='lat' dir='ltr'>dentum</span> <span class='ocrx_word' id='word_1_698' title='bbox 1735 5410 1770 5465; x_wconf 90' lang='lat' dir='ltr'>ad</span> 
     </span>
     <span class='ocr_line' id='line_1_57' title="bbox 133 5473 1770 5551; baseline 0.003 -21"><span class='ocrx_word' id='word_1_699' title='bbox 133 5493 184 5533; x_wconf 83' lang='lat' dir='ltr'>uns.</span> <span class='ocrx_word' id='word_1_700' title='bbox 208 5477 250 5533; x_wconf 82' lang='lat' dir='ltr'>tuis</span> <span class='ocrx_word' id='word_1_701' title='bbox 271 5481 407 5536; x_wconf 83' lang='lat' dir='ltr'>sexcentis</span> <span class='ocrx_word' id='word_1_702' title='bbox 424 5485 502 5538; x_wconf 85' lang='lat' dir='ltr'>annis</span> <span class='ocrx_word' id='word_1_703' title='bbox 526 5498 578 5537; x_wconf 89' lang='lat' dir='ltr'>non</span> <span class='ocrx_word' id='word_1_704' title='bbox 596 5483 721 5551; x_wconf 80' lang='lat' dir='ltr'>scriptus,</span> <span class='ocrx_word' id='word_1_705' title='bbox 737 5495 771 5534; x_wconf 84' lang='lat' dir='ltr'>ex</span> <span class='ocrx_word' id='word_1_706' title='bbox 794 5492 848 5549; x_wconf 84' lang='lat' dir='ltr'>quo</span> <span class='ocrx_word' id='word_1_707' title='bbox 870 5477 922 5531; x_wconf 83' lang='lat' dir='ltr'>ista</span> <span class='ocrx_word' id='word_1_708' title='bbox 973 5473 1159 5529; x_wconf 83' lang='lat' dir='ltr'>Guntarduru:</span> <span class='ocrx_word' id='word_1_709' title='bbox 1178 5477 1273 5531; x_wconf 88' lang='lat' dir='ltr'>Utrum</span> <span class='ocrx_word' id='word_1_710' title='bbox 1285 5494 1381 5548; x_wconf 87' lang='lat' dir='ltr'>spuere</span> <span class='ocrx_word' id='word_1_711' title='bbox 1396 5479 1476 5533; x_wconf 88' lang='lat' dir='ltr'>lieeat</span> <span class='ocrx_word' id='word_1_712' title='bbox 1487 5481 1558 5535; x_wconf 90' lang='lat' dir='ltr'>illico</span> <span class='ocrx_word' id='word_1_713' title='bbox 1570 5489 1630 5550; x_wconf 87' lang='lat' dir='ltr'>post</span> <span class='ocrx_word' id='word_1_714' title='bbox 1644 5495 1770 5535; x_wconf 86' lang='lat' dir='ltr'>consunt-</span> 
     </span>
     <span class='ocr_line' id='line_1_58' title="bbox 133 5546 1768 5673; baseline 0.002 -73"><span class='ocrx_word' id='word_1_715' title='bbox 133 5547 276 5618; x_wconf 83' lang='lat' dir='ltr'>descripsit</span> <span class='ocrx_word' id='word_1_716' title='bbox 287 5549 320 5605; x_wconf 91' lang='lat' dir='ltr'>li.</span> <span class='ocrx_word' id='word_1_717' title='bbox 333 5548 364 5604; x_wconf 91' lang='lat' dir='ltr'>P.</span> <span class='ocrx_word' id='word_1_718' title='bbox 386 5550 539 5609; x_wconf 75' lang='lat' dir='ltr'>Alexander</span> <span class='ocrx_word' id='word_1_719' title='bbox 556 5551 727 5608; x_wconf 84' lang='lat' dir='ltr'>Wiltitentius</span> <span class='ocrx_word' id='word_1_720' title='bbox 741 5564 756 5604; x_wconf 90' lang='lat' dir='ltr'>e</span> <span class='ocrx_word' id='word_1_721' title='bbox 769 5549 831 5603; x_wconf 81' lang='lat' dir='ltr'>Soc.</span> <span class='ocrx_word' id='word_1_722' title='bbox 847 5546 921 5610; x_wconf 85' lang='lat' dir='ltr'>lesu,</span> <span class='ocrx_word' id='word_1_723' title='bbox 973 5554 1048 5614; x_wconf 89' lang='lat' dir='ltr'>ptum</span> <span class='ocrx_word' id='word_1_724' title='bbox 1062 5547 1237 5602; x_wconf 89' lang='lat' dir='ltr'>saeriileium.</span> <span class='ocrx_word' id='word_1_725' title='bbox 1263 5548 1296 5602; x_wconf 80' lang='lat' dir='ltr'>Et</span> <span class='ocrx_word' id='word_1_726' title='bbox 1317 5551 1423 5673; x_wconf 65' lang='lat' dir='ltr'>priores</span> <span class='ocrx_word' id='word_1_727' title='bbox 1446 5549 1566 5619; x_wconf 86' lang='lat' dir='ltr'>quidem,</span> <span class='ocrx_word' id='word_1_728' title='bbox 1589 5551 1709 5620; x_wconf 85' lang='lat' dir='ltr'>itemque</span> <span class='ocrx_word' id='word_1_729' title='bbox 1724 5566 1768 5604; x_wconf 88' lang='lat' dir='ltr'>rc·</span> 
     </span>
    </p>
   </div>
   <div class='ocr_carea' id='block_1_13' title="bbox 134 5614 1772 5693">
    <p class='ocr_par' dir='ltr' id='par_1_18' title="bbox 134 5614 1772 5693">
     <span class='ocr_line' id='line_1_59' title="bbox 134 5614 1772 5693; baseline 0.001 -19"><span class='ocrx_word' id='word_1_730' title='bbox 134 5614 320 5690; x_wconf 75' lang='lat' dir='ltr'>Lutetiampue</span> <span class='ocrx_word' id='word_1_731' title='bbox 341 5620 414 5674; x_wconf 86' lang='lat' dir='ltr'>tuisit</span> <span class='ocrx_word' id='word_1_732' title='bbox 435 5623 468 5677; x_wconf 83' lang='lat' dir='ltr'>ad</span> <span class='ocrx_word' id='word_1_733' title='bbox 490 5624 522 5677; x_wconf 85' lang='lat' dir='ltr'>lt.</span> <span class='ocrx_word' id='word_1_734' title='bbox 544 5624 574 5679; x_wconf 86' lang='lat' dir='ltr'>P.</span> <span class='ocrx_word' id='word_1_735' title='bbox 599 5623 689 5693; x_wconf 82' lang='lat' dir='ltr'>Philip</span> <span class='ocrx_word' id='word_1_736' title='bbox 727 5637 753 5675; x_wconf 93' lang='lat' dir='ltr'>m</span> <span class='ocrx_word' id='word_1_737' title='bbox 772 5618 921 5681; x_wconf 78' lang='lat' dir='ltr'>labbeum,</span> <span class='ocrx_word' id='word_1_738' title='bbox 973 5614 1264 5687; x_wconf 79' lang='lat' dir='ltr'>sponsioneslerenriae</span> <span class='ocrx_word' id='word_1_739' title='bbox 1278 5626 1306 5673; x_wconf 88' lang='lat' dir='ltr'>et</span> <span class='ocrx_word' id='word_1_740' title='bbox 1333 5635 1401 5686; x_wconf 86' lang='lat' dir='ltr'>onte,</span> <span class='ocrx_word' id='word_1_741' title='bbox 1416 5629 1523 5675; x_wconf 83' lang='lat' dir='ltr'>exstant</span> <span class='ocrx_word' id='word_1_742' title='bbox 1540 5621 1622 5676; x_wconf 89' lang='lat' dir='ltr'>etiarn</span> <span class='ocrx_word' id='word_1_743' title='bbox 1636 5621 1772 5677; x_wconf 83' lang='lat' dir='ltr'>ineodioe</span> 
     </span>
    </p>
   </div>
   <div class='ocr_carea' id='block_1_14' title="bbox 132 5687 1771 5834">
    <p class='ocr_par' dir='ltr' id='par_1_19' title="bbox 132 5687 1771 5834">
     <span class='ocr_line' id='line_1_60' title="bbox 132 5687 1771 5834; baseline 0.002 -90"><span class='ocrx_word' id='word_1_744' title='bbox 132 5689 299 5760; x_wconf 75' lang='lat' dir='ltr'>quimorem</span> <span class='ocrx_word' id='word_1_745' title='bbox 321 5687 514 5834; x_wconf 51' lang='grc' dir='ltr'><strong>Ιιιὺειιιεεῶζε</strong></span> <span class='ocrx_word' id='word_1_746' title='bbox 526 5693 644 5749; x_wconf 87' lang='lat' dir='ltr'>arnlcltia</span> <span class='ocrx_word' id='word_1_747' title='bbox 668 5699 762 5748; x_wconf 88' lang='lat' dir='ltr'>nostra</span> <span class='ocrx_word' id='word_1_748' title='bbox 775 5687 923 5744; x_wconf 85' lang='lat' dir='ltr'>commuui-</span> <span class='ocrx_word' id='word_1_749' title='bbox 974 5687 1129 5742; x_wconf 83' lang='lat' dir='ltr'>rruonasterii</span> <span class='ocrx_word' id='word_1_750' title='bbox 1145 5688 1363 5757; x_wconf 81' lang='lat' dir='ltr'>Epternacensis,</span> <span class='ocrx_word' id='word_1_751' title='bbox 1379 5700 1406 5745; x_wconf 83' lang='lat' dir='ltr'>et</span> <span class='ocrx_word' id='word_1_752' title='bbox 1428 5691 1492 5747; x_wconf 81' lang='lat' dir='ltr'>inde</span> <span class='ocrx_word' id='word_1_753' title='bbox 1513 5707 1598 5762; x_wconf 83' lang='lat' dir='ltr'>pones</span> <span class='ocrx_word' id='word_1_754' title='bbox 1610 5691 1698 5747; x_wconf 83' lang='lat' dir='ltr'>viruur</span> <span class='ocrx_word' id='word_1_755' title='bbox 1714 5690 1771 5747; x_wconf 80' lang='lat' dir='ltr'>cla·</span> 
     </span>
     <span class='ocr_line' id='line_1_61' title="bbox 495 5780 511 5817; baseline 0 0"><span class='ocrx_word' id='word_1_756' title='bbox 495 5780 511 5817; x_wconf 88' lang='grc' dir='ltr'>ε</span> 
     </span>
    </p>
   </div>
   <div class='ocr_carea' id='block_1_15' title="bbox 513 5756 1446 5831">
    <p class='ocr_par' dir='ltr' id='par_1_20' title="bbox 513 5756 1446 5831">
     <span class='ocr_line' id='line_1_62' title="bbox 513 5756 1446 5831; baseline -0.001 -15"><span class='ocrx_word' id='word_1_757' title='bbox 513 5760 546 5818; x_wconf 83' lang='lat' dir='ltr'>iit</span> <span class='ocrx_word' id='word_1_758' title='bbox 564 5761 691 5819; x_wconf 72' lang='grc' dir='ltr'><strong>Αεεειεεὶί</strong></span> <span class='ocrx_word' id='word_1_759' title='bbox 711 5759 881 5831; x_wconf 83' lang='lat' dir='ltr'>corepiscopi,</span> <span class='ocrx_word' id='word_1_760' title='bbox 893 5758 921 5813; x_wconf 85' lang='lat' dir='ltr'>iti</span> <span class='ocrx_word' id='word_1_761' title='bbox 973 5756 1111 5816; x_wconf 77' lang='lat' dir='ltr'>tissimum</span> <span class='ocrx_word' id='word_1_762' title='bbox 1129 5757 1281 5831; x_wconf 82' lang='lat' dir='ltr'>Philippum</span> <span class='ocrx_word' id='word_1_763' title='bbox 1297 5759 1446 5817; x_wconf 75' lang='lat' dir='ltr'>labbeum.</span> 
     </span>
    </p>
   </div>
   <div class='ocr_carea' id='block_1_16' title="bbox 862 5869 874 5894">
    <p class='ocr_par' dir='ltr' id='par_1_21' title="bbox 862 5869 874 5894">
     <span class='ocr_line' id='line_1_63' title="bbox 862 5869 874 5894; baseline 0 0"><span class='ocrx_word' id='word_1_764' title='bbox 862 5869 874 5894; x_wconf 65' lang='grc' dir='ltr'><strong>Δ</strong></span> 
     </span>
    </p>
   </div>
   <div class='ocr_carea' id='block_1_17' title="bbox 133 5757 446 5830">
    <p class='ocr_par' dir='ltr' id='par_1_22' title="bbox 133 5757 446 5830">
     <span class='ocr_line' id='line_1_64' title="bbox 133 5757 446 5830; baseline 0 -13"><span class='ocrx_word' id='word_1_765' title='bbox 133 5759 214 5817; x_wconf 77' lang='lat' dir='ltr'>enuit.</span> <span class='ocrx_word' id='word_1_766' title='bbox 234 5757 329 5830; x_wconf 79' lang='lat' dir='ltr'>Incipit</span> <span class='ocrx_word' id='word_1_767' title='bbox 350 5758 446 5817; x_wconf 82' lang='lat' dir='ltr'>libero</span> 
     </span>
    </p>
   </div>
   <div class='ocr_carea' id='block_1_18' title="bbox 1147 5923 1162 5953">
    <p class='ocr_par' dir='ltr' id='par_1_23' title="bbox 1147 5923 1162 5953">
     <span class='ocr_line' id='line_1_65' title="bbox 1147 5923 1162 5953; baseline 0 0"><span class='ocrx_word' id='word_1_768' title='bbox 1147 5923 1162 5953; x_wconf 62' lang='grc'><strong>0</strong></span> 
     </span>
    </p>
   </div>
   <div class='ocr_carea' id='block_1_19' title="bbox 0 0 1920 6120">
    <p class='ocr_par' dir='ltr' id='par_1_24' title="bbox 0 0 1920 6120">
     <span class='ocr_line' id='line_1_66' title="bbox 0 0 1920 6120; baseline 0 7"><span class='ocrx_word' id='word_1_769' title='bbox 0 0 1920 6120; x_wconf 95' lang='lat' dir='ltr'> </span> 
     </span>
    </p>
   </div>
  </div>
 </body>
</html>
