3832 6120
135 250 184 308 stt
667 241 808 300 ‘centon
828 240 1061 300 tubbenessts
1078 239 1235 303 briscoet
1719 248 1773 305 8ῗὶ

136 363 290 436 winingen,
300 368 356 416 uta
371 358 467 413 mortis
478 356 561 411 ctiam
575 356 689 411 recitate
702 365 884 427 sejungerent.
896 354 925 411 Si
943 367 962 420 Α
977 356 1161 417 confirmatum
1183 367 1366 415 testmrrentrm
1386 376 1462 415 serm
1485 363 1582 433 spernit
1607 373 1658 419 nat
1678 379 1774 435 saper·

136 458 208 513 enirn
230 469 293 509 rem
313 451 357 505 illa
374 464 448 504 rnors
463 464 516 504 nou
537 457 606 509 crat,
630 446 732 501 nullum
754 446 928 502 maledictum
979 447 1094 503 ordinm.
1108 447 1175 504 Cum
1189 450 1261 504 enim
1276 458 1490 507 testatormutct
1501 461 1708 521 emanantem,
1721 471 1776 513 non

135 546 244 601 Christo
264 540 395 597 eruciiiso
414 539 543 610 pependit
557 538 585 593 in
605 536 679 609 ligno
695 556 703 592 ι
718 537 782 607 quia
799 551 850 593 nec
865 550 928 592 rore
978 538 1168 593 modernatum
1189 547 1285 594 mutat.
1306 540 1455 596 Testatmis
1474 543 1547 597 enirn
1567 552 1659 598 morte
1675 544 1778 601 mailr-

135 639 279 694 erueillrus
298 642 354 699 est,
377 636 425 689 sed
446 642 541 689 contra
562 633 642 704 longe
659 631 765 687 loturos
784 631 928 687 haereticos
978 637 1078 683 uratur.
1097 628 1174 697 Quod
1189 638 1279 684 autem
1297 645 1371 687 mors
1386 632 1525 688 testatoris
1540 632 1663 689 saletarl
1675 635 1779 691 contir-

134 745 216 800 quam
230 729 263 784 de
275 728 354 797 longe
368 725 470 780 clnnrnt
483 724 588 794 llnrses
603 741 610 777 ε
628 722 692 777 Sine
704 736 786 777 causa
800 722 929 792 tergiver-
978 720 1106 775 mondum
1120 729 1312 777 testamentum
1326 721 1396 790 eins,
1410 722 1474 793 quia
1487 724 1633 779 consilium
1641 724 1703 794 iam
1717 742 1777 783 ma-

134 820 243 883 smnini,
265 835 282 873 o
305 819 404 889 rpdbus
427 815 551 887 displlcet
574 815 676 869 verinis
698 814 794 869 mortis
814 812 928 881 Cbristi,
978 820 1036 866 tare
1051 828 1104 866 non
1124 819 1225 882 potest,
1245 811 1299 867 boe
1312 812 1572 869 incommutabilitas
1584 815 1779 885 promissionis

134 911 395 969 maledictusemnis
407 911 453 981 qni
467 909 595 980 pependit
607 909 632 962 in
648 908 729 977 ligno.
742 906 800 961 Nem
815 905 929 969 illesos
977 901 1025 957 Dei
1050 901 1122 957 ralct
1143 902 1178 956 ad
1200 901 1415 958 conlirmanclain
1437 903 1626 960 ltrereditatem
1645 904 1777 973 Abrabm,

134 1004 190 1069 ille,
205 1004 253 1059 sed
266 1002 356 1058 omnis
370 1001 491 1065 omnino,
507 999 590 1053 etiam
609 1007 639 1053 ct
659 997 744 1052 Filius
761 996 823 1057 bei,
844 994 928 1050 etiam
977 991 1055 1061 cuins
1066 992 1133 1049 sides
1147 992 1274 1064 deputata
1288 1002 1332 1049 cst
1343 993 1533 1064 adjustitiam.

134 1108 256 1166 prorsus.
271 1093 339 1148 biam
351 1094 403 1148 hoc
417 1101 469 1157 est,
487 1091 560 1161 quod
573 1107 626 1145 nun
645 1089 737 1155 sultis,
752 1089 814 1145 inle
828 1088 928 1159 satagi-
1011 1086 1125 1142 dbrulroe
1146 1086 1224 1141 dictor
1242 1095 1303 1141 sunt
1321 1088 1522 1158 promissiones,
1538 1097 1563 1143 st
1582 1088 1693 1144 semini.
1717 1088 1778 1147 lios

133 1185 180 1250 tis,
198 1184 260 1239 inde
279 1183 418 1238 seducitis.
440 1182 570 1251 Displicet
583 1181 657 1235 enirn
676 1180 754 1235 robis
768 1180 928 1235 maledictus
976 1179 1051 1245 dicit,
1067 1188 1091 1234 et
1104 1177 1259 1244 seminibus,
1272 1179 1349 1251 pansi
1363 1178 1391 1233 in
1404 1178 1506 1245 multis,
1520 1180 1566 1235 sed
1579 1180 1703 1252 quanin
1714 1197 1776 1246 εεε,

132 1290 183 1345 pro
199 1274 290 1340 nobis,
306 1273 372 1343 orris
394 1272 519 1343 displicet
540 1281 661 1327 mortuus
673 1285 724 1340 pro
738 1271 826 1328 nobis.
851 1270 927 1326 Τεεε
976 1270 1108 1325 uerenini
1123 1278 1179 1335 teo,
1192 1271 1237 1341 qui
1248 1279 1286 1325 cst
1300 1267 1431 1325 Christus.
1447 1270 1547 1325 Semen
1559 1270 1722 1338 Abraham,
1735 1273 1777 1329 oui

132 1365 204 1419 enim
217 1372 296 1418 extra
318 1362 494 1418 maledictum
506 1362 579 1417 illins
602 1362 706 1427 Adana,
727 1363 749 1417 si
764 1369 841 1417 extra
856 1361 928 1417 illius
976 1361 1057 1417 dicen
1071 1368 1134 1416 sunt
1148 1361 1356 1431 promissiones,
1374 1362 1514 1419 Christum
1532 1363 1603 1419 dicit
1618 1363 1775 1435 Apostolus,

133 1467 257 1513 moisem.
272 1456 339 1513 Corn
353 1470 418 1512 tero
428 1470 465 1512 ex
486 1455 596 1511 bomine
615 1464 643 1511 ct
661 1470 711 1526 pro
725 1454 835 1509 bomine
855 1468 928 1508 ntor·
976 1456 1029 1511 boc
1043 1464 1094 1522 est,
1109 1469 1204 1509 onincs
1216 1454 1386 1510 Christianos
1399 1454 1480 1511 iidem
1493 1454 1637 1512 imitantes
1649 1455 1776 1515 Ababa.

133 1558 186 1605 tero
200 1549 332 1620 suscepit,
342 1564 375 1604 cs
387 1548 435 1603 illo
447 1556 476 1603 et
488 1562 538 1617 pro
552 1546 598 1602 illo
619 1554 646 1601 ct
661 1546 845 1610 maledictum,
855 1545 928 1614 qatod
976 1544 1050 1612 Qtios
1061 1545 1095 1601 ad
1115 1545 1332 1615 singularitatum
1347 1545 1446 1617 redigit
1462 1547 1695 1615 commendando,
1709 1550 1776 1617 otroi

133 1649 247 1696 mortem
269 1640 424 1703 comitatur,
450 1638 589 1708 suscipere
609 1653 662 1691 non
685 1636 845 1707 dedignatus
866 1642 926 1700 est,
977 1637 1147 1692 nondictum
1165 1645 1205 1691 εει
1220 1644 1248 1692 ει
1262 1636 1421 1703 seminibus,
1438 1637 1486 1693 sed
1504 1638 1606 1695 semini
1629 1647 1691 1695 tuo.
1711 1639 1776 1709 Quis

132 1737 216 1791 ctiam
227 1735 271 1791 ille
282 1750 404 1805 prorsus,
410 1733 492 1789 etiarn
506 1733 550 1787 ille
560 1732 645 1787 iilius
658 1732 717 1793 liei,
727 1743 835 1799 semper
848 1730 927 1785 uiros
939 1707 963 1768 ll
976 1742 1032 1780 una
1045 1734 1088 1781 est
1111 1726 1188 1792 tides,
1211 1734 1239 1781 et
1259 1742 1313 1781 non
1328 1736 1442 1797 possunt
1454 1726 1536 1782 simul
1546 1724 1714 1796 justificari,
1734 1730 1776 1800 qui

133 1827 160 1882 in
176 1841 223 1881 sua
242 1824 359 1895 justitio,
375 1830 500 1878 ntomuus
522 1831 613 1876 mrtem
635 1828 747 1891 propter
767 1819 865 1875 delicta
877 1833 928 1873 no-
977 1816 1072 1871 rtrum
1092 1817 1274 1887 exoperibus
1293 1816 1451 1884 carnaliter,
1473 1832 1535 1873 cum
1554 1818 1601 1873 bis
1617 1820 1668 1889 qui
1687 1820 1778 1878 rirnnt

132 1928 200 1985 stro,
212 1922 240 1973 in
258 1929 341 1974 earne
353 1922 523 1985 susceptam
540 1926 621 1984 penna
634 1920 740 1977 nostra,
755 1926 788 1966 ac
810 1925 860 1981 per
875 1909 928 1967 hoe
977 1922 1011 1963 er
1026 1907 1079 1963 sule
1097 1907 1266 1976 spiritaliter.
1283 1907 1454 1964 vincibiliter
1471 1917 1563 1964 autern
1583 1910 1663 1980 quod
1681 1910 1777 1977 inisrt,

132 2013 252 2067 additum
266 2017 318 2076 est,
338 2008 438 2074 omnis,
456 2020 490 2060 εε
506 2003 631 2060 Christus
649 2002 684 2057 nd
704 2016 796 2057 veram
812 2008 926 2056 mortern
977 1997 1020 2054 lex
1034 2014 1087 2054 non
1101 2006 1165 2053 nata
1178 2007 1249 2063 erat,
1265 2013 1316 2053 nec
1325 2006 1419 2068 posset
1427 2007 1490 2069 post
1503 2008 1543 2055 tot
1555 2014 1648 2061 annos
1659 2000 1701 2057 ita
1710 2002 1776 2069 thri,

76 2098 79 2105 ’
133 2118 186 2158 εεε
201 2101 338 2172 pertinere
352 2098 498 2162 diceretur,
514 2095 537 2150 si
553 2111 568 2149 a
583 2093 737 2158 ntnledieto,
755 2091 828 2162 qrrod
845 2089 928 2147 morti
977 2098 1009 2145 ut
1026 2089 1154 2158 antiquas
1167 2087 1284 2143 Abrabae
1298 2088 1493 2159 promissiones
1507 2088 1734 2146 irritaslaocrct.
1748 2090 1777 2147 st

131 2193 305 2264 conjunctum
322 2199 378 2251 est,
398 2188 536 2258 insipienti
554 2185 759 2242 honorificentia
775 2191 926 2255 separetur.
978 2180 1050 2236 cuim
1062 2180 1104 2235 les
1116 2178 1261 2248 justificat,
1274 2197 1327 2236 uon
1338 2180 1555 2251 cstjustiiicotus
1565 2182 1723 2249 Abraham,
1733 2185 1777 2254 oui

131 2283 182 2349 out
199 2290 289 2337 nrtmm
303 2294 337 2335 ex
352 2278 470 2332 veritate
483 2275 640 2347 evangelica
655 2273 741 2329 lldclis
752 2281 811 2339 est,
826 2270 927 2328 intelli·
978 2270 1091 2327 multum
1107 2280 1171 2327 autc
1183 2270 1271 2342 legem
1285 2271 1347 2327 init.
1363 2272 1440 2340 Quod
1453 2273 1517 2344 quia
1531 2274 1627 2331 elicere
1641 2291 1699 2331 non
1715 2290 1777 2346 pos·

130 2373 169 2441 git
185 2371 241 2441 jan
258 2384 311 2424 non
324 2383 386 2423 esse
399 2366 591 2422 contumeliam
604 2362 705 2420 Christi
718 2378 753 2418 ex
768 2378 817 2419 ore
830 2361 927 2433 lloysi.
978 2370 1058 2426 suot,
1075 2370 1210 2431 eoguntur
1229 2361 1308 2416 lateri
1328 2377 1383 2417 non
1402 2361 1469 2432 legis
1481 2363 1613 2432 operibus
1630 2361 1777 2432 justillmri

130 2462 198 2516 Cum
213 2476 275 2516 eunt
288 2459 358 2515 dixit
377 2457 567 2522 maledictum,
587 2472 641 2511 non
661 2471 696 2512 es
710 2456 850 2511 diuinitate
870 2470 928 2511 ma·
978 2453 1128 2519 hominem,
1139 2454 1188 2509 sed
1201 2454 1263 2509 ddc.
1275 2452 1362 2510 Simul
1373 2455 1454 2511 ctiam
1465 2470 1515 2511 uos
1525 2456 1600 2526 mgis
1610 2455 1776 2527 intebmre,

128 2553 236 2624 jestntis
246 2568 311 2617 sine,
326 2552 374 2607 sed
388 2567 421 2607 cx
434 2549 590 2606 conditione
602 2562 690 2619 poenae
702 2557 814 2612 nostre,
828 2561 862 2603 ex
873 2561 928 2615 quo
977 2561 1073 2601 ontncs
1086 2546 1215 2616 antiquos
1226 2556 1337 2615 patros,
1351 2548 1397 2617 qui
1408 2547 1551 2618 justificati
1567 2555 1652 2614 sunt,
1667 2563 1704 2604 es
1719 2548 1777 2617 ipss

131 2649 158 2702 in
172 2648 245 2717 liguo
258 2658 406 2716 suspensus
415 2650 470 2698 est.
483 2640 574 2708 Quare
588 2647 696 2695 nonest
709 2636 880 2693 laustristi
893 2648 928 2690 ex
979 2638 1031 2692 lide
1048 2632 1223 2704 iustificatos.
1247 2637 1324 2705 Quod
1343 2638 1417 2695 enim
1431 2654 1482 2694 nos
1495 2654 1529 2694 es
1549 2646 1631 2710 parte
1650 2640 1775 2711 prseteri-

130 2750 179 2792 ore
202 2735 432 2800 blanicbnorum,
455 2748 518 2788 enm
537 2746 600 2786 cunr
623 2736 723 2800 negant
741 2743 854 2783 carnem
878 2728 928 2783 ba·
979 2738 1047 2791 turn,
1062 2725 1155 2793 idest,
1168 2729 1443 2798 primumaducntum
1456 2729 1630 2793 hominnm
1643 2729 1775 2801 parteis-

130 2826 221 2882 buisse
237 2823 394 2889 mortalem,
411 2824 438 2878 in
457 2836 511 2893 qua
531 2832 625 2875 verant
643 2827 760 2875 mortem
778 2825 926 2888 pateretur.
979 2829 1081 2883 tururn,
1093 2818 1181 2883 idest,
1194 2818 1342 2874 secundum
1353 2820 1499 2875 aduentum
1509 2820 1778 2888 honrtntmmtcnds

130 2915 198 2982 Quia
220 2928 252 2970 ex
274 2914 321 2969 illo
343 2912 502 2984 prophetico
526 2908 671 2966 maledicto
689 2908 749 2964 laus
769 2907 929 2980 intelligitur
978 2909 1046 2966 sslti
1062 2908 1222 2977 eiliciemur,
1247 2911 1300 2965 boc
1312 2918 1400 2965 totoni
1415 2910 1480 2966 illud
1495 2917 1549 2976 est,
1565 2913 1777 2982 utrumquem-

131 3003 313 3060 humilitatis:
331 3017 365 3058 ox
388 3001 441 3056 isto
456 2999 585 3056 haeretico
606 2998 684 3069 epitasi
705 2998 809 3053 bonore
823 2997 927 3053 crimen
977 3008 1090 3056 rentum
1114 2998 1235 3054 iuturnm
1259 2999 1407 3056 eredebant
1432 2999 1570 3057 revelante
1594 3002 1652 3057 sibi
1677 3002 1778 3074 Spiritu

130 3091 257 3162 objicitur
272 3091 406 3148 falsitatis.
429 3090 459 3147 Si
470 3105 536 3162 ergo
548 3105 631 3161 negas
642 3089 828 3154 maledictum,
844 3104 927 3161 negas
940 3070 963 3133 C
978 3097 1084 3155 saneto,
1098 3096 1128 3144 ει
1138 3087 1206 3145 salci
1218 3088 1325 3143 herem.
1342 3087 1418 3145 Unde
1430 3098 1473 3144 est
1485 3090 1568 3145 etiarn
1583 3090 1676 3147 illud:
1694 3092 1777 3147 dirs-

129 3194 159 3240 et
178 3193 325 3238 mortuum.
350 3183 379 3237 st
403 3197 487 3252 negas
510 3190 657 3246 mortuum,
677 3196 731 3237 εεε
752 3179 809 3250 iarn
830 3189 926 3237 contra
978 3183 1040 3236 bam
1052 3180 1200 3251 concuspicit
1213 3179 1283 3233 rlinn
1296 3195 1382 3234 meum
1395 3179 1495 3246 cidere,
1508 3189 1532 3236 ct
1544 3180 1622 3247 uidit,
1636 3192 1663 3237 et
1676 3183 1778 3253 pennas

132 3273 259 3346 tloysen,
281 3273 329 3328 sod
352 3280 448 3328 contra
472 3272 609 3341 apostolos
631 3270 755 3326 dimicas.
783 3269 814 3326 Si
837 3278 928 3327 εειεει
977 3279 1016 3325 ess
1030 3268 1121 3338 (loon.
1137 3269 1208 3341 rur).

131 3364 271 3421 corrdteris
298 3372 456 3427 mortuum,
482 3360 615 3417 conlitere
639 3360 793 3432 suscepisse
818 3374 928 3431 poenam
1015 3360 1073 3415 lloe
1087 3370 1176 3415 eutem
1188 3362 1249 3415 dieo
1265 3369 1451 3415 testamentum
1470 3362 1664 3432 confimmtssn
1683 3364 1773 3429 sliss,

132 3455 237 3526 peceati
250 3453 336 3508 nostri
349 3452 532 3522 sinepeceato
548 3457 653 3505 nostro.
666 3446 727 3503 tan
741 3462 806 3503 tero
820 3450 927 3505 ultinu-
978 3470 1037 3525 εεε
1060 3462 1117 3524 post
1140 3453 1344 3524 quadrinpentos
1362 3461 1387 3507 st
1409 3454 1517 3523 tripinto
1540 3471 1630 3509 rennos
1652 3455 1725 3524 {sets
1740 3464 1774 3511 ss

132 3547 174 3601 dis
194 3559 304 3617 pennam
324 3543 440 3615 peccasti,
460 3548 508 3596 ant
524 3554 558 3594 cx
578 3538 767 3595 benedictione
784 3538 865 3595 crede
882 3553 930 3595 ro·
978 3544 1030 3609 lnr,
1047 3561 1100 3599 non
1113 3544 1219 3598 irritum
1233 3543 1307 3613 ient,
1321 3544 1357 3597 nri
1369 3543 1552 3599 evacuandam
1564 3546 1772 3616 promissiones.

132 3639 269 3702 trientem,
289 3644 337 3691 sut
354 3650 388 3691 ex
410 3632 611 3689 maledictione.
637 3630 668 3688 st
686 3646 721 3687 ex
739 3630 929 3687 benedictione
978 3635 1099 3692 Primum
1122 3645 1235 3707 propter
1253 3636 1397 3705 imperitos
1417 3635 1491 3706 ipsos
1511 3651 1604 3693 snnoc
1626 3638 1772 3694 rninnsstin

131 3728 207 3783 venii
229 3741 309 3799 poena
333 3725 459 3796 {remiis
480 3735 545 3794 ΟΜ
573 3737 635 3779 0⁵⁸0
660 3736 769 3793 “milis
794 3722 824 3777 5¹¹
847 3737 928 3792 νῶι·
978 3739 1061 3800 atone
1081 3730 1219 3786 subtiliter
1236 3729 1425 3785 discutiamus.
1450 3730 1485 3784 Et
1507 3739 1572 3800 post
1591 3731 1663 3802 quid
1684 3731 1773 3787 esis&

133 3819 245 3890 Ρθΰθθῑῑ·
272 3816 302 3873 Si
323 3824 413 3871 amem
435 3823 515 3885 θΡῑ·8
539 3813 602 3868 inde
624 3812 752 3877 “hemis
776 3812 858 3868 erede
879 3827 929 3882 W
978 3822 1150 3880 sentiendum
1165 3823 1217 3887 sit,
1239 3837 1415 3893 exponentes.
1433 3821 1520 3894 igitur
1539 3823 1701 3890 nbnnsn,
1717 3836 1771 3879 ει

133 3910 231 3965 dirinrc
246 3907 388 3964 εεειεειίε
401 3905 536 3975 justitiam
550 3919 585 3960 ex
602 3903 794 3959 maledictione
810 3903 927 3959 senisse.
978 3912 1148 3983 septuaginta
1160 3912 1280 3980 quinque
1294 3919 1368 3966 esset
1381 3926 1526 3978 annorum,
1538 3912 1669 3970 ditinum
1679 3912 1771 3985 acecpit

132 3999 269 4055 Confitere
292 4013 358 4068 erro
384 3995 557 4052 crabbeum
581 3994 734 4064 suscepisse
758 4009 809 4064 nro
831 3994 927 4058 bonis.
978 4002 1129 4067 oracutum,
1150 4009 1181 4057 ut
1204 4002 1381 4071 egereretur
1402 4002 1437 4057 ee
1456 4010 1529 4058 tem
1553 4018 1606 4059 rm
1625 4022 1633 4059 ε
1655 4005 1702 4076 qu
1719 4010 1772 4075 με

132 4104 213 4161 qoem
226 4088 366 4146 menteris
383 4096 521 4142 mortrnrm
538 4101 600 4142 csse
618 4086 770 4156 pronubis.
787 4085 843 4143 Nec
855 4087 930 4144 aliud
978 4097 1074 4168 viginti
1091 4094 1213 4166 quinque
1233 4092 1314 4149 annis
1328 4091 1421 4163 genuit
1436 4091 1524 4157 lsaae,
1545 4092 1595 4163 qui
1612 4102 1677 4150 erat
1693 4106 1771 4149 sss·

132 4178 288 4253 signidem
308 4178 428 4234 soluisse
451 4178 575 4248 lloysen,
598 4194 660 4233 cnm
681 4178 785 4235 diecret
810 4197 817 4232 :
845 4178 929 4234 lisle-
978 4187 1110 4243 ritaesuae
1122 4184 1297 4241 centesimus.
1313 4182 1365 4250 Qui
1378 4183 1453 4238 lsssc
1467 4185 1772 4242 annos-ienuam

133 4272 220 4327 dictes
244 4271 348 4336 omnis,
373 4271 419 4342 qui
441 4271 470 4324 in
492 4269 563 4340 lipno
583 4271 752 4342 pependerit,
779 4271 831 4326 nisi
858 4286 931 4327 ntor·
979 4275 1083 4348 gesimo
1103 4274 1196 4345 renuis
1209 4272 1303 4337 iacob,
1315 4280 1344 4327 et
1358 4272 1440 4328 Esarn
1457 4271 1490 4327 lli
1504 4282 1569 4328 sunt
1581 4276 1652 4331 anni
1664 4291 1680 4330 a
1692 4276 1770 4346 prim

134 4364 198 4419 tulis
220 4363 320 4427 omnis,
343 4371 373 4418 ει
396 4362 515 4417 moriens
535 4362 644 4428 omnis,
666 4363 713 4433 qui
735 4363 763 4418 in
787 4362 859 4435 ligno
881 4380 929 4435 εε-
978 4368 1095 4425 Abrahae
1105 4367 1287 4438 promissione
1297 4366 1435 4436 octoginta
1450 4366 1581 4437 quinque.
1598 4366 1769 4440 ὓεείειειι·

133 4454 268 4526 penderit.
296 4453 405 4509 Poterat
429 4453 502 4508 errirn
527 4452 639 4518 dicere,
663 4454 823 4510 maledictus
837 4457 928 4512 omnis
978 4458 1186 4516 eobannoritae
1198 4473 1255 4514 siin
1268 4457 1443 4528 nonogesimo
1454 4458 1546 4528 primo
1559 4460 1769 4530 gennitlosrplt

133 4547 179 4619 qni
202 4545 336 4612 mortalis,
359 4553 407 4600 aut
430 4544 589 4600 maledictus
608 4545 699 4600 omnis
718 4547 849 4602 moriens.
871 4546 926 4604 Sed
979 4558 1093 4607 manno
1106 4550 1169 4606 ritae
1187 4564 1243 4605 sun
1256 4549 1406 4605 centesimo
1425 4548 1575 4614 tricesimo,
1588 4552 1640 4621 qui
1651 4559 1712 4609 erut
1726 4566 1770 4605 ss·

134 4636 187 4691 boe
200 4643 243 4690 εει
256 4635 328 4705 quod
343 4635 441 4690 asserit
457 4635 608 4704 prophetia.
627 4635 694 4702 Quia
708 4637 811 4692 sciebat
825 4637 927 4695 Christi
978 4656 1032 4696 nus
1053 4641 1116 4695 rite
1139 4640 1241 4711 loseph
1267 4641 1422 4697 tricesimus
1449 4656 1555 4705 nonus,
1582 4643 1726 4699 (ιαεεειιίι
1745 4642 1770 4695 ia

134 4736 251 4782 mortem
274 4726 302 4780 in
321 4740 403 4781 eruce
422 4739 578 4795 pensuram,
599 4733 628 4779 et
648 4726 754 4780 inituros
774 4728 925 4795 haereticos,
980 4731 1137 4803 AEgyptum.
1149 4731 1182 4787 lli
1194 4732 1457 4802 suntanniaprlmu
1467 4733 1654 4802 promissione
1664 4732 1772 4789 Abrshs

134 4819 180 4890 qni
197 4818 338 4873 dicerent:
355 4816 485 4887 Pepcndit
502 4815 611 4885 quidem
631 4817 657 4871 in
673 4816 756 4888 ligno,
772 4820 819 4872 sel
836 4821 927 4890 specie
979 4822 1089 4876 ‹ltrocnti
1117 4821 1283 4891 quindecim.
1315 4821 1526 4891 llansernntrpue
1555 4822 1605 4878 nbt
1637 4824 1720 4881 lsrael
1746 4822 1771 4877 is

134 4909 263 4979 qrrnrlnnt,
274 4923 327 4962 non
339 4915 369 4961 ει
377 4922 440 4962 rere
453 4914 615 4962 moreretur.
628 4905 777 4963 Clam-ando
790 4923 856 4981 engo
870 4925 927 4965 nta-
979 4910 1108 4982 AEgypto,
1124 4920 1186 4981 post
1199 4912 1341 4967 introitum
1353 4909 1445 4975 incoli,
1460 4912 1542 4969 seritis
1554 4914 1684 4971 ducenos
1699 4913 1771 4985 osis·

135 5000 260 5065 ledietus,
283 4999 350 5054 nibil
370 4999 442 5055 aliud
461 4999 600 5065 clamarit,
622 5000 675 5055 nisi
691 5001 755 5071 quia
770 5016 833 5056 rere
854 5017 928 5058 mor·
980 5001 1077 5055 decinn
1106 5000 1171 5056 Post
1196 5010 1312 5056 nmrtenr
1336 5016 1402 5057 rero
1426 5000 1527 5072 ioseph
1553 5018 1645 5061 notros
1669 5015 1772 5061 mutu

135 5102 207 5158 tuus,
222 5092 313 5147 sciens
327 5101 441 5146 mortens
456 5091 575 5147 hominis
592 5094 753 5163 precentoris,
766 5108 849 5164 qnmn
868 5095 927 5151 sine
978 5091 1158 5162 quadraginta
1176 5103 1303 5161 quinione.
1319 5092 1393 5147 inter
1408 5102 1525 5149 ritortem
1540 5091 1645 5165 loseph
1662 5104 1691 5153 et
1709 5092 1772 5150 εειι-

134 5190 246 5254 peceato
267 5182 325 5254 ipse
342 5182 472 5254 suscepit,
488 5183 523 5238 tle
538 5182 584 5239 illo
599 5183 743 5240 maledicto
761 5185 925 5250 venientem,
980 5181 1092 5236 ritatem
1115 5181 1200 5253 Moysi
1221 5183 1332 5237 tnernnt
1353 5184 1417 5239 anisi
1438 5184 1593 5254 sexaginta,
1617 5186 1682 5257 spoia
1703 5192 1772 5241 soto·

133 5288 189 5346 quo
200 5273 301 5330 dictum
315 5283 358 5330 est
374 5293 381 5329 ε
397 5273 427 5329 Si
439 5274 584 5345 reciperitis,
600 5283 684 5330 morte
695 5275 854 5329 moriemini.
980 5272 1054 5341 ginta
1078 5288 1211 5327 annorum
1234 5283 1296 5328 cras
1320 5273 1443 5343 bloyses,
1466 5274 1577 5345 quando
1601 5276 1728 5346 apparuit
1747 5271 1772 5327 si

170 5361 205 5417 Ut
220 5363 385 5434 adoptionem
406 5365 514 5435 spiritns
535 5366 696 5435 accipiamus
717 5381 764 5436 per
783 5366 873 5435 iidem.
897 5366 927 5422 ld
980 5360 1270 5423 hottmannessum
1287 5360 1322 5416 ad
1336 5361 1517 5419 Pharaonem.
1533 5364 1562 5419 Si
1580 5366 1648 5435 quis
1666 5366 1717 5422 ists
1727 5364 1772 5419 ds·

133 5461 186 5514 est,
199 5462 230 5508 ut
243 5455 314 5524 quod
330 5470 382 5510 non
398 5456 510 5512 timetur
525 5456 551 5510 in
566 5472 658 5520 earne,
675 5457 722 5512 sed
736 5458 809 5527 quod
828 5457 926 5528 spiritu
979 5456 1063 5521 bitat,
1079 5454 1122 5509 rel
1135 5455 1287 5511 calculandi
1311 5465 1340 5512 ει
1364 5457 1516 5515 inveniendi
1538 5474 1678 5515 mntmsm
1692 5474 1773 5515 ssoo·

136 5542 265 5611 diligitur.
281 5545 425 5599 eroelituris
439 5547 626 5601 annuntietur.
979 5562 1039 5602 runs
1059 5547 1212 5603 nonhabet
1224 5549 1378 5615 scientiam,
1404 5559 1496 5606 sumat
1512 5566 1603 5608 snuos
1615 5554 1653 5609 ab
1664 5550 1772 5608 iutrsits

173 5629 291 5698 Fratres,
307 5636 449 5687 secundem
468 5635 599 5689 honinem
618 5637 687 5701 dieo,
707 5646 793 5693 tomen
813 5635 925 5691 bominis
978 5636 1062 5693 lamb
1082 5639 1109 5692 in
1133 5636 1295 5708 AEpuptum,
1316 5649 1344 5695 ct
1364 5640 1484 5697 inveniet
1500 5656 1589 5713 usque
1603 5644 1640 5700 sd
1660 5650 1771 5699 metr!
