3832 6120
136 266 192 323 tta
618 270 646 324 S.
668 265 842 323 ussoutttnt
861 263 1017 322 uniscunt
1035 264 1277 324 Ludouuunsts
1319 260 1325 269 ’
1718 274 1770 332 12⁰

135 381 195 452 elus
208 396 290 452 quem
305 382 348 438 illa
364 381 557 447 concitauerat,
569 396 728 438 concessum
741 392 783 438 est
792 382 818 438 ei
832 388 862 435 ut
874 379 924 434 flttt
937 379 963 440 A
974 377 1031 448 puli
1048 396 1056 432 t
1075 379 1110 435 de
1122 393 1177 450 quo
1192 381 1303 450 quidam
1329 394 1376 436 rex
1404 381 1538 452 superbus
1563 392 1591 439 et
1612 365 1774 445 barmiliatus

134 473 195 543 ejus
206 484 292 542 usqne
305 471 340 525 ad
351 479 475 540 quartam
486 472 688 542 generationem
699 481 851 543 regnarent.
863 470 928 526 Post
979 472 1125 529 cantitetur
1134 481 1244 529 coactus
1258 473 1352 529 dicens
1369 492 1375 526 :
1395 471 1530 529 ditissimo
1543 475 1681 541 benedixi,
1692 486 1718 532 et
1731 481 1772 536 ni-

135 579 199 620 ente
212 564 307 619 beatus
323 577 431 632 quoque
449 561 544 617 ioiada
557 571 585 617 et
607 571 718 619 sauctus
734 562 864 634 pontifex,
880 562 926 632 qui
978 573 1078 620 ueruem
1101 565 1129 618 ia
1147 566 1331 635 sempiternum
1354 563 1471 630 laudari,
1486 574 1510 619 et
1524 564 1671 636 glorificari
1687 571 1776 640 :atria

135 653 272 709 Athaliam
294 652 484 722 impiissimam
503 653 619 710 interlici
640 653 733 723 jussit,
757 662 785 709 et
810 651 874 710 inas
900 655 926 708 in
978 658 1286 728 potestasejucpoteatur
1303 658 1471 728 sempiterna,
1487 667 1510 712 et
1530 674 1637 729 regnam
1661 661 1721 732 eim
1744 663 1775 719 ia

136 743 205 800 solio
216 744 301 814 patris
315 744 467 810 collocavit,
484 753 511 800 et
525 746 694 802 Hierusalem
717 762 732 801 a
753 747 878 802 sordibus
901 758 927 802 et
979 752 1172 821 permotionem
1186 761 1209 804 et
1229 751 1431 819 generationem.
1450 749 1484 804 Et
1502 766 1590 805 omnes
1611 751 1774 810 habitatores

136 835 317 890 tantrmnditiis
331 837 469 907 purgauit,
484 837 531 892 tali
543 852 605 893 enm
622 837 702 893 laude
724 847 840 893 exornat
852 837 929 893 Scri·
979 828 1056 894 terra
1071 838 1141 909 apud
1157 840 1256 892 eumin
1272 838 1381 892 nibilum
1397 839 1509 909 reputati
1520 848 1604 893 cunt:
1626 838 1708 910 jueta
1734 859 1776 896 co·

134 939 216 1000 ptura
229 931 330 997 divina,
343 932 437 986 dicens
461 950 469 986 ι
495 931 588 988 Sonuit
610 943 699 988 omem
724 933 823 989 Jor'adu
835 934 928 1005 plenae
979 933 1106 987 luntutem
1123 933 1192 985 enim
1202 948 1278 985 auam
1291 931 1419 1000 faciteam
1430 932 1458 985 in
1469 931 1606 985 uirtutibus
1617 931 1773 1005 caligarunt

135 1021 248 1087 dierum,
261 1031 285 1076 et
298 1032 418 1078 mortuus
430 1033 469 1079 eat
482 1041 542 1079 cunr
556 1036 660 1081 centum
674 1028 782 1097 tripinta
800 1039 867 1082 erret
881 1046 929 1082 an·
979 1022 1210 1077 inhabitatoribus
1226 1030 1314 1086 terra,
1330 1029 1353 1076 et
1367 1036 1419 1074 non
1430 1029 1467 1074 est
1479 1021 1524 1091 qni
1552 1022 1654 1076 resistat
1680 1016 1773 1077 manni

136 1130 248 1176 aarum:
265 1115 470 1186 sepelieruntque
482 1131 541 1170 eum
556 1117 584 1170 in
599 1117 704 1171 ciuitate
717 1116 801 1171 Dauid
814 1134 873 1172 cam
889 1135 929 1173 re·
978 1115 1047 1184 ejus,
1058 1124 1083 1167 et
1096 1113 1166 1167 dicat
1177 1113 1222 1166 ei:
1237 1110 1325 1177 Quare
1338 1111 1486 1180 iecistiilit
1498 1120 1654 1183 postpauca
1668 1127 1675 1168 t
1695 1113 1782 1168 illunc¹

136 1204 277 1275 gibuc,eo
296 1205 593 1276 quodsecietetbonum
619 1225 678 1263 cum
700 1207 795 1272 lsrael,
819 1218 843 1263 et
870 1227 929 1265 cam
979 1207 1061 1277 igitur
1081 1222 1127 1275 ego
1156 1204 1402 1258 Nabuchodonosor
1422 1202 1519 1268 lando,
1536 1212 1561 1259 et
1579 1205 1774 1276 magnifico,et

136 1294 214 1350 domo
226 1296 294 1366 ejus·
316 1295 386 1352 Ecce
400 1297 452 1352 iste
465 1297 525 1367 pius
542 1301 721 1364 sucaranae
737 1301 876 1370 temporali
903 1311 931 1357 et
979 1297 1097 1369 glorifico
1110 1312 1192 1365 regem
1208 1295 1286 1348 corii:
1303 1296 1365 1365 prtia
1389 1296 1476 1348 onrrria
1492 1312 1571 1365 opera
1591 1296 1649 1365 ciue
1662 1312 1734 1362 uera,
1748 1308 1773 1351 et

137 1395 240 1443 aeterna
262 1388 442 1443 retributione
458 1399 646 1446 remuneratus
660 1399 719 1457 est;
744 1391 812 1447 iuba
838 1401 930 1453 autern
978 1390 1028 1444 ein
1045 1388 1102 1459 ejus
1112 1387 1226 1456 judicia,
1238 1395 1262 1440 et
1273 1387 1422 1452 erudientes
1433 1387 1460 1441 in
1474 1387 1596 1455 superbia
1620 1397 1704 1458 potest
1720 1395 1773 1444 ba-

140 1485 244 1532 tantnm
259 1479 413 1549 temporali.
979 1478 1092 1533 mitiore.
1651 1488 1664 1498 ”

172 1568 229 1623 lili.
255 1567 401 1624 Videamus
427 1585 535 1640 quoque
557 1570 622 1640 quid
641 1570 756 1627 Samson
775 1573 928 1643 contigerit,
1016 1570 1083 1626 lllll.
1099 1569 1192 1638 Neque
1213 1567 1267 1623 ullo
1292 1568 1372 1623 modo
1393 1569 1452 1623 haec
1472 1567 1575 1623 idcirco
1599 1567 1726 1635 dicimus,
1743 1578 1774 1625 ut

137 1674 218 1727 quom
233 1657 380 1729 Apostolus
394 1660 421 1714 in
434 1660 556 1732 catalogo
572 1662 691 1717 virorum
703 1661 839 1731 justornm
861 1679 929 1718 enn—
981 1666 1109 1721 domnum
1126 1664 1261 1733 quondam
1276 1672 1399 1717 nastmm
1416 1663 1608 1732 imperatorem
1632 1663 1722 1733 impiis
1744 1670 1774 1717 et

139 1758 237 1822 tremat.
261 1751 369 1804 Amavit
393 1751 485 1820 itaque
505 1753 644 1808 mulierem
665 1769 718 1807 non
734 1763 868 1808 amantem
882 1768 928 1820 se;
943 1722 967 1780 B
983 1756 1136 1812 inlldelibus
1148 1755 1258 1824 renibus
1273 1768 1470 1823 comparemus.
1495 1752 1549 1808 Sed
1560 1755 1623 1823 quiin
1647 1753 1776 1824 permisit

139 1857 202 1912 attur
216 1841 278 1912 plus
299 1842 497 1912 obtemperarit
518 1843 636 1897 inimicis
659 1843 728 1913 rjus,
743 1858 825 1912 qnam
842 1843 931 1897 amico
981 1863 1010 1904 se
1025 1863 1040 1901 a
1056 1846 1169 1901 muliere
1192 1845 1285 1914 iniqua
1310 1843 1534 1914 decipi,contigit
1547 1841 1584 1897 illi
1606 1841 1677 1912 qnod
1702 1841 1773 1897 scri-

142 1933 243 1987 amanti
259 1947 298 1987 se.
315 1932 348 1987 Et
370 1934 433 2003 quia
457 1933 501 1988 ille
525 1935 567 1987 tir
583 1933 674 2002 justus
695 1936 810 1989 credidit
823 1935 930 1990 mulieri
980 1943 1105 2008 ptumest
1118 1954 1124 1988 :
1138 1933 1190 2001 Qut
1201 1932 1455 1988 conturbationum
1469 1930 1776 2003 ruampascidcbitocn

139 2021 250 2088 infideli,
266 2023 326 2077 ideo
337 2032 366 2077 et
379 2022 469 2078 lumen
485 2022 624 2078 oculorum
640 2025 741 2089 amisit,
756 2033 783 2079 et
802 2026 929 2079 ducatum
980 2038 1029 2082 tor.
1044 2026 1098 2080 Per
1108 2040 1187 2094 quam
1203 2023 1449 2087 conturbationem,
1464 2029 1491 2076 et
1506 2030 1648 2077 ventorum
1665 2020 1774 2092 posses·

137 2115 294 2170 israeliticae
307 2117 396 2184 gentis
410 2116 538 2185 perdidit.
553 2115 601 2171 Cui
617 2116 680 2171 licet
693 2125 784 2186 postea
804 2117 928 2171 restituta
980 2117 1093 2179 sionem,
1104 2120 1259 2184 perpetrata
1282 2120 1345 2166 stunt
1368 2110 1574 2166 innumerabilia
1595 2108 1732 2180 perjuria,
1746 2119 1775 2165 et

138 2205 174 2259 sit
187 2205 275 2259 virtus
289 2205 414 2274 pristina,
430 2213 458 2259 et
481 2205 687 2275 ignominiosam
708 2207 791 2260 vitam
812 2205 929 2276 glottosa
980 2208 1192 2277 depredationes
1206 2205 1355 2267 immense,
1373 2218 1434 2257 cum
1448 2202 1610 2266 homicidiis,
1632 2201 1775 2257 adulteriis

139 2293 357 2360 mercennaria
370 2303 472 2348 aeterna
483 2295 591 2363 quidem
603 2295 657 2349 uita
668 2311 721 2351 non
733 2295 831 2360 caruit,
841 2303 930 2350 tanuen
980 2309 1007 2355 et
1019 2299 1131 2354 incestis
1148 2316 1154 2351 :
1170 2312 1219 2367 pro
1239 2296 1338 2366 quibus
1350 2295 1475 2351 omnibus
1493 2293 1661 2364 poenitentiis
1674 2308 1774 2348 neces.

138 2383 265 2438 ducatum
280 2383 425 2452 pristinum
440 2400 494 2439 non
508 2387 687 2454 recuperavit.
704 2387 749 2442 Sic
761 2402 826 2459 ergo
840 2389 931 2458 digne-
980 2392 1081 2448 sarium
1103 2399 1145 2444 est
1159 2388 1363 2460 religiosissimo
1387 2387 1524 2455 quondam
1553 2385 1775 2455 imperatori,·m

138 2481 204 2529 tur·
220 2473 336 2529 domnus
356 2475 456 2529 dudum
479 2476 626 2547 imperator
645 2478 688 2548 pie
710 2479 888 2549 perpendere,
900 2487 932 2533 ut
979 2483 1073 2538 redeat
1084 2482 1118 2535 ad
1130 2477 1603 2548 corsuurn,agatqncpoenitentiam‚
1615 2476 1773 2531 humiliatus

136 2569 250 2624 caeleste
273 2577 301 2623 ct
329 2570 523 2639 sempiternum
547 2586 660 2641 regnum
675 2587 728 2625 nou
744 2571 839 2641 perdat
860 2591 865 2625 z
883 2572 929 2641 qni
979 2573 1030 2628 sub
1051 2572 1155 2642 potenti
1179 2585 1261 2624 manu
1287 2567 1346 2633 Ilei,
1360 2568 1404 2624 cui
1422 2584 1475 2623 non
1490 2575 1533 2623 est
1545 2565 1711 2638 impossibile
1724 2567 1773 2621 tri-

136 2658 265 2728 drceptus
279 2673 294 2712 a
310 2658 433 2726 muliere,
452 2667 589 2715 terrenum
602 2670 630 2716 ct
656 2662 803 2731 temporale
827 2664 927 2718 amisit.
978 2663 1062 2718 liuere
1083 2662 1121 2716 illi
1137 2660 1329 2716 exaltationem
1343 2667 1452 2714 aeternae
1466 2659 1528 2713 vitm
1541 2677 1547 2712 :
1560 2659 1623 2728 quia
1643 2658 1773 2714 exaltatio

136 2746 222 2803 Cedat
235 2748 534 2820 divinisju.liciis,quiu
545 2751 611 2804 nilril
628 2752 655 2805 in
670 2760 743 2806 tarra
762 2753 820 2807 sine
833 2768 927 2807 causa.
978 2753 1135 2823 temporalis
1146 2752 1273 2823 sitacium
1287 2767 1340 2807 nnn
1356 2751 1481 2823 congruit
1492 2750 1540 2817 illi,
1552 2752 1598 2820 qui
1613 2752 1773 2807 conturbata

137 2835 240 2892 voveat
263 2846 291 2892 et
305 2837 401 2893 reddat
417 2840 532 2896 [turnino
555 2841 611 2895 Deo
637 2841 750 2895 terribili
778 2850 805 2896 et
827 2842 852 2896 ei
869 2857 930 2911 qrrae
979 2847 1060 2901 domo
1070 2852 1098 2899 et
1115 2851 1217 2909 mente,
1233 2843 1324 2897 divina
1339 2843 1540 2914 dispensatione
1555 2850 1582 2897 ct
1593 2841 1696 2911 judicio
1710 2858 1772 2898 ees·

136 2927 365 3000 anlertspiritum
385 2933 547 3004 principum.
576 2933 712 2988 Bonorum
737 2935 808 2988 enim
836 2950 929 3004 regum
979 2939 1015 2994 sit
1036 2936 1125 3002 alteri,
1141 2943 1169 2990 et
1184 2934 1272 2990 locum
1286 2933 1360 2989 dedit
1380 2950 1434 2989 non
1457 2933 1567 2989 cuilibet
1590 2933 1702 2990 inimico
1725 2942 1774 2988 aut

136 3028 179 3076 est
189 3020 279 3077 dicere
296 3040 303 3075 :
324 3021 433 3094 Semper
445 3026 520 3095 quari
532 3034 660 3079 tumentes
678 3043 757 3096 reaper
776 3044 816 3081 me
834 3029 929 3096 fluctuo
980 3037 1120 3092 extraneo,
1136 3027 1182 3083 sed
1195 3025 1355 3082 clmrissimo
1369 3024 1433 3080 illio.
1448 3025 1563 3094 Propter
1572 3024 1644 3094 quod
1655 3024 1684 3078 in
1698 3027 1774 3080 omui
1847 3073 1850 3078 .

135 3112 213 3166 tareni
232 3112 325 3167 Darem.
340 3113 403 3168 llaee
414 3115 479 3170 dicit
491 3116 588 3170 beatrrs
609 3113 659 3170 ton
675 3130 682 3170 ε
697 3118 742 3186 qui
769 3119 877 3172 conanti
899 3131 929 3173 se
978 3121 1146 3192 jucunditate
1157 3125 1184 3174 et
1194 3116 1375 3172 exsultatione
1389 3115 1478 3170 cordis
1491 3115 1532 3170 sui
1544 3114 1776 3183 sunrmasgratia·

137 3203 261 3272 decipere
280 3206 429 3260 uxorisne
448 3222 500 3260 non
525 3208 674 3272 consensit,
688 3209 735 3264 sed
754 3209 840 3280 rigida
857 3204 928 3266 inre·
980 3227 1040 3266 rura
1060 3210 1182 3265 actiones
1202 3222 1307 3262 sunuuu
1328 3205 1505 3275 orrtnipotenti
1520 3204 1575 3259 ileo
1590 3203 1775 3260 indesinenter

135 3295 226 3351 ctione
240 3296 378 3367 redarguit
390 3296 482 3352 diceus
498 3316 504 3351 :
519 3296 602 3363 Quasi
616 3315 669 3352 nno
690 3300 722 3353 de
739 3298 824 3354 stultia
837 3299 930 3354 ntulie-
980 3301 1134 3375 persolvere
1153 3299 1248 3359 debet:
1266 3297 1340 3367 quia,
1366 3297 1437 3350 sieut
1460 3309 1568 3364 semper
1590 3293 1704 3363 optavit,
1719 3309 1775 3348 non

136 3384 209 3438 νίὺιω
223 3382 311 3439 iocata
324 3401 361 3440 es.
376 3385 426 3451 Qui
445 3392 474 3440 et
492 3387 519 3440 in
541 3388 594 3442 alio
613 3387 673 3444 loco
694 3389 727 3444 de
753 3389 808 3444 beo
829 3391 894 3445 dicit
920 3408 927 3445 :
980 3394 1113 3450 successit
1136 3391 1174 3446 illi
1196 3391 1223 3444 in
1246 3403 1358 3457 regnum
1382 3387 1508 3440 inimicus
1532 3391 1711 3455 expugnator,
1726 3383 1776 3438 sed

85 3489 87 3493 ’
136 3476 213 3549 apae
233 3479 318 3549 ipsam
336 3488 375 3533 ert
385 3479 513 3548 fortitudo
527 3490 551 3535 et
567 3482 704 3552 sumentia.
730 3482 790 3552 ipre
814 3483 884 3537 rrouit
904 3493 929 3537 et
980 3485 1052 3540 illius
1066 3490 1180 3538 ornator.
1190 3480 1266 3535 Nunc
1279 3494 1343 3548 ergo
1358 3477 1468 3532 andiunt
1482 3490 1577 3531 onrnes
1588 3475 1615 3529 in
1629 3488 1775 3530 commune

135 3569 317 3641 decipientem,
331 3581 354 3624 et
368 3588 427 3625 eum
446 3573 490 3643 arti
503 3572 643 3644 decipitur.
657 3574 713 3628 Et:
733 3573 874 3629 linitlreum
888 3592 929 3630 re·
980 3574 1136 3631 tumultuosi
1158 3582 1186 3628 et
1206 3570 1290 3640 quieti
1315 3568 1478 3638 Prophetam
1504 3567 1663 3622 dicentem:
1688 3561 1775 3619 Siteut

134 3677 197 3731 gum
223 3660 358 3727 diuoluit,
377 3672 402 3716 et
425 3664 561 3735 procingit
583 3666 646 3734 [une
669 3683 743 3720 renea
769 3683 870 3721 eoram.
896 3667 928 3722 Et
978 3668 1178 3724 omnistcrrou
1199 3665 1266 3733 [arcia
1286 3660 1403 3716 Domini.
1445 3660 1479 3713 Et
1492 3658 1663 3713 Psalnristatn
1692 3673 1699 3712 ε
1727 3654 1770 3711 tr·-

134 3751 253 3805 iterum:
271 3750 323 3818 Oui
336 3754 458 3807 immutat
471 3771 516 3808 cor
537 3756 685 3827 principum
698 3757 789 3829 popuii
801 3768 888 3823 terrm,
903 3767 928 3812 ct
979 3767 1047 3814 meat
1064 3757 1204 3811 dominnm
1217 3754 1299 3807 omnis
1310 3762 1391 3817 terra,
1404 3759 1437 3804 ab
1449 3767 1478 3804 eo
1492 3759 1579 3803 autem
1594 3762 1775 3803 commonean-

132 3842 230 3914 decipit
245 3844 444 3913 eotutsrustru
460 3846 583 3899 incedant
599 3846 769 3918 periurium.
798 3846 876 3915 Quod
900 3856 929 3903 et
978 3863 1124 3908 turonenea
1140 3844 1426 3904 indubitantcsotiem.
1457 3841 1596 3908 Quoniam,
1612 3843 1667 3912 itm
1692 3839 1773 3904 diui·

134 3929 185 3999 ipsi
205 3932 284 3987 beato
299 3930 349 3988 Julr
363 3934 540 4006 contingeret,
552 3936 576 3991 si
591 3937 746 3995 suasionem
765 3939 857 3994 uxoris
871 3954 927 3994 suae
979 3953 1004 4000 et
1030 3944 1100 4014 [acta
1124 3951 1184 3997 eunt
1203 3954 1211 3991 .·
1236 3938 1290 4008 ipre
1309 3936 1461 4000 mandauit,
1479 3943 1503 3989 et
1526 3943 1615 3988 creata
1639 3939 1719 3995 rnnt,
1744 3938 1774 3987 et

132 4020 248 4076 libenter
262 4024 393 4078 audisset.
408 4025 471 4080 ldeo
483 4040 549 4096 ergo
568 4029 697 4083 terribilis
711 4030 853 4096 Dominus,
872 4045 925 4085 non
980 4044 1086 4090 cetera.

134 4117 239 4165 tantum
261 4111 366 4181 populis
381 4115 530 4177 cormaco
554 4124 582 4170 ct
601 4117 665 4185 ipsis
687 4119 854 4188 principibus
880 4136 928 4189 po-

812 4236 948 4293 ttttuztt
967 4234 1082 4293 NOTAE.

169 4315 315 4371 tDomnur
326 4319 427 4376 dadam
440 4323 591 4393 imperator.¹
617 4326 662 4382 Vel
677 4327 720 4382 ltlc
738 4327 813 4384 luctus
831 4337 923 4384 osten·
978 4325 1294 4384 renumerationem
1317 4322 1439 4391 sequenti
1464 4322 1612 4391 imperator
1630 4319 1774 4373 restitutus
1818 4302 1822 4308 ⁸

132 4387 172 4468 dit
186 4386 286 4441 librani
297 4389 369 4446 bunc
382 4393 578 4464 apologeticum
600 4396 683 4453 luisse
701 4400 840 4470 scripturn.
854 4401 925 4455 lruud
977 4407 1021 4455 est
1036 4400 1062 4451 in
1077 4404 1209 4450 conventu
1225 4395 1410 4463 episcoporum
1426 4392 1518 4446 imbito
1532 4388 1658 4444 lialendis
1669 4387 1772 4443 llartiis

133 4468 171 4511 na
185 4456 270 4513 multo
281 4469 342 4530 post
358 4466 605 4522 exauctorationem
620 4466 749 4524 badonici
765 4470 816 4534 Pii,
832 4471 924 4536 idest,
938 4462 1006 4525 Din
1021 4464 1185 4523 aronasterio
1200 4465 1286 4520 sarrcti
1301 4461 1432 4535 Dionysii.

137 4599 1766 4628 w

724 4700 932 4766 beonnam
954 4695 1169 4762 clientula

368 4841 520 4904 Porrecto
536 4842 690 4904 tortario
706 4843 849 4922 Artoarta
867 4843 901 4905 ia
918 4839 1040 4925 synodo
1057 4833 1314 4915 Cornpeadirnri,
1334 4851 1416 4893 uano
1435 4833 1495 4893 832
1509 4842 1532 4895 ⁸.

815 4990 1079 5012 ..n-‘¹¹⁸¹—

165 5057 196 5113 ln
213 5055 397 5114 nomine'llei
423 5055 574 5115 acllomini
607 5065 693 5112 nostru
717 5057 783 5116 iesu
807 5057 919 5116 Christi.
974 5055 1068 5119 tertia,
1086 5068 1137 5125 ego
1151 5050 1310 5123 sigobardus
1334 5046 1522 5117 Lugdunensis
1545 5040 1674 5097 Ecclesiae
1698 5042 1770 5096 indi-

119 5221 123 5231 .
166 5148 245 5206 dano
258 5148 524 5220 incamationisejus
538 5147 766 5219 octingentesimo
783 5149 922 5205 tricesimo
974 5147 1197 5223 gnrrsepiscopus
1225 5141 1335 5198 interlui
1362 5137 1509 5194 vonerabili
1534 5133 1679 5190 corruentni
1699 5134 1770 5203 apud

806 5257 942 5315 utuuztt
960 5253 1077 5313 NOTAE.

103 5339 105 5343 ¹
167 5352 310 5407 ⁸Titulum
325 5353 397 5409 lmnc
418 5367 469 5408 nos
491 5351 603 5408 lecimus
621 5348 685 5403 huic
703 5347 803 5412 libello,
825 5363 874 5417 pro
887 5364 920 5403 eo
971 5350 1044 5404 htrrtc
1055 5346 1152 5401 librum
1170 5341 1324 5398 Gnurtuiam
1338 5340 1536 5410 inscripsimus,
1551 5345 1772 5420 proptrrtaucto-

130 5422 202 5494 qtmd
217 5422 300 5477 editio
311 5423 425 5479 llassoni
441 5424 482 5479 sic
496 5421 626 5479 habebat:
637 5417 747 5474 Publica
762 5417 792 5472 1,.
809 5420 921 5487 impera·
972 5420 1080 5473 ritatern
1098 5416 1226 5469 Actorum
1249 5411 1481 5467 enarratorationis
1497 5410 1646 5490 badonici:
1664 5422 1690 5460 tn
1712 5421 1771 5475 arrr-

129 5493 196 5548 toris
216 5507 304 5544 coram
323 5493 485 5563 amplissimo
507 5494 685 5564 episcoporum
699 5500 824 5543 conuentu
839 5489 920 5557 poerri·
970 5489 1030 5549 bus,
1044 5495 1104 5556 pust
1116 5493 1243 5539 errrnrrata
1256 5498 1315 5549 crue
1328 5483 1354 5538 in
1368 5481 1576 5550 compendiensi
1592 5477 1695 5548 synodo
1708 5485 1769 5530 acta

131 5562 212 5618 tentia
233 5559 371 5630 Agabardo
386 5563 516 5634 preside:
532 5564 575 5632 qui
597 5562 689 5616 titulus
711 5575 764 5614 non
786 5568 876 5615 exstat
894 5559 921 5613 in
971 5567 1035 5613 sum
1049 5556 1178 5611 atlnersns
1198 5555 1330 5623 optimum
1353 5552 1512 5674 principem,
1529 5551 1637 5606 dentum
1662 5546 1770 5628 harelu-

130 5631 214 5687 ratcrl
229 5630 329 5685 codice.
346 5630 418 5686 Sanc
430 5632 470 5687 rel
485 5647 519 5686 ex
533 5648 566 5686 eo
588 5631 654 5686 tatttt
670 5633 714 5686 hic
733 5629 919 5699 etenimquod
970 5636 1090 5698 guntur:
1107 5645 1116 5676 r
1137 5625 1184 5679 llis
1204 5625 1295 5693 itaque
1310 5624 1403 5693 gestis,
1419 5630 1521 5690 pacttrt
1536 5629 1769 5701 trt'rtrrusqursattc

132 5703 194 5759 truie
205 5700 348 5758 conventui
362 5701 502 5775 praefuisse
515 5703 552 5757 ait
563 5701 744 5771 ltgoburdum.
761 5701 814 5757 Nos
827 5702 916 5770 itaqnc
970 5701 1167 5768 cpiscapunrm,
1180 5694 1296 5766 qualiter
1305 5695 1362 5751 ltac
1374 5707 1418 5748 res
1433 5700 1493 5746 acta
1508 5691 1600 5755 trient,
1613 5705 1638 5743 ru
1650 5701 1769 5759 proprus
