3832 6120
137 277 191 335 tlt
688 271 849 328 Lt'botlcl
869 270 879 325 l
899 266 1134 326 condorusto
1154 267 1195 323 ru
1723 262 1777 318 9ιο

132 389 336 456 relinquentes,
356 386 531 455 speculativae
545 385 608 440 rite
627 384 759 439 curabant
771 384 829 437 ficri
842 380 927 451 perti·
941 379 1040 443 Alans
1072 379 1236 449 perlatorum
1266 391 1440 447 responsum,
1474 375 1595 430 monitus
1624 383 1670 429 cst
1692 383 1776 433 ιιιιι

128 481 223 552 cipes.
243 476 311 532 fiam
330 483 475 544 aanuam
487 474 634 543 Aquitania
658 474 709 529 sub
730 487 763 528 eo
776 480 927 543 regeretur,
981 469 1092 527 Francis
1110 484 1191 539 quam
1205 485 1220 522 a
1232 467 1377 523 Germanis
1395 477 1425 520 nt
1449 468 1481 521 ad
1503 477 1612 538 patrem
1634 482 1684 521 rer
1698 470 1775 523 renl-

127 570 272 639 ·cnttapsnt
289 571 350 620 erat
371 564 400 619 in
414 579 446 619 ea
471 563 657 634 huiuscemodi
676 562 762 628 ordo;
783 570 813 617 at
832 560 929 617 subeo
980 568 1038 622 ret,
1057 560 1136 629 eique
1148 567 1258 628 propter
1280 558 1441 612 assisteret:
1458 557 1776 623 rizlcrisibi,dicentes,

136 659 205 715 adeo
221 654 379 722 convaluit,
398 665 429 712 ut
450 656 533 712 etiam
549 656 607 725 ipse
626 655 777 710 fraternum
795 654 839 707 ari
863 652 930 707 Car·
980 650 1124 718 prandeum
1140 659 1218 719 pater
1228 649 1286 719 jam
1303 649 1329 701 in
1344 648 1457 702 senilem
1472 656 1737 719 rcrgerctaetatcm,
1752 661 1778 704 ct

135 748 257 808 lemanni
277 747 381 803 imitari
405 747 525 818 gestiens
549 744 726 801 memorabile
751 744 927 814 exemplum,
980 741 1077 794 acerbe
1095 740 1177 795 ferret
1192 740 1340 795 liberorum
1361 740 1554 794 infortunatam
1580 739 1775 807 clcfcctionem,

136 845 196 916 ipse
214 855 324 913 quoque
343 839 470 896 theoricas
483 838 546 892 vitm
560 836 679 892 culmina
698 836 834 891 niteretur
855 848 930 888 conr·
980 831 1062 886 citam
1073 831 1212 887 illinsbaec
1223 832 1586 902 portenderentcorporcam
1600 830 1774 888 solutionem.

134 931 314 1005 prehendere.
328 928 382 985 Sed
400 930 483 1001 buius
496 929 552 984 roti
572 943 607 983 ne
633 942 745 997 compos
764 927 858 991 fleret,
872 925 931 981 obi·
981 923 1058 990 Quod
1073 923 1202 979 Gerricns
1217 940 1278 979 cum
1291 925 1359 995 regi,
1377 941 1423 979 rer
1441 940 1505 980 vero
1520 925 1689 981 consiliariis
1707 940 1776 984 reta·

136 1038 196 1083 cem
214 1037 244 1078 se
266 1021 381 1091 prebuit
401 1018 549 1090 refragatio
571 1019 679 1088 patris,
697 1017 741 1072 rel
760 1018 851 1087 potins
863 1016 932 1070 divi·
982 1012 1072 1076 lissct,
1094 1013 1255 1082 qrribnsdum
1276 1014 1318 1106 ιιι
1333 1028 1403 1084 pene
1417 1014 1545 1069 cornibus
1566 1016 1658 1069 risum
1672 1030 1715 1072 est
1738 1035 1777 1074 sr-

138 1127 181 1169 nae
195 1110 341 1169 uoluntatis
351 1118 448 1175 nutus,
463 1111 510 1180 ιιι
530 1118 612 1164 tante
624 1109 734 1178 pietatis
748 1108 835 1162 rtrum
847 1107 933 1162 noluit
983 1102 1059 1157 lubre
1075 1112 1241 1174 suggestum.
1264 1103 1318 1159 Sed
1333 1120 1379 1159 reu
1394 1105 1483 1160 altiori
1507 1107 1642 1174 consilio,
1661 1118 1697 1164 ne
1711 1108 1778 1166 forto

138 1202 192 1258 sub
210 1215 278 1257 eure
304 1215 360 1256 strar
384 1199 469 1255 solius
487 1198 582 1255 salutis
605 1198 764 1254 delitescere
785 1215 791 1250 z
812 1198 859 1252 scd
885 1210 934 1266 po-
982 1209 1031 1263 pcr
1042 1195 1095 1249 boc
1110 1209 1139 1248 sc
1155 1197 1226 1265 patri
1241 1205 1397 1265 suspectum
1412 1198 1549 1263 redderet,
1565 1215 1651 1271 agere
1663 1201 1776 1259 distulit.

139 1292 195 1348 tius
209 1306 259 1362 per
271 1305 353 1356 eum,
374 1296 402 1346 ct
425 1290 541 1354 subeo,
561 1289 708 1343 multorum
728 1287 843 1341 salntem
869 1285 934 1340 ado-
984 1285 1046 1340 ffaee
1062 1294 1152 1340 taruco
1164 1286 1317 1351 Divinitas,
1337 1301 1387 1357 pro
1414 1287 1490 1356 cirins
1516 1290 1617 1345 timore
1639 1300 1666 1346 et
1688 1307 1777 1348 rmore

138 1382 253 1438 lescere.
270 1380 304 1436 Et
315 1380 422 1449 quidem
437 1379 533 1444 molta,
549 1386 579 1433 ut
593 1379 694 1434 dictum
710 1386 764 1444 cst,
779 1379 813 1432 ab
826 1390 859 1432 co
871 1385 935 1431 sarnt
984 1375 1073 1430 facere
1087 1376 1188 1439 noluit,
1208 1387 1238 1430 nt
1257 1378 1308 1431 sibi
1323 1378 1407 1432 moris
1431 1387 1471 1432 est
1484 1389 1626 1436 amatores
1641 1383 1683 1437 sui
1697 1383 1777 1438 subli-

139 1473 168 1528 ιι
192 1472 253 1543 ejus
265 1471 368 1527 ditione
381 1478 528 1540 reparata,
549 1471 603 1524 imo
621 1485 636 1524 a
651 1468 834 1524 fundamentis
850 1468 934 1522 aedift-
984 1482 1055 1520 nitus
1078 1482 1160 1536 qrtatn
1188 1469 1300 1537 cogitari
1325 1476 1415 1538 potest
1433 1469 1596 1538 nobilitare,
1619 1474 1776 1542 prudentias

130 1572 203 1619 cata
218 1562 402 1626 monasteria,
422 1562 470 1617 scd
490 1561 626 1631 precipue
645 1561 723 1615 hec:
739 1559 934 1615 monasterium
984 1556 1127 1612 ordinarit.
1149 1556 1246 1611 Pacem
1267 1573 1350 1628 porro
1363 1559 1518 1628 petentibus
1531 1561 1591 1626 bis,
1613 1578 1687 1633 quos
1709 1564 1776 1621 bello

130 1663 245 1712 sanctos
266 1654 398 1710 llariaeet
419 1654 508 1709 sancti
528 1652 601 1707 Petri
627 1654 660 1708 dn
687 1652 839 1716 ligariis,
863 1649 934 1720 qnod
985 1645 1102 1716 fatigare
1115 1646 1210 1700 solitus
1229 1655 1298 1711 crat,
1319 1662 1366 1700 rer
1381 1648 1497 1703 articulo
1512 1650 1632 1705 duorum
1647 1668 1774 1709 annomnr

139 1743 291 1813 aliliquitus
304 1742 464 1798 lietblelrcm
477 1743 635 1810 vecabatur,
655 1742 682 1796 in
697 1740 775 1810 cujus
788 1741 864 1796 curia
886 1756 935 1811 pa·
948 1731 972 1791 lt
986 1737 1136 1805 prestituto
1150 1777 1158 1802 ‚
1175 1737 1289 1791 libenter
1308 1738 1428 1792 indulsit.
1447 1738 1552 1794 iulcrca
1565 1742 1720 1812 imperator
1731 1745 1775 1801 Ca-

130 1842 183 1888 'ter
198 1831 258 1902 ejus
269 1831 400 1903 Pippinns
413 1832 515 1888 occidit
533 1833 656 1897 leonem,
676 1840 705 1886 et
716 1832 855 1901 ipserneta
872 1830 933 1887 Stc·

141 1925 233 1994 plane
254 1939 326 1996 papa
344 1924 469 1981 Romano
481 1924 612 1994 iurcgcm
631 1923 936 1981 honorificeconsecra·

140 2027 186 2073 tut
197 2025 240 2073 est
256 2017 284 2073 in
299 2017 395 2074 eadem
409 2017 545 2084 ecebsia3
565 2018 764 2073 monasterinm
778 2017 936 2073 sanctiFili·

138 2110 219 2176 berti,
227 2097 423 2167 monasterinm
432 2110 520 2165 sancti
527 2109 936 2176 florentiimonasterinmCar·

129 2197 205 2264 ·rolll,
212 2199 407 2255 monasterium
414 2197 936 2264 Concasmonesteriumsanctilfaxen·

133 2289 178 2353 tii,
196 2289 391 2345 monasterium
414 2288 547 2356 Menate,
567 2291 760 2346 morrasterium
780 2291 932 2362 magniloci,

130 2379 333 2434 monasterium
340 2377 720 2446 llusciacum,mouasterinm
734 2383 821 2436 sancti
830 2381 933 2448 savini,

138 2469 333 2525 nimiasterium
344 2469 523 2537 flaciacum,
542 2473 738 2528 monasterium
752 2471 933 2539 Noriliacum,

132 2561 435 2619 ,murmurium-sancti
451 2561 619 2628 Theotfridi,
640 2564 834 2619 monasterium
846 2564 934 2618 sancti

136 2648 813 2720 Pascentii,monasteriumllosora,mcnastcrium
821 2654 934 2711 Sollem-

986 1826 1060 1883 rolus
1071 1828 1246 1882 considerans
1260 1843 1337 1882 sturm
1349 1827 1402 1901 [sc]
1417 1831 1444 1884 in
1459 1841 1631 1888 senectutem
1646 1836 1774 1892 adclinem

985 1917 1136 1982 deuexum,
1159 1927 1186 1972 ιι
1201 1934 1299 1974 verens
1320 1935 1355 1974 ne
1375 1919 1446 1976 forte
1460 1922 1620 1979 subtractus
1636 1925 1719 1981 rebus
1732 1928 1774 1981 bn·

985 2010 1088 2074 manis,
1112 2008 1253 2064 confusum
1274 2010 1451 2080 relinqueret¹
1464 2029 1600 2085 regnum,
1621 2017 1697 2086 qarorl
1722 2030 1773 2072 ιιιιι

984 2099 1103 2154 donante
1121 2099 1187 2166 lico,
1210 2101 1337 2155 nobiliter
1351 2103 1506 2158 ordinatum
1524 2122 1530 2158 :
1560 2106 1670 2164 scilicet
1687 2124 1721 2163 ne
1733 2120 1772 2164 art

985 2190 1106 2244 externis
1121 2199 1280 2259 quateretur
1294 2192 1432 2261 procellis,
1449 2203 1494 2248 aut
1514 2195 1653 2254 intestinis
1670 2215 1773 2257 resarc-

985 2292 1029 2338 tur
1047 2284 1240 2349 scissionibus,
1262 2286 1335 2340 misit
1354 2287 1387 2341 ad
1402 2286 1501 2355 filium,
1518 2305 1638 2361 eumque
1649 2294 1685 2349 ab
1694 2295 1770 2366 Aqui

986 2375 1058 2428 tania
1082 2375 1212 2429 evocarit.
1230 2374 1316 2441 Qaem
1336 2378 1490 2433 venientem
1510 2380 1664 2438 clementer
1687 2402 1772 2442 snsce-

984 2463 1044 2534 pit,
1066 2471 1120 2518 tnta
1134 2472 1228 2518 estate
1244 2479 1337 2519 secum
1352 2467 1447 2532 tenuit,
1478 2469 1513 2524 de
1532 2471 1577 2526 bis
1598 2475 1699 2542 quibus
1717 2493 1770 2532 eura

986 2557 1105 2626 indigere
1127 2558 1232 2626 putarit
1256 2556 1385 2614 insturxit
1407 2577 1414 2613 ι
1437 2562 1555 2630 qualiter
1575 2565 1704 2624 ridelicct
1728 2569 1771 2626 sili

986 2649 1146 2712 rircndum,
1177 2651 1360 2720 regnandum,
1392 2669 1504 2724 regnum
1528 2659 1727 2724 ordinandum,
1749 2670 1771 2718 rt

136 2740 258 2807 nircum,
269 2744 593 2814 monasteriumpuellare
605 2754 707 2802 sanctae
724 2745 826 2812 blaciae,
841 2760 935 2801 mona-
984 2744 1137 2798 ordinatum
1151 2746 1296 2800 terrendum
1313 2745 1402 2813 foret,
1423 2740 1537 2815 montrit,
1555 2759 1583 2804 ct
1605 2755 1715 2808 tandem
1727 2753 1769 2808 im·

137 2829 253 2885 sterium
263 2829 384 2901 puellare
392 2832 684 2902 ennemuegnnus,
692 2835 887 2891 monasterium
900 2834 934 2891 de
985 2833 1081 2904 periali
1104 2849 1165 2889 eum
1181 2835 1334 2892 diademate
1352 2840 1515 2905 coronarit,
1538 2850 1568 2896 ct
1589 2858 1683 2898 rerum
1707 2860 1770 2900 sirm·

139 2924 220 2993 Vera,
232 2928 559 2985 monasteriumchtera
571 2929 599 2984 in
612 2929 831 3002 pagochosano,
841 2944 935 2985 anona·
985 2940 1057 2979 mam
1072 2941 1156 2996 porres
1170 2942 1231 2980 cnm
1248 2926 1367 2983 futuram
1380 2944 1439 2984 esse
1456 2930 1566 2986 Christo
1581 2932 1693 2990 fatente
1705 2936 1771 2990 inro-

134 3013 401 3072 stnrinmltaladgin
416 3016 797 3088 Septimania‚m0nascsrium
811 3019 933 3087 aninum,
986 3016 1053 3080 tuit,
1077 3024 1104 3070 et
1129 3016 1181 3071 boc
1205 3025 1315 3085 peracto
1344 3020 1453 3090 negotio
1471 3021 1590 3075 reditum
1610 3024 1644 3078 ad
1671 3025 1769 3095 propria

139 3108 337 3164 monasterinm
358 3107 483 3174 Gaianae,
504 3113 699 3168 monasterium
714 3113 801 3167 sancti
813 3112 933 3168 Lauren-
947 3083 969 3145 C
984 3107 1130 3162 concessit.
1148 3106 1199 3174 Qui
1214 3123 1307 3162 mcnsc
1331 3108 1477 3166 Novembri
1490 3128 1505 3166 a
1517 3121 1597 3183 patre
1610 3115 1769 3185 regrediens.

142 3199 193 3266 tii,
220 3201 416 3257 monasterium
444 3211 546 3257 sauctae
573 3202 666 3258 llariae
687 3205 758 3274 quod
783 3201 884 3259 dicitnr
905 3206 933 3260 in
983 3200 1288 3270 Aqrritanianrrepetiit.
1313 3201 1393 3257 Pater
1412 3218 1476 3259 sero
1498 3203 1582 3260 relati
1612 3209 1695 3262 morti
1719 3223 1770 3279 pre

139 3289 247 3346 linbinc
262 3290 433 3365 [brehinneg
453 3295 648 3349 monasterinm
661 3295 779 3361 Cannas,
793 3303 820 3349 er
834 3303 932 3351 caernm
983 3290 1116 3358 pinques,
1134 3290 1237 3345 crebris
1256 3299 1283 3346 ct
1307 3293 1458 3363 peregrinis
1486 3294 1673 3352 incommodis
1690 3300 1770 3370 urgeri

137 3382 277 3452 plurima,
297 3383 396 3454 quibus
417 3383 502 3440 veluti
527 3386 689 3454 quibusdam
716 3386 822 3457 lychnis
847 3395 932 3443 torum
984 3380 1076 3449 cepit.
1098 3380 1166 3433 Nam
1180 3396 1254 3437 mors
1268 3382 1350 3437 sebui
1365 3384 1528 3453 quibusdam
1551 3387 1660 3442 nuntiis
1682 3389 1771 3443 adsco-

140 3473 285 3530 deonratnr
307 3472 462 3544 lanionis
476 3489 600 3548 regnum,
628 3476 684 3533 tlon
705 3475 933 3549 ejnsexemplum
985 3479 1135 3525 tnrnsnum
1149 3470 1207 3539 jam
1226 3472 1336 3544 jamque
1358 3474 1499 3541 latarum,
1524 3478 1629 3534 talibus
1656 3496 1770 3550 prunon-

139 3579 195 3619 nnn
208 3565 288 3622 modo
305 3565 426 3638 episcopi
440 3567 534 3634 mulsi,
553 3568 601 3623 gad
616 3576 644 3623 οι
658 3567 720 3623 latei
738 3567 932 3639 quamplurimi
984 3561 1070 3616 tiabat
1085 3562 1203 3617 indiciis.
1220 3563 1340 3618 Tandem
1362 3565 1454 3635 itaque
1473 3567 1549 3623 siliis
1564 3570 1723 3639 passionum
1737 3571 1771 3625 in·

140 3655 274 3723 maranti,
290 3656 410 3728 collapsa
424 3658 635 3726 restaurabant,
660 3669 689 3716 et
702 3674 771 3715 nora
796 3669 934 3716 monaste.
984 3657 1027 3706 ter
1038 3668 1068 3708 sc
1083 3655 1335 3725 compugnantibus,
1353 3666 1379 3710 et
1391 3657 1537 3714 ualentiam
1549 3658 1610 3729 rjus
1620 3661 1771 3734 impugnan-

142 3747 184 3802 ria
193 3749 340 3804 certabant
352 3749 510 3817 instituorc;
538 3751 611 3822 quod
634 3766 748 3808 cernere
772 3752 859 3809 oculis
880 3761 931 3809 cst.
984 3745 1076 3811 tibus,
1097 3755 1201 3802 naluit}
1229 3748 1403 3805 imbecillitas
1424 3752 1522 3819 cessit,
1557 3763 1587 3809 ct
1605 3754 1681 3812 lecto
1702 3756 1770 3812 dece·

141 3837 172 3893 ln
185 3847 292 3895 tantam
303 3839 421 3912 deniqne
432 3840 594 3898 felicitatem
608 3843 762 3915 respublica
777 3844 932 3914 Aquitaniei
983 3833 1043 3888 buit
1058 3850 1067 3891 ι
1080 3842 1108 3889 ⁰²
1122 3835 1148 3889 in
1162 3838 1220 3890 dies
1232 3845 1315 3906 atquc
1329 3837 1356 3892 in
1368 3837 1450 3894 horas
1467 3841 1655 3914 imbissduiol
1679 3845 1770 3906 molli.

141 3931 220 4003 regni
233 3930 398 4003 protegens,
412 3942 444 3989 nt
453 3933 645 4006 proficiscente
658 3936 780 4007 quolibet
794 3951 856 4006 segg
869 3977 876 4003 ‚
890 3936 933 3992 vel
984 3931 1064 3993 prout
1082 3924 1169 3979 soluit
1182 3926 1239 3980 suis
1253 3927 1356 3998 scripto
1370 3928 1538 3995 distributis,
1566 3933 1641 3988 diem
1656 3933 1770 3989 nltimnn

142 4025 170 4079 1„
192 4024 293 4095 pango
308 4027 454 4092 msam,
469 4028 514 4083 ,ις
530 4027 628 4099 graqui,
642 4030 851 4099 ,gpgrjoegurse
869 4045 934 4085 mn.
984 4013 1099 4080 clausit,
1119 4013 1343 4088 Francorumqne
1368 4032 1452 4090 regno
1476 4034 1546 4091 pene
1576 4023 1771 4079 ineluctabilem

141 4130 262 4186 querens
279 4116 380 4185 utquid
397 4116 484 4185 ajuro
498 4133 668 4189 perpessum,
681 4118 780 4174 pragu,
792 4120 865 4174 enim
878 4120 934 4176 gre.
984 4105 1086 4161 luctum
1102 4106 1221 4176 reliquit.
1235 4108 1272 4164 At
1284 4124 1349 4165 vero
1364 4110 1392 4165 in
1407 4109 1465 4180 ejas
1482 4127 1649 4171 successore
1662 4115 1771 4171 veridica

140 4205 191 4260 bus
201 4220 248 4261 rer
258 4207 436 4277 persingulas
448 4209 631 4265 hebdomadas
643 4211 682 4266 rei
690 4209 839 4282 judiciariae
850 4213 934 4268 inter·
983 4199 1095 4267 lii0b³i³
1109 4208 1151 4255 eii
1164 4199 1326 4270 scriplum,
1343 4219 1404 4274 (1⁰ae
1426 4206 1454 4260 in
1473 4205 1576 4264 lilibus
1591 4209 1772 4265 “ibuitnlitlfi

140 4302 209 4348 crat.
225 4292 292 4348 Nam
312 4296 428 4365 quadam
446 4305 607 4368 tempestate
626 4301 710 4356 nrisso
734 4301 933 4359 Archamhatdn
983 4294 1127 4349 consolans
1148 4295 1254 4350 animos
1266 4294 1333 4350 dicit
1352 4312 1359 4349 r
1381 4294 1501 4350 Hortari
1520 4306 1561 4352 ert
1581 4299 1623 4352 cir
1631 4299 1738 4370 irater,
1752 4309 1771 4351 ct

141 4387 385 4459 ttonmemariensi
403 4387 532 4460 imperii,
551 4392 615 4447 dum
632 4393 658 4447 ei
673 4393 797 4464 quaedam
820 4392 930 4450 ferenda
944 4420 971 4479 D
983 4388 1059 4458 quusi
1079 4397 1183 4442 nonest
1200 4397 1336 4454 morters,
1351 4387 1462 4443 similent
1475 4390 1545 4443 enim
1561 4390 1614 4445 stet
1628 4391 1732 4464 reliquit
1745 4389 1772 4458 fi·

142 4478 197 4534 tilio
215 4477 414 4550 referendaque
426 4482 617 4549 commisisset,
630 4491 658 4538 ιι
671 4483 716 4539 ille
732 4484 930 4542 ordinationem
983 4479 1049 4532 iiim
1075 4479 1213 4533 diffiditi-
1236 4478 1310 4535 Obiit
1334 4488 1424 4534 antem
1443 4480 1538 4549 (luissi0
1568 4481 1708 4538 &leniit
1732 4480 1772 4536 Fi·

142 4569 227 4635 tanc,
246 4576 278 4624 ut
291 4569 412 4637 rideret,
427 4571 535 4628 rediens
550 4574 619 4643 patri
632 4573 769 4630 retulisset
783 4616 791 4640 ,
807 4576 876 4631 adeo
886 4591 932 4630 er·
984 4571 1110 4625 bruarias
1132 4570 1202 4625 idem
1215 4571 1354 4640 piissimus
1369 4572 1517 4640 imperator
1539 4569 1681 4640 Carolus,
1710 4587 1772 4628 anna

141 4656 257 4716 rotasse
270 4660 385 4727 dicitnr,
418 4670 449 4716 ut
466 4677 523 4732 prce
547 4664 630 4718 nimia
650 4663 791 4720 alacritate
804 4665 933 4737 lacrymis
984 4659 1181 4714 incarnationis
1207 4659 1313 4714 bomini
1333 4660 1419 4715 nostri
1437 4659 1500 4715 lesu
1512 4659 1617 4717 Christi
1641 4665 1774 4736 octinget·

141 4749 261 4816 tinxerit,
280 4758 308 4805 et
327 4750 576 4818 circumstantibus,
597 4750 631 4818 Ο,
648 4753 746 4823 inquit,
765 4756 840 4821 socii,
853 4758 932 4811 ciclos

142 4839 487 4914 rrnrgrnrrtmntlnju
493 4843 599 4914 jaromir
605 4844 682 4899 senili
687 4846 840 4916 sagacitate.
855 4847 933 4905 Unde

141 4932 206 5002 quia
230 4947 327 4989 semus
340 4931 392 4989 fuit
415 4931 522 4990 bomini
542 4934 629 4991 fidelis
649 4937 675 4992 in
690 4939 852 5006 commisso,
868 4957 933 5011 prn-

142 5024 210 5080 dens
220 5025 248 5080 in
259 5026 460 5096 angmentamo
471 5027 523 5083 sibi
536 5028 636 5084 tradito
647 5029 760 5096 talento,
772 5032 934 5088 constitutus

143 5126 184 5172 cst
194 5125 356 5188 potestatem
367 5116 471 5174 babens
483 5119 510 5174 ln
523 5129 619 5175 cuncta
631 5120 835 5191 patrisfamilias
842 5122 932 5178 domo.

178 5207 313 5265 Periclem
327 5219 420 5267 autem
439 5217 544 5281 tempus
558 5209 631 5283 (815)
643 5219 750 5266 mortno
761 5209 820 5279 jam
829 5214 933 5283 pridem

144 5298 255 5369 lippire
268 5301 351 5358 ltaliae
365 5312 446 5371 rege,
462 5301 617 5373 nuperrime
627 5309 717 5357 autem
732 5301 829 5358 Carnlo
840 5303 932 5358 itidem

144 5388 227 5444 tratre
248 5406 294 5448 res
311 5391 446 5448 humanas
462 5392 646 5464 relinquente,
667 5408 729 5464 spes
747 5395 934 5451 universitatis

144 5479 279 5546 potinnrloe
295 5480 323 5535 in
335 5496 397 5536 eum
412 5481 582 5553 assurgebat.
603 5481 685 5538 blisso
713 5483 785 5538 caim
808 5498 857 5553 pro
874 5485 934 5554 qni-

146 5567 257 5621 basdmn
285 5571 448 5625 necessariis
478 5581 583 5642 patrem
615 5573 789 5626 eonsa'cndis
821 5571 934 5628 Gerrico

145 5656 225 5727 (Iaspis
243 5657 369 5726 prealato,
389 5675 451 5715 cum
466 5663 493 5717 in
518 5662 618 5734 palatio
637 5672 799 5727 moraretur,
817 5674 932 5732 praesto-

986 4754 1084 4808 tcsimo
1099 4753 1321 4822 decimoquarto.
1339 4751 1397 4819 Quo
1425 4753 1452 4808 in
1480 4763 1607 4826 tempore
1626 4756 1772 4813 Ludoricti

985 4845 1133 4914 imperator
1154 4843 1297 4899 concilium
1312 4844 1411 4914 populo
1424 4845 1550 4914 gencrale
1567 4849 1649 4917 quasi
1664 4848 1771 4919 quodam

986 4939 1121 4994 indixerat
1133 4937 1274 5009 presagio,
1288 4937 1314 4991 in
1327 4936 1631 4996 Purisscationesanctae
1639 4942 1689 4999 Dei
1704 4954 1773 5014 gcne

986 5031 1061 5085 tricis
1072 5027 1769 5095 llario,inlococuiusvoeabulnmest'febotuadns.

1021 5120 1152 5176 Defuncto
1172 5128 1262 5175 antem
1276 5129 1354 5190 patre
1371 5120 1422 5190 piae
1448 5122 1667 5189 recordationiS,
1684 5123 1773 5178 missus

985 5225 1027 5270 cst
1040 5214 1144 5286 Rampo
1160 5216 1193 5268 ad
1208 5229 1271 5270 enm
1282 5214 1368 5269 abeis
1380 5215 1426 5284 qui
1441 5214 1611 5284 sepulturam
1628 5217 1690 5288 ejus
1702 5229 1772 5273 enra-

987 5315 1066 5373 runt,
1083 5305 1176 5361 liberis
1193 5305 1299 5361 seilicet
1311 5313 1340 5360 et
1362 5306 1521 5376 proceribus
1533 5306 1666 5377 palatinis
1679 5349 1687 5375 ,
1701 5317 1730 5363 ut
1749 5314 1774 5360 ct

987 5405 1101 5451 mortem
1125 5395 1184 5463 eins
1212 5403 1319 5451 mature
1350 5405 1544 5467 cognosceret,
1578 5397 1773 5467 adventumque

986 5504 1065 5543 stiram
1083 5486 1155 5541 nnllo
1174 5487 1253 5541 modo
1268 5489 1528 5557 comperendinaret.
1543 5489 1596 5557 Qui
1618 5506 1683 5546 cum
1697 5489 1773 5544 dure

987 5581 1086 5634 liananr
1103 5578 1256 5633 devenisset
1271 5579 1304 5634 ad
1326 5581 1438 5646 urbem,
1463 5580 1634 5638 Theodnlfns
1657 5581 1773 5651 ejusdcm

988 5669 1061 5723 arr-bis
1076 5668 1237 5739 episcopas,
1257 5669 1300 5724 vir
1316 5669 1496 5741 undecunque
1509 5671 1698 5736 doctissimus,
1712 5686 1773 5726 cau·
