3832 6120
122 276 192 348 test,
694 271 1184 357 aletensis,scelestissumi.
1680 271 1751 327 {282

122 389 283 457 villamque·
297 385 397 440 dicitur
412 385 519 448 Marus,
542 401 602 441 cum
618 387 745 442 omnibus
760 387 794 442 ad
808 399 838 440 se
851 400 911 454 pcr-
925 390 948 448 Α
963 392 1120 445 rnorrasterii
1135 393 1217 445 rebus
1239 399 1267 446 ut
1288 389 1511 459 irrefragabiliter
1524 387 1689 452 reiciantur,
1705 389 1752 444 dc-

122 478 284 540 tineutibus,
309 484 337 530 ct
356 475 447 529 uillam
469 490 529 543 quae
551 477 649 531 dicitur
669 475 824 538 Sarmasia,
848 489 911 529 crim
963 480 1099 534 cernimus
1110 477 1333 550 atqucjubemus.
1347 478 1380 533 Et
1391 487 1418 532 ut
1429 478 1487 533 baec
1500 476 1752 532 nostraeconflrma-

122 566 245 621 omnibus
265 564 299 618 ad
319 579 348 619 se
365 565 581 633 pertinentibus,
603 565 728 620 similiter
742 574 770 620 et
783 564 910 619 lauriaci
963 566 1044 621 tionis
1059 569 1204 623 auctoritas
1219 569 1322 623 nostris
1340 579 1582 635 successorumque
1597 574 1751 624 uostromin

121 656 211 711 uillam
225 670 285 710 cum
299 655 424 709 omnibus
443 654 476 708 ad
496 669 525 708 se
546 655 762 724 pertinentibus;
787 653 913 708 similiter
963 657 1130 726 {emporibus
1144 658 1334 713 inviolabiliter
1348 667 1534 721 conservetur,
1550 670 1630 710 mauu
1642 651 1752 727 propria

123 743 212 799 uillam
234 742 344 797 Patricii
359 757 421 796 cum
436 741 562 799 omnibus
585 744 618 797 ad
641 758 671 798 sc
691 741 910 812 pertinentibusr
963 758 1054 803 nostra
1069 764 1129 804 eam
1140 751 1412 815 subterfirmavimus,
1437 757 1464 804 et
1484 747 1576 803 arinuli
1594 748 1682 803 nostri
1700 748 1750 802 inr-

122 835 246 889 similitcr
257 844 284 888 et
294 833 384 887 villam
396 848 456 902 quae
467 833 645 904 Longa-Aqua
657 843 840 904 nuncupatur,
850 849 912 890 cnm
962 840 1101 908 pressione
1113 842 1245 911 assignari
1258 841 1397 910 jussimus.

121 924 246 978 omuibus
260 923 294 977 ad
308 937 338 977 sc
352 923 564 992 pertinentibus,
584 922 711 978 similiter
724 931 753 978 et
764 922 809 978 illa
821 924 911 979 omnia
998 928 1110 1000 Signum
1122 929 1250 986 Ludouici
1265 930 1431 985 serenissimi
1445 929 1625 998 imperatoris.

121 1026 181 1080 quas
202 1011 229 1065 iu
250 1011 293 1065 fris
311 1010 379 1065 uillis
400 1026 464 1081 pars
486 1011 608 1081 praedicti
631 1012 789 1067 monasterii
811 1012 911 1068 babere
998 1018 1066 1074 bata
1085 1036 1111 1075 ιι
1124 1019 1215 1076 Nonas
1233 1021 1344 1091 Aprilis,
1360 1036 1441 1086 anno,
1456 1019 1564 1075 Claristo
1578 1019 1754 1090 propitiast

123 1101 305 1170 disnoscitur:
331 1115 445 1168 quarum
467 1101 577 1155 uomina
602 1101 658 1156 hec
682 1109 767 1156 sum:
794 1100 912 1157 Groiiieii
963 1108 1069 1179 imperii
1083 1111 1173 1165 donni
1189 1111 1317 1168 audonei
1331 1112 1445 1181 piissimi
1460 1110 1588 1180 Augusti,
1604 1111 1754 1168 indictione

123 1191 199 1256 uilla,
222 1190 320 1245 Aurosi
340 1191 419 1253 uilla,
444 1189 597 1245 blesseriaci
613 1190 690 1255 uilla,
713 1189 814 1260 Canapi
833 1190 911 1256 uilla,
964 1201 1032 1255 ips,
1051 1201 1147 1256 ,acrum
1160 1201 1322 1274 Aquqsgsanq
1337 1201 1438 1272 palatio
1451 1203 1525 1271 regio
1539 1202 1565 1255 j„
1584 1201 1755 1260 peimi„

122 1281 227 1335 floriaci
239 1280 312 1342 uilla,
324 1279 504 1334 Grauunciaci
514 1279 588 1344 silla,
599 1279 673 1335 Floxi
685 1279 757 1344 villa,
769 1279 913 1335 Curtennis
963 1291 1088 1347 feliciter,
1103 1293 1198 1347 Amen,

123 1372 200 1436 uilla,
222 1369 337 1440 Spiriaci
356 1371 436 1437 uilla,
460 1371 562 1426 libonis
582 1371 660 1436 ulta,
686 1370 812 1425 Bandrici
834 1369 910 1434 uilla,

123 1461 229 1516 l‘aciaei
241 1461 320 1526 uilla,
347 1461 465 1530 Luponis
481 1462 559 1526 uilla,
580 1460 744 1531 syncleriaci
759 1459 836 1523 villa,
857 1459 912 1515 lle·

123 1551 210 1622 giriaci
229 1551 309 1614 rilla,
333 1565 438 1605 necnon
453 1551 568 1621 desuper
583 1549 708 1616 durium,
729 1550 800 1620 quod
814 1550 914 1605 dicitur

123 1641 259 1706 Frrllouis,
282 1642 425 1710 hospitiola
448 1642 516 1707 duo,
544 1651 625 1712 atque
648 1641 730 1698 etiam
754 1640 818 1695 illud
841 1640 913 1710 quod

123 1731 259 1788 Arrfiridus
274 1742 302 1788 et
315 1735 435 1789 borratus
449 1742 562 1804 nepotes
575 1732 699 1789 Jeremiae
715 1735 851 1805 quondam¹
864 1731 950 1826 Sel-3
984 1769 1027 1825 -ln
1048 1772 1158 1827 nomme
1176 1772 1282 1826 Domini
1302 1771 1350 1826 Dei

124 1823 228 1878 iroriicae
245 1824 319 1878 urbis
333 1825 450 1894 episcopi
463 1826 497 1878 ad
509 1823 649 1895 praefatum
665 1826 858 1880 monasterium
872 1824 912 1879 le·

123 1914 220 1982 galitcr
233 1914 405 1968 coutulerunt
418 1933 424 1967 ε
442 1915 566 1969 similiter
578 1916 671 1971 uineas
684 1924 711 1971 et
726 1923 814 1971 terras
826 1924 913 1970 arato-

125 2006 179 2059 rias
194 2021 226 2059 ac
238 2013 314 2075 prata
329 2021 389 2074 quae
410 2006 437 2059 in
459 2006 574 2060 circuitu
592 2008 734 2061 memorati
755 2006 912 2062 monasterii

125 2094 153 2146 8.
166 2093 302 2149 Columbae
315 2109 375 2149 esse
386 2103 548 2160 noscuntur3
565 2104 645 2165 atque
657 2095 799 2167 hospitiola
812 2111 872 2165 quse
885 2095 912 2149 in

126 2185 183 2238 loco
197 2184 242 2253 qui
262 2184 360 2238 dicitur
373 2183 493 2250 canalis,
515 2200 577 2241 esse
597 2195 756 2241 noscuntur.
778 2186 831 2242 Sed
845 2203 913 2257 quo-

27 2260 32 2271 ’
124 2275 197 2328 uiam
218 2273 344 2343 deinceps
368 2283 548 2328 memoratum
572 2276 766 2330 monasterium
788 2290 837 2344 per
851 2276 914 2330 sub-

125 2365 274 2434 reptionem
288 2364 467 2433 quorumdam
481 2363 609 2418 Ecclesiae
623 2363 763 2418 Senonicae
778 2365 914 2419 subditum

125 2453 227 2517 fuerat,
249 2452 312 2506 licet
334 2454 386 2506 boc
405 2452 494 2507 denuo
514 2452 642 2522 liquidius
654 2463 862 2524 cognoscentes,
886 2453 914 2507 iu

125 2559 173 2598 suo
186 2557 247 2596 eum
263 2539 373 2613 [ipsum]
381 2539 443 2609 jure
455 2551 483 2596 et
494 2541 678 2597 dominatione
697 2557 729 2596 ac
743 2542 914 2612 propriorum

125 2635 252 2687 olibetum
266 2633 397 2704 regimine
411 2633 660 2698 constituissemus;
677 2635 788 2689 ueniens
801 2648 915 2688 reuera·

125 2726 185 2780 bilis
198 2725 240 2779 uir
252 2723 404 2795 Supplicius
414 2722 533 2792 ejusdem
547 2725 630 2779 abbas
642 2725 756 2780 coenobii
771 2725 803 2780 ad
815 2733 915 2780 nostrae

125 2817 273 2886 majestatis
283 2815 454 2885 praesentiam
469 2815 606 2870 humiliter
624 2822 744 2870 nostram
754 2813 915 2884 supplicavit

124 2909 306 2972 clementiam,
322 2915 352 2961 ut
373 2917 493 2962 nosram
513 2915 663 2962 mercretur
684 2907 824 2978 percipere
846 2921 915 2975 prae·

125 2999 291 3068 ceptionem,
309 3012 451 3067 perquam
467 2997 568 3052 uostris
581 2996 732 3065 futurisque
747 2995 915 3064 temporibus

126 3088 196 3142 idem
214 3098 337 3142 nostrum
355 3087 528 3142 constitutum
543 3085 744 3154 firmamusque
763 3081 950 3168 inuiolabileC

124 3188 304 3248 permaneret.
319 3177 401 3246 Curius
412 3177 590 3248 petitionibus
602 3176 745 3230 favendum
758 3176 868 3245 dignuin
881 3189 912 3229 ac

125 3270 285 3326 rationabile
295 3270 460 3338 judicantes,
475 3271 525 3324 bos
539 3277 645 3324 nostros
660 3268 812 3337 imperiales
823 3267 914 3337 apices

124 3375 188 3430 erga
203 3360 375 3429 saepedictum
399 3360 591 3413 monasterium
612 3357 672 3411 beri
692 3357 840 3426 jussimus,
865 3371 914 3426 per

124 3465 192 3519 quos
213 3451 383 3522 precipimus
403 3459 483 3520 atque
499 3450 634 3505 sancimus
656 3457 685 3503 ut
706 3447 770 3504 nulli
791 3448 913 3503 ecclesiae

126 3543 166 3596 sul
176 3542 276 3604 ditum,
298 3542 386 3595 sedin
403 3556 452 3595 suo
465 3555 628 3609 suorumque
643 3548 777 3593 rectorum
793 3539 913 3594 dominio

126 3638 154 3683 et
166 3630 360 3699 gubernatione
375 3630 481 3697 degens,
499 3628 564 3681 nibil
579 3627 701 3693 obsequii
714 3634 761 3679 aut
773 3626 914 3680 solutionis

125 3720 167 3774 sel
187 3722 332 3788 quidquam
353 3717 456 3770 servitii
476 3714 509 3769 de
530 3714 687 3768 memoratis
705 3713 774 3768 uillis
792 3713 846 3767 ullo
865 3729 914 3767 un-

125 3820 207 3874 quam
224 3817 342 3872 surripere
358 3804 459 3868 solvat,
475 3813 520 3857 aut
535 3803 640 3856 soluere
654 3802 849 3871 compellatur:
866 3801 914 3855 sed

125 3908 234 3964 semper
248 3895 348 3963 absque
363 3895 416 3950 ulla
431 3895 472 3950 sui
487 3894 663 3950 dimiruitioue
680 3895 706 3947 iu
721 3909 785 3948 usus
800 3893 913 3948 fratrum

1297 1362 1421 1418 CCXVll.

998 1476 1000 1480 ι
1042 1457 1092 1496 ruo
1110 1456 1257 1496 necessust
1271 1456 1303 1588 (si
1317 1456 1480 1586 ιιιιὲτθοῗιι
1498 1456 1673 1498 souasrsnto.

1307 1535 1359 1572 arro
1429 1559 1434 1571 .

965 1611 1016 1684 [Eu
1028 1613 1234 1683 probationibus
1246 1612 1370 1665 Historiis
1381 1610 1537 1678 Britannice,
1551 1627 1613 1683 pag.
1625 1611 1671 1676 50,
1683 1613 1754 1682 apud

1215 1682 1247 1736 l).
1260 1682 1406 1751 bouquet,
1419 1681 1496 1753 itia]

1373 1778 1400 1825 et
1420 1771 1568 1826 Salvatoris
1589 1773 1675 1827 nostri
1688 1772 1755 1830 lesa

963 1859 1084 1924 Christi,
1108 1862 1272 1927 Ludouicus,
1287 1862 1376 1917 divina
1392 1863 1585 1933 repropitiante
1600 1864 1755 1932 clementia,

963 1954 1112 2024 imperator
1123 1952 1272 2024 Araqustus.

1000 2041 1028 2096 Si
1048 2042 1120 2096 illius
1139 2058 1247 2106 amore,
1267 2052 1320 2098 etc.
1334 2045 1357 2095 b.
1385 2042 1466 2111 Crrjus
1489 2053 1600 2113 precatu
1622 2046 1754 2115 permoti,

963 2133 1043 2187 simul
1061 2145 1089 2188 ct
1105 2135 1214 2188 hortata
1230 2143 1311 2204 atque
1326 2134 1479 2189 interuentu
1494 2135 1581 2190 bilelis
1600 2137 1685 2191 nostri
1702 2136 1757 2192 Ne-

964 2225 1053 2279 miuoe
1067 2226 1233 2288 commoniti,
1248 2226 1411 2297 complacuit
1423 2228 1563 2281 serenitati
1578 2237 1678 2283 nostrae
1699 2228 1756 2298 pla·

963 2315 1023 2368 bem
1039 2330 1099 2383 qum
1114 2315 1225 2369 flainnac
1238 2318 1403 2380 nominatur,
1425 2333 1486 2371 cum
1506 2319 1580 2372 omni
1601 2319 1756 2389 integritate

964 2419 1028 2468 sua,
1050 2418 1099 2457 uec
1114 2418 1165 2457 nou
1182 2411 1210 2458 et
1224 2403 1347 2459 locellum
1368 2406 1412 2474 qui
1432 2407 1587 2461 nominatur
1600 2407 1679 2471 Plaz,
1701 2408 1756 2462 imo

964 2501 990 2547 et
1009 2494 1169 2564 plebiculam
1187 2511 1247 2564 quaa
1267 2496 1421 2551 nominatur
1434 2497 1540 2561 Ardon,
1560 2500 1692 2567 perhanc
1706 2515 1755 2555 no·

964 2593 1048 2639 stram
1062 2587 1251 2641 auctoritatem
1267 2596 1418 2642 memorato
1432 2589 1597 2643 monasterio
1608 2597 1689 2659 atque
1699 2605 1757 2646 mo·

964 2677 1060 2732 nacbis
1072 2678 1170 2733 ibidem
1182 2678 1238 2733 Deo
1248 2693 1297 2747 per
1308 2679 1433 2734 diuturna
1446 2687 1567 2748 tempora
1577 2680 1757 2735 militantibus

965 2768 1081 2832 tradere,
1095 2779 1147 2824 etc.
1164 2780 1175 2808 ⁶

1001 2858 1067 2914 bita
1080 2876 1110 2913 ru
1124 2860 1182 2914 llal.
1199 2860 1377 2931 Septembris,
1399 2877 1479 2926 anuo,
1502 2862 1610 2918 Christo
1623 2863 1752 2933 propitia,

964 2947 1000 3002 25
1013 2949 1119 3018 imperii
1131 2951 1232 3005 domini
1253 2950 1392 3018 ludovici,
1410 2953 1558 3007 indictione
1571 2952 1605 3007 lb
1615 2951 1639 3005 f.
1656 2952 1755 3007 Actum

966 3037 1105 3095 liarisiaco
1131 3042 1231 3110 palatio
1258 3042 1333 3113 regio
1361 3043 1389 3097 iu
1418 3044 1464 3098 bei
1491 3043 1601 3098 nomine
1628 3043 1753 3098 feliciter.

965 3127 1062 3184 Arnen.

1291 3202 1426 3259 ccxt'ttt.

1080 3307 1131 3348 aso
1149 3309 1317 3350 massaneto
1336 3311 1456 3350 criassust
1476 3311 1599 3352 perscore
1610 3305 1633 3353 ⁰.

1271 3374 1357 3444 (Arina
1375 3375 1449 3444 856.)

964 3462 1053 3535 [Apud
1067 3462 1236 3530 Grsndidier,
1259 3464 1329 3522 fiiri.
1349 3466 1382 3520 de
1400 3466 1508 3533 tautae
1525 3468 1557 3522 ile
1577 3466 1753 3540 Strarbourp,

1221 3545 1286 3588 torn.
1299 3534 1330 3598 ll,
1346 3550 1407 3604 pag.
1421 3535 1496 3606 sits]

998 3622 1026 3676 ln
1040 3624 1148 3679 nomino
1161 3622 1267 3678 Douriui
1282 3625 1329 3678 bui
1344 3624 1493 3681 Salratoris
1506 3627 1592 3681 nostri
1604 3626 1667 3683 lesu
1677 3629 1754 3684 Clari·

964 3712 1008 3773 sti,
1020 3711 1182 3777 Ludosicus,
1197 3714 1285 3766 divina
1300 3715 1495 3783 repropitiante
1506 3715 1657 3785 clementia,
1670 3718 1755 3786 impc-

965 3809 1038 3855 rator
1049 3800 1187 3872 dugrrstus

1000 3890 1096 3945 Notum
1111 3893 1145 3946 sit
1160 3894 1240 3964 igitur
1254 3894 1359 3949 cunctis
1374 3893 1497 3950 fidelibus
1511 3905 1612 3952 sancta
1625 3897 1753 3954 Ecclesia

125 3987 192 4041 inibi
210 3985 265 4040 beu
280 3986 451 4041 militantium
468 3985 605 4054 uariisque
620 3983 727 4038 illorum
742 3983 912 4038 necessitati-
964 3981 1133 4051 nostrisque,
1151 3983 1326 4052 praesentibus
1341 3985 1444 4039 scilicet
1458 3993 1485 4039 et
1498 3984 1610 4052 futuris,
1631 3988 1694 4058 quia
1712 3989 1752 4044 di·

126 4079 175 4131 bus
199 4076 375 4141 deserviaut;
407 4091 457 4129 nec
482 4075 617 4145 quispiam
645 4089 739 4128 earum
765 4074 913 4143 quidquam
963 4069 1048 4125 lectus
1063 4069 1146 4125 frater
1161 4080 1252 4127 noster
1274 4072 1361 4143 [trogo
1376 4073 1385 4111 f
1401 4074 1619 4145 archiepiscopus
1637 4085 1664 4130 et
1681 4078 1751 4132 sacri

124 4168 421 4237 cijrrsdcnrautaltcrius
432 4166 607 4236 professionis
619 4167 702 4219 abbas
716 4165 741 4218 in
752 4157 912 4221 beneficium
963 4160 1055 4230 palatii
1079 4161 1162 4215 nostri
1173 4161 1423 4231 ,arcliicapellatiusi
1446 4177 1497 4217 ¹¹0⁰
1517 4178 1571 4218 1¹0⁰
1594 4163 1752 4219 Rssitldtts⁸
1852 4210 1857 4219 .

125 4262 241 4330 cuipiam
255 4260 320 4315 dare
332 4268 494 4329 prasuruat:
514 4257 574 4318 sed,
593 4256 664 4310 sicut
677 4256 803 4318 (fiximus,
819 4268 912 4309 corum
964 4251 1056 4305 itidem
1069 4251 1220 4320 episcopus,
1239 4261 1360 4306 nostram
1375 4251 1503 4307 adeuntes
1518 4253 1751 4310 mansuetudinem

126 4349 218 4403 usibus
236 4362 438 4418 pauperumque
453 4345 652 4415 receptionibus
665 4344 821 4413 perenniter
834 4343 912 4398 obse·
964 4342 1145 4402 innotuerunt,
1157 4356 1189 4395 eo
1201 4341 1270 4410 quod
1284 4343 1346 4396 dum
1360 4342 1449 4397 alirino
1459 4341 1561 4411 judicio
1573 4346 1751 4414 quorumdam

125 4446 251 4505 quantur.
271 4436 309 4490 Ea
323 4451 389 4490 rcro
403 4449 462 4503 quae
477 4434 510 4487 ad
525 4432 665 4487 sarcienda
679 4431 799 4500 ejusdem
816 4447 910 4486 mona·
923 4440 950 4498 1)
963 4431 1149 4486 malevolentia
1175 4441 1202 4485 ct
1225 4430 1341 4487 factione
1367 4434 1515 4488 honoribus
1538 4436 1646 4491 coelitus
1673 4437 1751 4492 nobis

124 4526 200 4579 suerii
215 4533 285 4580 tecta
299 4526 451 4580 neccssaria
461 4523 571 4588 fuerint,
583 4523 615 4578 de
626 4523 814 4578 communibus
827 4523 912 4593 ipsius
962 4525 1066 4580 collatis
1080 4525 1153 4580 dilati
1170 4525 1313 4580 fuissemus
1325 4527 1351 4591 i,
1374 4533 1401 4579 ct
1416 4527 1598 4582 verendarius
1612 4530 1618 4568 i
1636 4543 1750 4584 tenera·

162 4637 291 4706 Ι(Σοιιίς.
306 4637 398 4690 indict.
412 4635 457 4689 ll.

628 4684 638 4702 ,
963 4637 1044 4698 situs,
1064 4637 1168 4704 primus
1184 4636 1254 4689 inter
1269 4651 1362 4690 omues
1381 4636 1541 4704 subscripsit
1554 4636 1643 4705 Dropo
1657 4636 1749 4691 archi-

163 4705 224 4760 blit
243 4721 324 4776 supra
343 4705 370 4759 in
390 4715 524 4776 praecepto
543 4721 591 4776 pro
610 4706 705 4760 eodem
727 4706 910 4772 monasterio,

962 4708 1113 4775 episcopus.
1130 4705 1290 4758 Nrrnriuatur
1299 4705 1387 4774 Droqo
1396 4706 1479 4772 frater
1488 4716 1512 4758 et
1524 4706 1749 4829 urcbr'cnpeffunes

124 4774 177 4830 col.
192 4774 272 4829 tati.
329 4844 335 4855 .
358 4845 363 4856 .
963 4786 1050 4856 uester
1063 4777 1090 4828 in
1104 4775 1248 4856 diplomate
1261 4776 1388 4857 liudovici
1404 4774 1454 4837 l’ii,
1468 4790 1521 4844 quo
1534 4791 1578 4856 au..
1592 4776 1625 4830 83
1657 4790 1749 4831 uuona-

158 4844 545 4970 idttltllldunm
559 4915 591 4969 u
962 4843 1750 4984 :attitulastittllllttilllillidimus·

160 4931 907 5067 iEdidifdiplouiaschoepttinus3'slsat.diplqmaomt,
961 4982 1077 5092 papas.
1428 4954 1454 5065 ι’
1515 4954 1522 4968 '
1630 5053 1636 5066 ·
1725 4952 1746 5065 .'

123 5053 242 5176 terti
259 5053 909 5180 tiillitttidllttlddilatrabat
963 5052 1748 5192 institituitlldliltillaudabiles*

124 5140 295 5272 triclinius,
314 5183 393 5259 quale
411 5206 444 5272 eir
463 5170 629 5274 arutoqrapbo
649 5195 810 5265 descriptum
828 5194 858 5246 b.
875 5196 907 5248 de
962 5193 1090 5262 illumque
1109 5193 1186 5263 jussu
1206 5194 1242 5246 im
1271 5194 1377 5247 ,ratnris
1390 5192 1465 5272 clusit
1486 5192 1517 5272 in¹
1532 5192 1668 5274 abbatiam
1682 5160 1746 5273 l'ul1

123 5259 274 5400 1οἳιὸἓὲἑὲ
283 5270 593 5452 Οὲἱιίἳιῐὲιέιιωιιῖἶίηῇιιῗιί,
617 5333 759 5401 episcopus
780 5330 908 5386 lfeteusis
958 5263 1130 5393 fifffl'rr'si's}
1145 5271 1243 5387 ffirffrart
1260 5260 1603 5398 oppugssuurffiissapffla
1611 5260 1747 5385 adEcgffi

123 5413 167 5450 an.
181 5399 233 5452 8³8
246 5399 343 5462 factus,
365 5412 471 5465 semper
485 5399 536 5453 fide
548 5403 569 5455 is
583 5403 712 5455 remansit
727 5400 805 5454 fratri
819 5400 908 5454 Ludo-
957 5400 1019 5460 ast.
1032 5399 1094 5461 sat,
1104 5401 1155 5454 858
1168 5409 1300 5480 memorat
1315 5400 1458 5459 Eccardus,
1472 5398 1593 5457 Francis
1605 5399 1747 5458 orientalis

124 5468 184 5520 vion
197 5468 255 5531 Pie,
276 5476 306 5521 ut
324 5467 439 5537 probant
450 5467 566 5524 Annales
583 5470 737 5530 bertiniani,
754 5470 824 5537 apud
839 5469 908 5524 Bou·
958 5477 1024 5522 toni.
1037 5467 1069 5528 ll,
1082 5483 1142 5538 pag.
1156 5469 1219 5531 888,
1232 5468 1285 5522 aare
1298 5480 1321 5523 ct
1336 5470 1398 5522 509.

123 5547 246 5604 qustum,
260 5544 326 5590 tom.
340 5537 386 5598 tt,
402 5551 462 5606 pag.
479 5536 538 5590 485.
558 5537 661 5593 Titulus
674 5539 840 5607 archiepisco
860 5537 866 5549 '
883 5541 907 5594 ei
993 5539 1006 5577 u
1020 5537 1121 5591 diludia
1132 5539 1277 5607 imperator
1288 5537 1438 5592 blidericus
1449 5536 1512 5591 Pius
1521 5536 1557 5618 ad
1570 5553 1646 5592 suam
1658 5538 1692 5593 de
1703 5552 1746 5594 so·

124 5607 234 5661 bonoria
251 5622 332 5661 causa
351 5604 401 5659 furit
419 5605 532 5660 ulalatus.
556 5606 585 5661 ln
601 5607 676 5662 ‚lctis
693 5608 799 5661 concilii
820 5608 841 5661 l'
960 5607 997 5662 lio
1010 5621 1080 5660 anuo
1091 5606 1145 5660 835
1156 5606 1270 5662 nefande
1283 5607 1380 5662 factam
1394 5608 1618 5662 deturbabouem.

124 5679 202 5732 dareris
215 5676 294 5742 uitta,
308 5692 361 5749 qno
375 5675 448 5732 Eblro
463 5675 622 5730 lllremcnsis
639 5690 684 5730 au.
698 5676 749 5731 855
764 5675 813 5731 fuit
827 5677 908 5747 depo·
1000 5678 1008 5717 i
1023 5674 1061 5732 be
1072 5676 1235 5734 leucadario
1246 5676 1386 5747 sequenda
1398 5677 1481 5732 tradit
1489 5675 1509 5732 F
1511 5686 1654 5736 citonatus
1664 5676 1747 5747 Seres
