3832 6120
144 337 200 396 χω
629 325 656 383 S.
675 324 850 384 nodutum
869 322 1024 382 uttscott
1044 323 1289 384 susannense
1726 335 1780 392 200

125 453 306 517 ·sudieutss;
326 452 427 518 quanto
444 442 530 515 magis
551 441 688 498 mutuatio
707 454 835 495 manuum
851 446 879 495 et
893 437 977 500 atr-A
1023 435 1088 494 lieu
1101 442 1170 496 enim
1192 443 1280 496 omniu
1294 441 1318 494 ri
1340 440 1470 496 uobiscum
1491 443 1579 498 adsint
1602 455 1627 499 et
1645 462 1780 518 sumrem,

146 542 272 600 mosum?
989 543 1042 583 non
1055 546 1149 586 vacuos
1167 548 1213 586 nec
1227 532 1282 587 sine
1300 532 1389 603 fructu
1402 549 1445 588 eos
1458 536 1615 590 constituent
1630 537 1658 592 in
1674 538 1783 601 Iioutini

180 632 240 689 Non
255 644 339 686 unum
357 642 425 698 opus
442 639 570 697 pravum,
592 629 639 678 aut
658 637 723 692 pars
739 635 871 691 operum,
891 618 938 676 sed
988 623 1071 677 nostri
1082 621 1147 677 desa
1158 621 1257 678 Cuncti
1268 624 1449 694 coqnitionem.
1465 624 1515 680 Cui
1528 628 1597 682 enim
1616 645 1668 684 non
1686 643 1783 703 presto

146 738 226 779 omne
239 736 318 790 opus,
333 720 404 775 sicut
416 724 445 773 et
463 716 564 771 Paulus
576 714 715 770 ostendit:
731 712 781 766 liis
793 721 881 766 autem
894 712 938 783 qui
988 724 1048 770 sunt
1062 717 1128 785 brec,
1142 733 1226 772 cecus
1238 725 1286 783 est,
1300 725 1325 771 et
1338 732 1418 771 marra
1435 725 1549 784 tentans,
1564 719 1720 777 obliuionem
1735 741 1782 780 ac-

146 828 180 868 er
190 812 363 873 contentione,
375 808 454 870 etqui
465 823 517 861 non
528 806 693 877 acquiescunt
705 803 817 868 ueritati,
829 803 939 857 credunt
988 807 1095 877 cipiens,
1116 807 1297 877 parqotionem
1308 816 1423 861 ueterum
1442 824 1550 862 suorum
1566 806 1784 870 delictorum.'1n

146 913 234 958 autem
246 901 391 973 iniquitati,
405 901 446 954 ira
461 907 485 953 et
500 896 659 966 indiqnutio,
674 893 807 948 tribulatio
820 901 845 947 et
856 908 939 964 anqu-
988 895 1037 949 lroc
1049 896 1181 966 manifesti
1198 906 1259 951 sunt
1277 896 1328 966 filii
1340 896 1390 952 lici
1401 906 1425 950 et
1439 897 1489 968 filii
1501 897 1608 954 diaboli.
1632 899 1725 959 Omnis
1737 907 1784 976 qui

146 995 198 1048 stia
210 995 238 1047 in
250 1009 351 1046 onrnem
364 991 480 1045 animam
495 987 607 1041 bominis
621 985 752 1055 operantis
765 981 874 1037 malum.
988 1003 1042 1041 non
1055 997 1091 1041 est
1107 987 1207 1058 fastus,
1220 1004 1271 1042 non
1283 997 1321 1042 est
1333 989 1365 1043 de
1378 988 1452 1055 Deo;
1467 999 1491 1043 et
1505 991 1550 1061 qui
1562 1006 1613 1045 non
1624 991 1710 1064 diliqit
1724 994 1783 1065 fru-

123 1128 134 1141 .
182 1083 248 1150 Qua
260 1092 347 1136 autem
359 1082 496 1135 desursum
508 1085 546 1132 est
557 1076 697 1145 sapientia,
709 1076 822 1144 primum
834 1071 939 1145 quidem
988 1089 1053 1133 erem
1066 1093 1143 1131 snum
1158 1091 1167 1130 :
1182 1079 1306 1149 quoniam
1325 1078 1380 1132 duc
1394 1088 1431 1133 esc
1446 1082 1623 1148 annunciatio,
1638 1099 1717 1153 qnam
1732 1101 1782 1139 au.

145 1176 243 1248 pudiea
256 1184 305 1241 est,
318 1173 411 1228 deinde
425 1170 545 1245 pacifica,
560 1169 689 1233 modesta,
703 1165 849 1231 suadibilis
866 1165 940 1219 bonit
988 1172 1062 1226 distis
1082 1171 1115 1225 ab
1129 1171 1215 1235 initio,
1237 1180 1265 1224 ut
1281 1170 1423 1240 diiiqamus
1444 1169 1610 1225 alterutrum.
1634 1173 1696 1228 Non
1715 1176 1782 1229 sicut

145 1267 318 1330 consentiens,
341 1265 418 1336 plena
439 1260 636 1325 misericordie,
658 1267 683 1312 et
704 1256 832 1326 fructibus
853 1255 938 1320 bonis,
989 1261 1067 1327 Cain,
1088 1261 1133 1333 qui
1153 1277 1185 1314 eu
1205 1260 1321 1331 ntuliqno
1334 1270 1400 1325 erat,
1417 1271 1441 1316 et
1462 1263 1556 1316 occidit
1571 1262 1680 1330 fratrem
1694 1282 1782 1321 suum.

141 1358 267 1430 judicans
279 1358 335 1411 sine
349 1352 527 1410 simulatione.
549 1349 665 1404 Fructus
680 1358 767 1403 autem
783 1346 895 1417 justitia
911 1348 940 1401 in
988 1352 1024 1407 Et
1043 1362 1149 1424 propter
1169 1353 1233 1424 quid
1255 1353 1350 1407 occidit
1370 1354 1450 1407 eunt?
1471 1354 1603 1420 Quoniam
1623 1373 1702 1426 opera
1724 1359 1783 1429 ejus

144 1467 209 1522 pace
222 1451 367 1504 seminatur
381 1443 537 1516 facientibus
553 1459 652 1511 pacem.
988 1444 1105 1515 malique
1120 1455 1211 1509 erant:
1235 1445 1329 1514 fratris
1348 1455 1435 1498 autem
1448 1445 1505 1515 ejus
1523 1445 1608 1514 fusto.
1626 1445 1716 1502 Nolite
1732 1451 1783 1504 mi·

181 1540 331 1610 Perpende,
344 1536 466 1606 ojudex,
480 1535 544 1604 quia
559 1532 604 1587 illa
620 1530 752 1601 sapientia
766 1543 827 1600 qum
837 1528 940 1598 judicat
989 1537 1054 1601 ruri,
1066 1536 1172 1605 fratres,
1183 1538 1207 1590 si
1217 1537 1271 1590 odit
1282 1553 1326 1591 ros
1339 1537 1462 1590 mundus.
1479 1521 1535 1590 No's
1548 1539 1645 1592 scimus
1658 1541 1783 1611 quoniam

144 1630 203 1687 tine
224 1628 412 1691 Simulallffllfl·
438 1623 499 1680 (¹0¹⁰
525 1631 554 1678 ⁰²
577 1622 687 1688 fraude»
712 1621 825 1692 pacifica
848 1627 892 1677 est
912 1627 940 1675 el
989 1627 1112 1682 translati
1123 1644 1213 1682 sarnus
1224 1627 1256 1682 de
1268 1637 1350 1682 morte
1364 1629 1392 1682 in
1405 1630 1494 1693 uitam,
1510 1631 1633 1702 quoniam
1649 1631 1783 1702 diliqimus

143 1722 223 1793 plena
237 1718 440 1775 misericordius.
989 1719 1095 1789 fratres.
1112 1717 1165 1785 Qui
1181 1736 1232 1774 non
1252 1719 1337 1790 diiiqit
1352 1720 1462 1789 fratrem
1485 1720 1573 1789 mut,
1587 1720 1718 1777 homicida
1733 1734 1781 1778 est.

167 1833 255 1889 ‘Unde
270 1830 336 1887 peu,
351 1840 375 1885 eq
394 1831 452 1886 me,
470 1831 498 1884 q„
511 1829 604 1884 voqup
621 1827 716 1882 Nonne
733 1827 793 1880 mm
802 1826 815 1880 ,t
831 1842 864 1881 eu
876 1841 938 1880 00„-
949 1805 975 1868 B
988 1809 1023 1864 Et
1045 1811 1119 1864 scitis
1132 1811 1254 1882 quoniam
1270 1811 1353 1865 omnis
1375 1810 1507 1865 lromicida
1530 1828 1583 1865 non
1605 1800 1681 1866 babel
1703 1814 1782 1868 uitam

143 1926 308 1998 cupiscentiis
324 1925 424 1989 uestris,
439 1939 498 1994 quce
512 1921 627 1975 militant
647 1920 675 1974 in
693 1917 814 1973 membris
828 1917 941 1973 uestris?
989 1908 1114 2003 ΜΨ
1127 1900 1155 1953 5²¹
1169 1908 1366 2001 wumflbssdlem·
1383 1899 1416 1953 dn
1430 1901 1477 2002 (¹⁰⁶
1491 1902 1656 1971 ⁶⁰bb⁰m⁹m¹i³
1669 1903 1784 1956 ‘bibilla-

143 2015 345 2089 Concupiscitis,
368 2025 392 2071 ct
415 2032 467 2069 uon
490 2013 590 2068 bebetis
606 2026 615 2065 .·
631 2010 761 2077 occiditis,
784 2021 808 2064 et
830 2008 939 2076 aelatis3
988 1997 1040 2044 lim
1051 1987 1112 2055 Βῆ,
1124 2005 1249 2060 ‘lumnam
1260 1987 1305 2043 'll‘
1317 2006 1364 2060 ΡΝ)
1380 1990 1452 2045 “⁰⁶¹³
1466 1992 1583 2046 “limbi''
1595 2008 1671 2047 suam
1684 1994 1781 2064 pmii·

143 2125 197 2164 non
211 2109 318 2180 potestis
333 2105 465 2178 adipisci:
482 2105 601 2176 litiqatis,
622 2111 646 2156 et
666 2101 834 2171 belliqerutis,
850 2109 872 2153 ct
888 2117 940 2154 non
988 2088 1013 2135 α
1026 2097 1072 2137 ¹³⁰⁸
1087 2080 1208 2136 ‘filimi
1222 2097 1269 2154 Ρτο
1282 2081 1409 2152 lisslsllui
1422 2096 1526 2154 imme·

143 2204 254 2269 lta'betis,
269 2210 374 2274 propter
392 2200 461 2274 quod
476 2216 528 2253 non
546 2195 708 2269 postulastis.
728 2191 830 2257 Petitis,
847 2201 871 2247 et
887 2209 940 2247 non
1023 2190 1123 2261 Aperte
1134 2192 1179 2247 hic
1189 2192 1307 2247 ostendit
1321 2191 1467 2263 Apostolus
1478 2194 1542 2264 quia
1556 2195 1599 2250 eui
1613 2195 1655 2251 hm
1668 2196 1782 2254 virtutes

144 2294 279 2366 accipitis;
294 2291 406 2364 eoquod
422 2288 596 2360 malepetatis
611 2288 706 2340 :utin
725 2283 940 2356 concupiscentiis
989 2287 1103 2354 adsunt,
1124 2302 1178 2341 non
1197 2295 1239 2343 est
1257 2287 1450 2356 infructuosus,
1470 2299 1498 2344 et
1516 2306 1632 2357 saeuum
1654 2294 1699 2349 eui
1717 2309 1783 2351 tero
1832 2328 1835 2333 .

144 2387 234 2441 ratris
248 2383 398 2438 insumatis.
413 2378 545 2445 Adulteri,
567 2378 670 2432 nescitis
682 2377 745 2449 quia
759 2375 876 2430 amicitia
890 2374 941 2428 bu·
987 2390 1042 2432 uon
1057 2374 1165 2442 adsunt,
1178 2391 1266 2433 eaecus
1279 2386 1331 2443 est,
1346 2385 1374 2431 et
1387 2377 1414 2431 in
1429 2379 1547 2434 tenebris
1558 2382 1707 2438 ambulans.

137 2474 269 2546 jusmodi,
286 2473 393 2527 {illinisti
409 2482 446 2525 θεῖ
458 2469 530 2524 Μ’
1023 2485 1173 2542 Benedicite
1190 2486 1401 2558 persequentibus
1416 2504 1475 2552 eos,·
1491 2487 1644 2557 benedicite,
1660 2500 1684 2545 et
1703 2491 1782 2547 nolite

178 2565 255 2623 [lude
268 2565 323 2620 sini
337 2563 406 2618 bella
420 2570 448 2616 ll
459 2562 532 2628 libes,
546 2567 640 2630 adelti
652 2559 697 2614 ¹¹50
709 2557 870 2613 ⁰⁵le¹¹dl¹¹¹f·
988 2575 1151 2633 maledicere.
1163 2573 1280 2631 Gaudete
1290 2592 1349 2629 cum
1358 2577 1542 2647 prudentibus,
1555 2579 1615 2647 fiete
1625 2595 1684 2634 cunr
1693 2581 1782 2651 flenti·

180 2656 334 2729 Quicunque
346 2673 407 2727 “9⁰
422 2655 533 2710 v0l¹l0il⁸
553 2654 653 2708 “²¹¹5“ss
666 2670 721 2708 0⁸⁵⁶
741 2651 831 2707 milli
847 2652 936 2722 libidis
989 2666 1046 2721 bus.
1066 2665 1099 2719 ld
1114 2666 1199 2737 ipsum
1219 2666 1327 2720 inuicem
1342 2668 1491 2734 sentientes,
1509 2685 1561 2723 non
1574 2669 1628 2724 alta
1641 2672 1781 2741 sopientes,

142 2750 265 2806 inimicus
277 2749 326 2804 Dei
345 2749 522 2803 constituitur.
538 2748 613 2818 dqite
628 2762 706 2812 nunc,
721 2744 824 2811 diuites,
837 2742 940 2816 plorate
988 2761 1033 2816 ,eq
1060 2761 1202 2815 pumqfqpm
1228 2761 1424 2816 commemo„
1449 2762 1539 2818 Nofffe
1566 2782 1621 2820 ωε
1643 2767 1783 2837 mame,

142 2841 273 2897 ululantes
286 2843 314 2896 t'tt
327 2841 438 2895 miseriis
451 2834 510 2911 duit?
523 2838 661 2893 albediem
674 2836 754 2892 2¹⁰⁶ss
989 2854 1060 2927 apud
1074 2857 1252 2926 nosmetipsos,
1268 2856 1334 2910 nulli
1356 2857 1455 2912 malum
1475 2874 1522 2928 pro
1537 2858 1607 2912 malo
1628 2861 1763 2916 reddentes
1772 2879 1782 2927 ,·

178 2951 245 3008 Cum
261 2967 314 3006 non
331 2951 412 3014 dicat,
431 2949 585 3019 Quicunque
599 2955 648 3012 est,
664 2946 712 3002 sed
727 2944 882 3016 Quicunque
896 2962 939 3000 oo·
988 2945 1152 3016 providentes
1167 2946 1244 3012 bonu,
1259 2962 1311 3000 non
1326 2955 1427 3001 tanturn
1448 2964 1537 3002 coram
1557 2948 1622 3016 Dro,
1645 2951 1782 3007 sedetiam

142 3041 220 3098 luerit
244 3042 345 3096 amicus
368 3056 423 3095 esse
445 3039 536 3094 seculi
558 3038 650 3109 liujus,
673 3045 800 3108 patenter
822 3037 940 3092 ostendit
989 3051 1079 3089 corant
1090 3036 1208 3090 omnibus
1220 3036 1367 3091 leontinibus
1379 3038 1402 3090 si
1411 3037 1470 3107 pieri
1481 3048 1576 3109 potest,
1589 3040 1659 3111 quod
1670 3042 1783 3098 morbis

142 3134 205 3204 quia
219 3133 313 3189 eodem
327 3132 408 3211 npodo
423 3146 477 3201 quo
489 3128 620 3184 Dominus
636 3128 787 3183 adulterum
799 3141 860 3184 esse
873 3142 938 3197 pro·
989 3136 1037 3194 est,
1060 3143 1120 3182 cum
1142 3128 1260 3183 omnibus
1283 3127 1432 3184 bominibus
1455 3147 1545 3202 pacem
1569 3132 1692 3189 babentes
1706 3148 1716 3186 :
1730 3151 1784 3192 non

143 3226 249 3282 nuntiat
262 3224 289 3278 in
301 3222 457 3293 Evangelio,
471 3221 516 3292 qui
528 3220 620 3275 uiderit
640 3218 776 3273 mulierem
792 3219 828 3273 ad
843 3234 938 3273 concu-
950 3190 974 3254 G
988 3221 1157 3289 nosmetipsos
1175 3218 1353 3292 defendentes,
1374 3221 1533 3288 citatissimi,
1553 3223 1598 3278 sed
1616 3226 1677 3279 date
1696 3225 1783 3281 locum

142 3314 296 3386 piscendam
309 3329 384 3377 earn,
401 3312 460 3382 jum
473 3312 615 3365 mucltatus
628 3319 665 3364 est
677 3325 736 3364 eum
747 3310 777 3363 in
789 3309 866 3364 corde
878 3326 938 3377 suo,
988 3310 1045 3364 irre.
1066 3309 1198 3381 Scriptum
1210 3318 1249 3365 est
1268 3313 1337 3365 enim
1351 3327 1360 3366 .·
1376 3311 1442 3366 Milri
1462 3312 1619 3380 uindictam,'
1640 3332 1687 3386 eqo
1707 3317 1784 3370 retri-

143 3408 249 3464 etiamsi
268 3406 302 3462 ad
321 3404 504 3476 expletionem
519 3404 611 3476 operis
630 3401 727 3458 nefarii
742 3418 796 3457 non
809 3416 940 3473 perreue-
988 3400 1076 3466 buum,
1095 3402 1158 3454 dicit
1173 3400 1313 3456 dominus.
1330 3400 1382 3457 Sed
1396 3404 1418 3456 si
1432 3405 1553 3459 esurierit
1573 3405 1695 3460 inimicas
1710 3416 1782 3472 tuus,

144 3498 190 3566 rit,
208 3497 362 3569 quicunque
383 3494 439 3550 vuit
457 3495 562 3550 amicus
580 3508 640 3549 esse
661 3491 752 3548 saeeuli
773 3489 863 3560 huius,
881 3488 939 3560 jam
988 3492 1045 3547 ciba
1059 3493 1134 3549 illurn
1148 3507 1157 3546 .·
1173 3495 1195 3548 ri
1209 3495 1274 3561 sitit,
1287 3505 1377 3566 potum
1391 3495 1426 3550 dn
1447 3495 1497 3550 illi.
1518 3495 1576 3551 Hoc
1589 3499 1658 3552 enim
1671 3498 1783 3568 faciens,

142 3589 249 3647 adulter
262 3597 314 3655 est,
327 3588 433 3644 etiarnsi
448 3603 501 3643 nou
512 3585 668 3658 pervenerit
681 3583 716 3640 ad
730 3584 847 3639 honores
859 3592 886 3638 et
900 3582 940 3639 di·
988 3584 1114 3639 carbones
1130 3586 1198 3658 iqnis
1209 3602 1331 3658 conqeres
1343 3604 1421 3658 super
1433 3598 1511 3659 caput
1526 3605 1595 3660 equs.
1612 3589 1675 3645 Noli
1688 3592 1783 3647 cincio

143 3685 224 3740 vitias
237 3682 338 3747 seculi,
349 3682 420 3739 sieut
432 3688 460 3736 et
472 3679 610 3751 apostolus
621 3678 720 3734 Paulus
731 3692 785 3732 non
798 3674 850 3743 Qui
860 3675 938 3746 fiunt,
988 3675 1067 3740 malo,
1090 3677 1135 3730 sed
1156 3677 1229 3731 uince
1248 3678 1277 3732 in
1297 3677 1363 3732 bono
1382 3663 1491 3735 malurn.
1513 3679 1612 3751 diliqer
1633 3683 1782 3752 proximum

143 3777 241 3849 iuquit,
257 3775 304 3832 sed
318 3774 370 3842 Qui
383 3773 471 3830 uolunt
483 3772 575 3828 diuites
588 3771 660 3842 fieri,
673 3769 792 3826 incidunt
813 3770 841 3824 in
854 3777 940 3824 tenta·
988 3774 1062 3821 tuum
1077 3777 1202 3839 tunquam
1220 3769 1341 3841 teipsum.
1360 3767 1469 3823 dilectio
1484 3769 1596 3839 proximi
1616 3771 1716 3826 malurn
1729 3789 1782 3829 non

141 3869 240 3925 tionem
252 3878 276 3924 et
289 3867 410 3939 laqueum
424 3865 534 3931 diaboli,
549 3879 582 3921 ac
594 3879 644 3936 per
655 3865 707 3919 hoo
720 3860 874 3918 efficiuntur
888 3859 940 3916 ini·
989 3869 1122 3931 operatur.
1139 3861 1277 3916 Plenitudo
1291 3877 1352 3933 erqo
1365 3861 1430 3932 leqis
1442 3872 1480 3916 ert
1491 3861 1606 3917 dilectio.

143 3960 210 4017 mici
223 3958 281 4015 Dei.
1023 3971 1083 4029 Non
1103 3973 1191 4030 solum
1210 3976 1336 4045 persequi
1355 3986 1548 4049 persequentes
1567 3996 1620 4036 uon
1641 3982 1782 4047 debemus,

179 4072 276 4128 Melius
297 4082 334 4127 est
347 4089 416 4127 enirn
431 4073 619 4142 oenefacienter
634 4070 867 4143 (simlituoirmtas
879 4069 939 4142 liei)
988 4064 1037 4121 sed
1049 4081 1138 4138 neque
1151 4068 1328 4136 maledioere,
1345 4074 1393 4127 sed
1406 4074 1581 4142 econtrario,
1594 4089 1628 4130 ex
1642 4076 1724 4132 eorde
1736 4077 1784 4133 be·

142 4163 210 4235 pati,
224 4178 304 4233 quarn
317 4160 522 4231 malefacientes.
989 4155 1125 4212 aedicere.

179 4273 243 4330 ilaec
262 4273 394 4329 sententia
416 4271 585 4329 demonstrat
603 4280 631 4329 et
649 4270 850 4328 benefacientes
868 4270 940 4325 mala
1026 4270 1073 4324 Vsu
1092 4271 1192 4325 mundo
1212 4273 1246 4327 ab
1266 4274 1415 4330 scandalis!
1439 4276 1534 4348 linqua
1547 4279 1655 4335 caecitas
1673 4287 1701 4336 et
1719 4295 1786 4354 pro·

145 4364 226 4435 hujus
239 4364 329 4420 saculi
347 4364 413 4436 pati,
428 4379 484 4420 nou
496 4373 600 4432 autern,
611 4371 641 4418 ut
657 4363 780 4435 plerique
792 4361 939 4428 estimant,
991 4358 1074 4414 lunda
1089 4359 1212 4416 miseria!
1229 4360 1352 4419 Nondum
1370 4368 1545 4436 eognovimus
1562 4370 1716 4439 proximum
1735 4387 1785 4427 no-

145 4456 217 4513 solos
231 4456 301 4512 mala
316 4456 456 4512 iacientes.
992 4449 1034 4506 bis
1047 4450 1148 4506 malurn
1163 4451 1273 4520 secisse;
1287 4464 1315 4509 et
1329 4465 1422 4512 nostro
1434 4459 1506 4514 malo
1519 4476 1649 4518 conamur
1661 4477 1723 4518 eum
1736 4465 1782 4535 qui

180 4571 271 4626 Estote
290 4573 377 4643 itaque
394 4572 534 4643 prudentes
553 4579 578 4625 ct
596 4570 702 4641 uiqilate
720 4570 748 4624 in
765 4569 935 4625 orationibus.
950 4530 978 4592 D
990 4541 1061 4599 [⁰¹¹oe
1072 4543 1204 4603 inmens
1215 4555 1259 4602 ²⁸²
1271 4547 1471 4606 ffl³¹⁸f³⁰²⁰f⁰m
1485 4553 1636 4608 windele-

145 4660 212 4716 Ante
234 4661 334 4727 omniu,
359 4671 477 4715 mutuam
511 4661 539 4714 in
574 4659 761 4732 uobismetipsis
784 4659 939 4715 charitatem
1026 4659 1085 4716 Non
1101 4661 1462 4721 solumllentesluceronon
1478 4666 1620 4734 debemus;
1635 4669 1785 4724 sedeeou-

145 4752 296 4807 continuum
310 4750 433 4805 babentes
447 4764 456 4802 .·
470 4751 532 4820 quia
552 4751 666 4804 claritas
686 4751 768 4820 operit
788 4749 938 4805 multitudi-
991 4752 1087 4819 trario,
1107 4768 1283 4827 quoscunque
1295 4755 1390 4813 dentes
1405 4758 1564 4826 viderimus,
1578 4757 1643 4816 dere
1663 4776 1725 4816 eum
1743 4760 1784 4818 eis

146 4858 204 4897 nera
220 4850 395 4912 peccatorum.
420 4837 471 4895 Vos
485 4848 573 4894 autem
592 4855 684 4892 curant
701 4854 802 4892 omnent
821 4838 938 4910 subinfe·
990 4854 1019 4903 et
1030 4846 1082 4918 ipsi
1095 4845 1235 4905 debemus.

145 4941 241 4998 rentes,
255 4929 402 4984 ministrate
423 4928 452 4982 in
471 4927 523 4998 fide
546 4937 632 4982 oestro
646 4930 777 4994 uirtutem,
798 4929 827 4983 in
847 4929 939 4984 uirtutt
1029 4963 1156 5019 Debemus
1171 4973 1259 5019 mm
1273 4980 1320 5019 nos
1341 4963 1470 5034 mmmm
1491 4965 1696 5023 ,mmmmm
1709 4968 1785 5038 infir·

118 5045 120 5049 ·
146 5017 399 5083 autcm'scientiam,
419 5017 569 5072 inscientia
590 5027 677 5071 autem
699 5017 893 5084 abstinentium,
911 5019 940 5073 in
992 5073 1094 5112 mmm
1107 5058 1235 5112 smum
1269 5065 1292 5111 ef
1314 5074 1367 5111 mm
1381 5058 1454 5113 nobi,
1475 5058 1587 5130 placen.
1602 5058 1785 5134 unusquique

146 5107 578 5179 abstinentiaautempatientiam,
600 5109 767 5179 inpatientia
783 5120 870 5165 autem
882 5109 938 5181 pie-
1062 5152 1069 5166 .
1208 5097 1245 5202 f'
1266 5150 1316 5203 ω.
1347 5149 1361 5203 ὁ
1399 5167 1415 5202 u
1481 5151 1499 5205 d
1535 5151 1562 5205 d.
1629 5153 1636 5165 .
1772 5182 1783 5194 .

991 5165 1171 5223 proximoruo
1190 5165 1265 5220 poce
1307 5166 1334 5204 m
1364 5166 1397 5204 on
1417 5166 1479 5204 mu
1511 5151 1772 5221 aspirationem&

146 5202 277 5267 tatem,in
286 5203 381 5274 pietate
391 5209 478 5255 autem
489 5216 605 5255 umorem
618 5199 802 5270 fraternitatis,
812 5204 841 5256 in
851 5217 940 5257 amore
992 5241 1062 5297 mm
1072 5237 1193 5296 cmm
1203 5255 1255 5293 m
1266 5239 1316 5293 „qn-
1327 5237 1444 5310 plumam
1458 5239 1503 5295 m
1515 5240 1582 5295 ‘fem
1593 5241 1719 5311 ‘cn-ptum
1730 5248 1785 5302 m:

146 5303 234 5348 “mm
247 5294 420 5398 lfflle'm'mfff
434 5295 598 5396 ΜΨ·
721 5384 727 5396 ,
993 5330 1158 5403 improperia
1170 5331 1402 5401 improperantium
1414 5331 1461 5385 tibi
1480 5332 1629 5386 ceciderunt
1641 5347 1721 5403 super
1733 5347 1783 5386 ms.

182 5381 241 5438 Nou
253 5384 335 5440 habet
345 5384 672 5441 continuameharrtateut
683 5398 728 5454 qut
739 5383 870 5440 adversus
880 5399 940 5455 pro·
994 5420 1162 5493 mmm
1174 5421 1243 5475 mim
1257 5421 1354 5493 3057„
1373 5432 1443 5488 m„
1459 5423 1494 5477 ,q
1507 5433 1624 5478 nomam
1638 5424 1785 5479 domm

147 5472 251 5528 nuum
265 5474 406 5544 consurgit
419 5474 454 5529 ad
467 5473 706 5545 oeuqrediendurn.
722 5472 777 5529 Sed
790 5481 818 5530 et
830 5474 883 5529 hoc
894 5489 941 5529 uo·
990 5515 1220 5586 mmmm
1232 5515 1698 5586 mmmmmommm
1714 5512 1785 5572 sm·

147 5561 260 5617 tandum
272 5561 336 5630 quta
345 5561 370 5617 si
379 5562 498 5618 charitas
507 5563 596 5634 operit
607 5562 807 5619 multitudinem
818 5568 941 5633 peccato
990 5617 1129 5682 mmm
1143 5555 1215 5679 ‘p'm
1228 5607 1380 5665 mmm

148 5667 225 5720 mm,
238 5651 305 5712 rire
318 5661 348 5712 et
359 5653 547 5713 nnunuonn
560 5654 700 5712 cumulant
711 5651 817 5726 copiam
828 5651 941 5725 daqitio

146 5758 217 5804 ,m
875 5808 879 5817 1
1026 5720 1087 5780 lion
1099 5721 1176 5779 sisci
1188 5721 1217 5778 in
1229 5721 1458 5794 bonumpimere,
1471 5732 1567 5781 eontra
1579 5738 1661 5796 qoem
1677 5728 1786 5779 exemto
