3832 6120
165 289 220 345 aas
642 290 677 345 s.
699 288 874 349 suessam
894 291 1046 349 aelscom
1065 292 1306 353 uucnunmsts
1753 281 1804 359 irs

167 401 301 476 peilan0],
319 410 347 459 et
360 413 373 442 ²
387 399 474 459 wala
505 402 608 470 abbati,
640 403 800 476 ilgobardus
825 405 959 462 seruulus.
974 407 1146 478 Apraecipue
1161 407 1188 462 in
1204 408 1360 479 apostolicis
1375 410 1473 468 litteris
1484 415 1558 470 omni
1571 414 1633 472 luce
1648 415 1749 475 clarius
1759 420 1807 477 de-

202 493 313 550 Norerit
328 496 508 550 mansuetudo
522 500 614 550 rastra
632 496 842 565 prudentissima
860 497 962 555 idcirco
1012 505 1189 553 rnonstratur.
1208 499 1336 570 Legimus
1355 515 1473 572 namque
1497 504 1525 559 in
1547 505 1601 561 tine
1626 506 1752 578 Epistoiae
1772 510 1806 567 ad

166 599 210 640 roe
224 585 257 640 ad
272 592 417 655 utrumque
429 585 636 656 presumpsisse
656 602 716 657 qum
733 597 883 657 saqutrntur
895 588 963 644 scri-
1011 585 1196 657 Philippenses
1209 587 1256 659 (rr,
1271 588 1316 660 ιι)
1332 589 1389 645 ita:
1406 589 1529 647 Saturam
1549 611 1593 650 ros
1606 611 1696 651 omnes
1710 599 1807 664 saneti,

165 679 241 743 bere,
256 679 383 748 quoniam
398 679 502 747 absque
518 677 645 750 ara'biguo
658 695 707 735 ros
727 679 789 735 nori
811 682 962 751 praecipuos
1011 677 1226 732 marrimandum
1242 679 1286 750 qai
1298 679 1331 733 de
1345 677 1459 735 casaris
1474 682 1552 737 domo
1566 694 1636 739 sant.
1652 685 1737 754 Quem
1753 688 1807 743 im·

120 784 121 788 ’
164 770 519 842 etpenesolnsinriallei
537 770 965 840 tlsseadjutoresbchristianis«
1010 769 1163 839 piissimum
1175 770 1310 826 Neronem
1325 770 1408 827 inisse
1422 789 1502 828 nemo
1517 775 1579 844 quis
1596 775 1811 847 dubitel3cujus

164 862 226 918 simi
239 861 421 932 imperatoris,
434 867 614 932 etproptorea
628 863 655 917 in
666 861 768 933 palatio
780 879 840 918 esse
854 875 865 902 ι
878 879 962 919 ιιιιιιιιι
1012 863 1174 918 domesticos
1197 872 1225 918 et
1243 864 1382 919 ministros
1405 864 1472 919 aulae
1494 864 1574 937 regine
1593 867 1683 923 nullus
1695 870 1809 944 ambigit

163 969 281 1025 semper,
297 963 324 1010 et
339 955 353 994 d
368 955 483 1010 altemm
500 953 666 1026 frequenter,
681 964 711 1011 ut
725 957 752 1011 in
764 957 891 1025 operibus
906 958 963 1028 pie·
1011 952 1203 1022 praedicatione
1211 954 1357 1023 apostolica
1371 970 1526 1022 corruersos,
1536 972 1674 1027 nurlqttam
1681 960 1809 1030 baptismi

165 1050 231 1105 ratis
242 1065 302 1120 qniae
313 1050 414 1119 absque
424 1050 497 1105 omni
509 1061 604 1105 errore
616 1049 772 1120 quaerenda,
788 1050 961 1117 invenienda,
1012 1043 1098 1113 gratia
1112 1043 1276 1099 sanctificari
1291 1047 1423 1115 potuisse.
1437 1047 1460 1101 si
1475 1045 1533 1115 cius
1552 1062 1634 1117 super
1648 1049 1700 1105 hac
1714 1067 1744 1107 re
1757 1068 1812 1110 ro·-

165 1139 280 1195 tenenda
294 1148 372 1204 srtnt,
395 1154 444 1194 vos
466 1139 504 1194 illi
518 1139 737 1211 prudentissimis
757 1141 854 1197 restris
867 1157 962 1214 sugge-
1012 1133 1104 1190 lhhihs
1112 1144 1158 1189 ³1¹¹
1168 1136 1312 1206 permissio
1323 1145 1544 1206 exspectaretur;
1557 1138 1602 1207 qui
1615 1140 1734 1198 hhhhlhth
1745 1159 1808 1214 tlar-

163 1235 610 1301 stionibussitisexhortatoreset,
619 1236 721 1301 ntdisi,
730 1234 877 1304 adiutores.
888 1237 962 1292 Scri·
1012 1223 1159 1278 secationis
1172 1229 1287 1288 ῑθιῐθῒθι
1296 1239 1349 1278 ¹¹⁰⁰
1363 1224 1449 1280 8⁰¹¹¹¹¹¹
1461 1225 1624 1293 ihttedhlffi,
1636 1243 1671 1284 ht
1681 1230 1715 1284 hd
1726 1231 1808 1287 fldem

164 1324 206 1396 psi
230 1325 380 1380 sinceritati
396 1331 495 1379 vestra
512 1323 632 1394 singulos
646 1323 745 1380 breves
760 1325 910 1391 indiculos,
925 1325 962 1380 si·
1012 1315 1147 1380 h'thitehin
1162 1315 1328 1381 deterrebit,
1343 1316 1390 1371 sed
1410 1316 1491 1371 etiam
1505 1318 1648 1375 eredentes
1662 1334 1677 1373 a
1692 1319 1745 1376 title
1762 1321 1810 1377 de·

165 1414 298 1486 gpificans
316 1415 392 1470 vobis
415 1415 562 1484 quamdam
577 1413 753 1471 seminamex
770 1414 909 1477 ludaismo
927 1414 963 1472 gd
1009 1405 1095 1476 jlcei'e
1111 1406 1262 1461 insistebat.
1280 1406 1356 1462 Unde
1371 1415 1398 1461 ei
1415 1408 1488 1476 ipsos
1502 1407 1586 1464 diletis
1606 1424 1639 1465 dc
1662 1413 1810 1481 magistros

165 1503 403 1560 christianismum
428 1504 513 1574 graula
539 1503 641 1559 christi
666 1503 844 1573 translatam,
867 1520 963 1578 graves
1013 1499 1075 1556 adal
1089 1499 1259 1566 Christianae,
1276 1517 1390 1572 quamn
1402 1504 1524 1559 doctrina
1536 1511 1621 1561 mrum
1635 1508 1808 1576 penaodnn

163 1596 370 1667 persecutiones
383 1595 518 1650 sustinere
530 1603 643 1665 propter
654 1595 734 1651 iidem
748 1612 829 1666 quam
843 1598 963 1669 suscepit
1013 1598 1108 1646 contra
1131 1607 1179 1647 sua
1200 1593 1267 1647 scita
1282 1593 1390 1649 ridebat
1407 1593 1507 1650 Christi
1532 1594 1594 1651 fidei
1617 1597 1807 1670 subjugatum,

162 1686 279 1750 Christi,
294 1701 363 1755 quas
380 1700 429 1755 per
445 1685 530 1755 ipsius
542 1684 650 1740 semime
668 1685 835 1742 breviculum
849 1690 963 1758 potestis
1013 1683 1159 1738 novissima
1181 1682 1281 1739 luroris
1305 1684 1346 1739 sui
1367 1686 1511 1741 atrocitate
1535 1686 1690 1744 trucidavit.
1704 1689 1733 1745 ln
1748 1692 1809 1760 epi-

165 1791 349 1848 cognoscere:
372 1778 398 1834 in
414 1793 468 1847 qua
479 1792 510 1832 re
522 1785 577 1831 tam
590 1775 725 1833 excellens
736 1776 906 1869 eleemosyna
917 1793 965 1835 ro·
978 1775 1001 1835 B
1014 1773 1084 1828 stola
1094 1788 1202 1843 (tuoque
1215 1774 1249 1828 ad
1264 1773 1446 1839 Timotheum,
1457 1783 1599 1845 postquam
1616 1791 1666 1848 pro
1682 1779 1809 1837 omnibus

166 1868 209 1924 bis
224 1875 325 1934 manet,
342 1876 371 1922 ot
384 1869 417 1924 de
431 1867 504 1922 nulla
522 1867 575 1921 alia
589 1868 674 1937 possit
688 1882 749 1924 esse
769 1869 865 1941 maior.
885 1869 963 1926 Nune
1010 1865 1169 1943 bominibus
1183 1867 1257 1920 orari
1269 1873 1297 1920 ct
1308 1866 1511 1923 obsecrationes
1526 1867 1584 1923 iteri
1594 1868 1728 1942 precepit
1739 1872 1810 1944 tipo

165 1969 259 2015 autem
280 1975 392 2014 caussam
417 1957 496 2028 httius
509 1959 723 2028 persecutionis,
747 1973 808 2030 quae
828 1968 856 2015 et
878 1959 963 2016 tomes

166 2052 244 2121 impii
266 2050 370 2105 erroris
388 2064 449 2105 esse
460 2056 564 2119 potest,
584 2064 628 2104 me
641 2050 718 2106 robis
733 2048 903 2120 signiticante
917 2065 963 2105 co·

161 2145 299 2214 ⁴'gnoscere
326 2139 486 2211 dignamini.
514 2139 655 2207 Quoddam
683 2148 848 2211 praeceptum
878 2138 962 2195 Judaei

160 2233 372 2299 circumierunt,
381 2233 452 2304 qrtod
465 2232 516 2288 sibi
529 2234 621 2288 datum
632 2232 666 2289 alr
677 2234 840 2305 imperatore
850 2232 965 2304 glorian·

167 2336 231 2392 tur,
255 2327 282 2379 in
298 2340 352 2395 quio
374 2325 529 2380 continetur
554 2336 565 2363 0
589 2332 620 2379 ut
643 2325 806 2395 mancipium
821 2323 963 2380 ludoicum

162 2417 268 2487 absque
282 2416 420 2471 uoluntate
433 2414 534 2470 domini
550 2415 591 2470 sui
605 2431 685 2470 nemo
695 2416 836 2486 baptizet.
853 2415 929 2482 Quod
947 2429 963 2469 a

166 2507 245 2562 nobis
258 2507 368 2562 omnino
380 2521 433 2562 non
447 2505 579 2570 creditor,
591 2513 620 2559 ut
633 2521 648 2560 a
659 2504 727 2561 iaaie
740 2504 963 2561 christianissimi

166 2605 194 2653 ct
216 2597 332 2668 piissimi
354 2596 525 2667 imperatoris
540 2604 595 2650 tarn
614 2597 751 2650 contraria
773 2596 964 2652 ecclesiasticae

165 2689 267 2760 regulae
281 2688 316 2744 sit
327 2702 437 2760 egressa
452 2688 595 2742 sentientia.
612 2687 693 2742 Novit
707 2687 779 2742 enlm
794 2684 964 2757 optimc'lieo

161 2780 293 2834 ..ornabitis
307 2779 449 2850 prudentia
464 2785 566 2843 restra,
579 2779 714 2849 quomodo
726 2779 760 2833 ab
773 2779 849 2833 initio
863 2778 964 2834 sanctis

161 2873 299 2944 >apostolis
313 2886 394 2941 super
412 2871 462 2925 hac
486 2886 516 2926 re
538 2870 572 2926 ab
593 2871 650 2941 ipsa
668 2871 786 2926 ilaritate
799 2879 964 2940 praeceptum

163 2967 213 3031 sit,
229 2966 327 3036 qutibus
341 2966 443 3034 absque
457 2963 511 3017 ulla
529 2963 694 3019 discretione
704 2977 892 3032 personarum,
905 2962 965 3017 alts-

167 3074 220 3131 que
232 3058 285 3114 ulla
300 3065 460 3126 exceptione
472 3055 668 3121 conditionum,
684 3054 848 3126 generaliter
861 3053 963 3110 dictum

1012 1957 1108 2023 stolus,
1124 1957 1156 2012 ad
1171 1966 1321 2013 extremum
1335 1958 1443 2013 intulit:
1464 1957 1605 2014 Horarum
1621 1961 1717 2016 bonam
1732 1973 1771 2018 est
1785 1975 1810 2019 et

1013 2058 1147 2119 acceptum
1161 2066 1250 2104 aarum
1263 2048 1398 2105 Salvatore
1418 2061 1505 2107 nostro
1520 2051 1587 2120 Deo,
1601 2055 1646 2125 qui
1660 2071 1750 2110 omnes
1762 2057 1811 2110 tro·

1013 2141 1096 2194 minas
1110 2140 1163 2195 ertit
1176 2140 1262 2196 saioos
1273 2141 1342 2210 fieri,
1358 2152 1382 2196 at
1399 2142 1434 2196 ad
1447 2145 1620 2214 cognitionem
1635 2146 1752 2201 raritatis
1764 2163 1809 2202 oe·

1015 2231 1080 2286 nire.
1096 2229 1170 2287 Unus
1184 2233 1252 2287 enim
1265 2232 1347 2300 Detts,
1363 2251 1432 2289 unas
1446 2245 1469 2290 et
1481 2237 1612 2290 mediator
1626 2237 1713 2293 liciat
1726 2239 1812 2294 homi-

1014 2336 1078 2376 num
1091 2321 1169 2377 hamo
1187 2320 1308 2379 christus
1320 2324 1417 2389 ieras,
1438 2325 1484 2397 atti
1502 2325 1573 2379 dedit
1588 2328 1754 2398 semetipsam
1770 2345 1811 2384 re·

1013 2410 1189 2483 demptionem
1202 2431 1250 2485 pro
1264 2415 1393 2471 amplias.
1411 2416 1444 2471 lat
1456 2417 1489 2471 ad
1503 2415 1601 2483 Titum,
1613 2426 1756 2488 postquam
1767 2434 1811 2475 se·

1014 2519 1072 2568 nes,
1089 2513 1117 2559 et
1130 2520 1208 2571 anus,
1223 2507 1447 2574 adolescentulas,
1458 2508 1589 2576 iuuenes,
1616 2523 1723 2576 servos,
1743 2526 1811 2566 con·

1016 2594 1092 2665 gruis
1114 2597 1257 2665 praeceptis
1283 2597 1456 2653 instruendos
1481 2612 1542 2653 csse
1564 2601 1735 2664 monstrarit,
1760 2600 1811 2656 hoc

1014 2688 1096 2741 modo
1108 2687 1241 2743 conclusit
1255 2706 1261 2741 τ
1282 2690 1410 2760 Apparuit
1422 2691 1491 2744 enim
1504 2691 1591 2761 pratia
1603 2690 1653 2745 ner
1666 2689 1812 2749 Satanan-ts

1016 2779 1098 2832 nostri
1112 2779 1231 2833 omnihus
1244 2767 1402 2846 hoarinilrns,
1427 2782 1550 2836 eradicas
1565 2799 1626 2848 nos,
1651 2791 1678 2838 et
1700 2791 1810 2840 catera.

1017 2867 1046 2922 Si
1064 2883 1139 2939 crgo,
1155 2879 1184 2924 ut
1197 2870 1255 2925 istis
1268 2871 1398 2941 exemplis
1413 2871 1635 2928 manifestissime
1651 2875 1812 2945 comproba·

1018 2968 1073 3024 ιιιι·,
1088 2961 1213 3016 uolontas
1227 2961 1275 3017 liei
1298 2961 1446 3018 Salvator-is
1463 2964 1548 3018 nostri
1561 2972 1603 3019 est
1617 2979 1711 3020 omnes
1726 2964 1813 3020 homi-

1018 3071 1066 3111 nes
1078 3055 1167 3111 sairos
1183 3056 1250 3122 iteri,
1266 3063 1294 3110 et
1308 3056 1518 3127 adagnitionem
1532 3057 1653 3112 ueritatis
1667 3058 1771 3124 tenire,
1785 3067 1814 3114 et

161 3159 228 3206 est:
250 3149 350 3204 cantes
370 3149 460 3202 docete
475 3163 565 3200 omnes
583 3155 688 3216 pentat,
706 3145 867 3216 baptizantes
882 3162 925 3199 cos
938 3147 966 3199 in
979 3133 1001 3195 C
1016 3161 1065 3216 per
1084 3161 1167 3200 untrm
1185 3147 1363 3201 mediatorem
1378 3147 1426 3201 Dei
1441 3157 1468 3200 et
1487 3146 1643 3213 bominum,
1670 3147 1717 3216 qui
1739 3147 1815 3204 dedit

166 3243 277 3298 stamine
291 3239 381 3294 Patris
396 3248 419 3294 et
438 3237 502 3293 Filii
515 3248 539 3292 et
557 3236 671 3309 Spiritus
686 3239 780 3292 satrrcti.
796 3237 828 3292 Et
847 3236 963 3291 iterum:

168 3333 268 3387 cuntes
283 3332 309 3385 in
323 3330 450 3385 mundum
462 3331 622 3392 arrirersttm,
638 3327 779 3398 predicate
793 3326 965 3396 Eranpeliam

161 3422 239 3477 omni
259 3430 397 3475 creatora.
418 3416 471 3483 Qnr
491 3415 647 3481 crediderit,
661 3425 686 3469 et
700 3414 849 3485 baptisatus
869 3415 964 3484 suerit,

167 3517 255 3570 nntnnn
269 3515 327 3568 erit.
354 3511 431 3580 Quod
444 3521 472 3566 ει
486 3510 524 3566 illi
540 3518 566 3567 et
584 3525 679 3565 omnes
694 3510 822 3579 deinceps
837 3508 966 3564 ecclesia·

166 3605 229 3660 stici
252 3611 372 3659 rectores
386 3602 461 3657 omni
478 3601 531 3655 ilde
553 3608 582 3655 et
600 3600 753 3655 constantia
776 3599 963 3665 observantes,

164 3714 222 3754 non
247 3697 334 3754 solnm
359 3712 452 3753 serres
476 3693 660 3766 utrorumlibet
684 3693 846 3760 hominum,
869 3709 965 3750 uerum

163 3793 249 3846 'etiam
264 3789 391 3860 coniuges
402 3797 430 3845 et
445 3787 552 3845 soboles
566 3787 759 3857 imperatorum
775 3787 963 3854 etconsuium,

167 3890 195 3937 et
208 3881 380 3954 praedicando
392 3879 425 3935 ad
437 3879 517 3935 tidem
531 3884 702 3944 convertere,
713 3886 741 3933 ct
750 3892 896 3934 conuersos
907 3877 965 3933 nui-

164 3974 220 4029 ilos
232 3972 507 4045 exspectatalioentia
521 3971 661 4042 baptizare
670 3969 782 4027 minime
793 3970 962 4027 dubitarunt.

168 4063 246 4130 Quod
259 4078 321 4119 cum
337 4063 364 4117 in
381 4063 496 4116 aliorum
512 4063 595 4133 gestis
606 4060 686 4116 iaciie
698 4063 733 4117 sit
752 4077 962 4135 recognoscere,

1016 3242 1189 3311 semetipsum
1201 3241 1411 3310 redemptionem
1422 3255 1471 3310 pro
1480 3240 1616 3307 omnibus,
1625 3241 1810 3309 reconciliem

1016 3335 1039 3390 si
1053 3333 1132 3404 huius
1145 3334 1231 3405 gratia
1248 3332 1474 3388 reconciliationis
1484 3339 1511 3386 ct
1524 3332 1618 3388 salutis
1632 3332 1759 3389 omnibus
1769 3333 1810 3389 in·

1017 3425 1172 3483 dillercntcr
1191 3426 1292 3492 illuxit,
1308 3425 1369 3495 quis
1385 3433 1468 3480 tantae
1491 3423 1603 3480 bonitati
1623 3424 1670 3482 liei
1686 3424 1812 3495 iniuriam

1017 3516 1108 3573 iacere
1128 3525 1289 3588 praesumat,
1311 3518 1436 3588 ponendo
1453 3516 1539 3588 legem
1555 3517 1723 3573 miserationi
1737 3517 1812 3587 cius,

1017 3615 1045 3663 et
1059 3608 1093 3663 ad
1108 3608 1250 3663 arbitrium
1263 3609 1406 3678 impiorum
1420 3623 1479 3663 eam
1493 3608 1697 3678 implorantibus
1714 3609 1813 3680 imper·

1019 3697 1137 3754 tiendum
1151 3699 1348 3762 constituendo,
1369 3714 1484 3768 quomm
1497 3699 1713 3770 pertinacissima
1727 3697 1811 3768 perii·

1018 3788 1062 3844 dia
1084 3805 1138 3844 non
1163 3789 1249 3844 solnm
1273 3790 1408 3845 neminem
1433 3805 1543 3845 suorum
1559 3790 1592 3845 ad
1608 3789 1687 3845 iidem
1710 3789 1812 3847 Christi

1016 3881 1150 3951 permittit
1173 3881 1310 3943 accedere,
1328 3881 1375 3936 sed
1397 3881 1478 3935 etiam
1498 3881 1641 3936 credentes
1660 3881 1767 3952 publice
1784 3891 1813 3937 et

1017 3972 1121 4029 occulte
1132 3971 1321 4043 blasphemare
1331 3982 1357 4026 et
1369 3969 1497 4026 detestari
1510 3987 1562 4026 non
1573 3972 1680 4026 cessat?
1691 3970 1812 4043 Denique

1016 4070 1044 4118 et
1063 4063 1107 4132 pie
1129 4063 1365 4118 considerantibus
1387 4063 1560 4135 perspicuum
1583 4070 1626 4117 est
1649 4065 1721 4132 quod
1741 4078 1812 4118 unus

845 4170 980 4230 BhLUle
998 4171 1114 4230 NOTAE.

171 4268 311 4324 ilabebant
323 4268 396 4323 enim
406 4265 542 4335 principes
554 4265 640 4319 nostri
654 4263 681 4318 in
696 4262 798 4334 palatio
811 4278 861 4319 suo
872 4278 965 4334 qtrem·

169 4340 242 4410 piam
260 4336 437 4393 ecclesiastici
450 4336 552 4391 ordinis
567 4336 665 4400 uirum,
681 4335 727 4404 qtli
742 4335 847 4390 caeteris
858 4334 965 4406 praemi·

1053 4272 1066 4302 e
1083 4260 1170 4318 Unum
1180 4280 1290 4334 semper,
1305 4263 1331 4319 ld
1344 4270 1395 4329 cst,
1408 4263 1574 4320 liilduinum.
1589 4262 1656 4318 Nam
1671 4264 1751 4320 istum
1765 4279 1813 4322 nc·

1017 4347 1093 4388 cesse
1110 4340 1170 4388 erat
1185 4335 1305 4389 residere
1323 4334 1349 4389 in
1364 4333 1475 4405 palatio,
1491 4342 1603 4404 propter
1615 4350 1713 4391 causas
1725 4336 1813 4391 eccie-

173 4417 265 4475 ncrel,
286 4410 386 4465 dictum
409 4407 444 4460 ob
463 4407 515 4460 hoc
537 4406 608 4459 sarri
627 4403 720 4475 palatii
742 4406 901 4470 antistitem·
922 4404 964 4459 rel
1017 4404 1153 4459 siastieas.
1170 4406 1235 4461 lide
1253 4421 1313 4528 puae
1329 4407 1361 4460 de
1380 4421 1493 4460 nrunere
1512 4405 1722 4476 archicapellani
1741 4407 1812 4462 diri-

170 4481 240 4534 saari
258 4478 350 4550 palatii
370 4477 608 4547 arciriepitaopttm,
624 4476 647 4530 si
663 4475 806 4544 episcopas
822 4484 903 4531 esset.
918 4474 965 4530 Sic

170 4549 344 4606 iiildeboidus
354 4548 525 4620 Coloniensis
537 4546 755 4615 archiepiscopus
769 4554 883 4601 roratur
895 4545 966 4600 sacri

164 4618 263 4692 'palatii
273 4613 360 4674 archia
378 4619 482 4689 iscopttr
494 4619 528 4673 in
552 4615 691 4672 metatione
702 4615 839 4670 conciliis
860 4616 895 4671 nd
910 4615 965 4671 llo·

169 4691 290 4762 gantiam
308 4638 391 4744 labin
403 4699 475 4742 anno
488 4632 560 4744 sti:
576 4688 600 4742 is
613 4687 672 4756 ipse
687 4685 814 4738 nimirum
832 4631 966 4741 hilldebal-

169 4765 221 4816 dus
235 4775 316 4829 quem
338 4761 365 4813 in
388 4759 489 4829 palatio
510 4774 559 4813 sao
572 4757 671 4811 babere
685 4763 745 4823 post
758 4755 977 4825 hrrgilramnum.

169 4831 254 4901 cupiit
266 4828 379 4884 Carolus
394 4829 514 4897 llagnns,
529 4837 560 4882 nt
576 4834 696 4895 petates
712 4840 817 4881 canone
828 4826 863 4880 56
876 4827 966 4881 conci·

168 4902 197 4957 lii
209 4899 468 4957 Francoiordiensis.
479 4898 637 4952 Aritistitem
647 4910 712 4965 erge
723 4897 793 4950 sacri
806 4897 899 4966 palatii
911 4895 966 4951 llil-

168 4973 280 5027 duinnm
292 4976 380 5033 uocat,
396 4967 467 5039 quod
480 4982 602 5021 summus
616 4973 687 5021 esset
708 4965 873 5035 capellanos,
890 4982 965 5023 eam-

169 5042 284 5111 demque
298 5042 332 5096 ob
350 5054 461 5095 causam
479 5036 570 5106 Lupus
584 5036 766 5092 Ferrariensis
787 5039 859 5092 hunc
876 5039 964 5108 ipsum

170 5110 325 5166 llilduinum
339 5111 365 5166 in
379 5108 492 5180 epistola
507 5108 555 5162 lul
570 5114 650 5163 uocat
660 5104 894 5162 ecclesiasticorum
908 5125 965 5163 ma·

169 5181 289 5250 pistrom.
307 5180 375 5237 Nam
390 5181 512 5243 abbates,
528 5179 551 5233 si
567 5193 658 5233 rerum
676 5193 809 5232 summam
829 5187 962 5245 moerent,

169 5251 294 5318 praelatos
307 5251 371 5307 olim
384 5251 468 5307 inisse
479 5249 624 5320 episcopis,
638 5248 720 5301 etiam
734 5248 761 5301 in
775 5249 893 5319 synodis,
906 5249 963 5320 iarn

169 5329 249 5375 arntca
270 5322 459 5378 adnotavimus
479 5323 513 5377 ad
536 5319 681 5375 concilium
703 5317 849 5373 ilerdense.
872 5320 963 5389 Neque

170 5390 197 5443 id
213 5390 280 5445 adeo
294 5393 511 5463 termestudia
525 5399 554 5446 et
565 5390 671 5461 Sugerii
685 5404 792 5512 poaque
803 5405 860 5444 aero
871 5391 897 5444 in
912 5406 962 5446 usu

164 5458 270 5523 tuerit,
284 5469 314 5514 ut
325 5470 399 5530 patet
415 5478 447 5517 er
462 5464 523 5518 Vita
538 5461 597 5531 ejus
612 5475 671 5530 cap·
707 5498 713 5510 ·

205 5541 219 5571 ⁸
237 5528 326 5584 iliata
337 5531 424 5585 abbati
437 5532 592 5588 corbeiensi
609 5532 635 5586 in
650 5529 761 5585 diaecesi
774 5529 961 5599 Ambianensi,

166 5599 342 5682 nitidissimus
353 5601 387 5654 ad
399 5601 496 5657 iibmm
507 5605 540 5659 de
551 5603 689 5674 Baptismo
700 5598 874 5656 iudaicorum
885 5618 963 5658 ntan-

163 5683 312 5740 erplomm.

202 5739 220 5782 h
239 5739 457 5795 christianissimi
465 5742 642 5813 imperatoris,
656 5742 785 5802 Ludorici
802 5740 858 5800 Pii.

977 4444 1004 4504 D
1017 4490 1078 4529 mus
1090 4475 1123 4529 ad
1137 4474 1239 4545 Lupum

1267 4474 1465 4531 'errarienscm

1052 4545 1065 4584 d
1085 4543 1203 4599 Alteram
1218 4546 1257 4616 [re
1277 4557 1377 4610 neuter,
1399 4547 1425 4601 id
1447 4555 1497 4613 est,
1520 4546 1641 4611 Walam,
1659 4562 1714 4618 quo
1727 4546 1814 4617 plori-

1016 4630 1090 4671 mum
1113 4614 1241 4683 umhatur
1289 4615 1418 4672 udos-icus
1440 4617 1466 4671 in
1492 4617 1706 4672 administranda
1733 4632 1813 4689 repu-

1015 4684 1096 4811 fllicg,
1111 4695 1141 4740 ut
1152 4693 1227 4757 patet
1241 4702 1274 4742 ax
1287 4687 1433 4744 Paschasio
1447 4687 1585 4743 Radberto
1605 4687 1634 4742 in
1651 4686 1710 4742 iiita
1730 4687 1812 4743 daal-

1034 4772 1065 4811 ar
1085 4773 1103 4811 ι.
1862 4808 1865 4812 .

1053 4838 1064 4866 0
1084 4824 1119 4880 [lt
1134 4828 1295 4899 mancipium
1308 4827 1460 4882 iudaicam.
1475 4827 1583 4897 Optimo
1610 4842 1659 4883 ure
1677 4829 1812 4884 escande-

1015 4898 1067 4953 scit
1080 4896 1238 4967 agobardus
1251 4900 1382 4953 uniuersus
1397 4911 1561 4969 praeceptum
1575 4900 1591 4953 il
1606 4900 1649 4964 ud,
1664 4901 1736 4969 quod
1751 4907 1811 4955 erat

1015 4970 1180 5023 contrarium
1197 4970 1310 5023 uetustis
1321 4969 1470 5023 carrortihus
1487 4978 1514 5022 ct
1529 4969 1631 5040 legibus
1646 4971 1810 5095 principium.

1015 5038 1082 5092 liam
1095 5040 1177 5094 etiarn
1194 5040 1221 5094 in
1237 5048 1329 5094 nostra
1343 5039 1429 5094 Gallia
1443 5040 1588 5095 concilium
1601 5041 1719 5109 primum
1760 5043 1812 5095 ati·

1015 5123 1147 5166 sennense
1165 5109 1252 5163 servis
1273 5116 1432 5179 potestatem
1454 5109 1556 5164 iecerat
1576 5111 1740 5181 suscipiendi
1762 5111 1811 5165 ba-

1014 5180 1152 5250 ptismum,
1162 5180 1242 5235 etiam
1254 5180 1346 5235 invitis
1356 5180 1481 5236 dominis.
1491 5180 1525 5236 Et
1536 5180 1731 5237 Constantinus
1740 5179 1810 5252 hug.

1014 5251 1048 5304 ad
1071 5248 1187 5305 Felicem
1210 5266 1308 5320 papam
1328 5252 1465 5316 scrilrens,
1484 5250 1584 5307 iudeis
1607 5253 1635 5307 in
1654 5253 1812 5308 universum

1013 5321 1137 5391 permisit
1151 5320 1332 5375 christianam
1346 5322 1503 5392 religionem
1516 5323 1653 5392 amplecti,
1670 5323 1811 5392 vetuitque

1014 5407 1049 5447 ne
1065 5398 1175 5461 propter
1190 5393 1240 5446 latre
1257 5391 1362 5447 iacinns
1375 5395 1523 5464 quithnam
1537 5409 1551 5446 a
1563 5393 1663 5449 iudeis
1676 5394 1814 5462 inquietu-

1012 5461 1084 5517 dinis
1101 5462 1143 5516 rel
1156 5463 1286 5517 molestiae
1296 5465 1416 5532 patiatur
1429 5464 1452 5518 is
1468 5466 1513 5534 apd
1528 5465 1637 5519 Christo
1652 5480 1752 5519 nomen
1766 5464 1814 5519 de·

1013 5532 1094 5588 derit.
1120 5533 1213 5601 ltaque
1237 5535 1377 5603 probabile
1398 5535 1542 5605 Agabardo
1564 5535 1651 5589 risum
1677 5550 1731 5589 non
1759 5542 1811 5600 cst,

1014 5613 1177 5673 praeceptum
1189 5604 1253 5659 illud
1266 5620 1280 5658 a
1293 5602 1430 5660 Ludorico
1442 5607 1616 5676 imperatore,
1629 5607 1676 5676 qui
1686 5606 1752 5661 Pius
1763 5619 1814 5675 per

1012 5675 1229 5729 antonomasiam
1245 5676 1333 5730 dictus
1352 5682 1409 5740 est,
1425 5677 1526 5731 editum
1541 5674 1634 5739 luisse,
1649 5692 1703 5746 quo
1720 5674 1811 5731 mani·

1014 5742 1081 5800 testa
1096 5743 1258 5800 contumelia
1274 5746 1446 5817 irrogabatur
1458 5746 1560 5801 nomini
1571 5745 1737 5804 christiano.
