3832 6120
144 246 211 306 tibi
708 237 907 299 burbontis
927 238 1205 298 Eccbbslast'tcl.

140 359 260 431 mamm
278 358 352 415 beati
368 357 457 413 Patris
479 356 618 413 &aedisti
633 357 715 410 vitam
730 355 860 423 degerent
872 370 931 410 mo-
946 357 972 415 Α
1334 350 1425 410 cqqq,

139 452 301 523 We
327 466 407 521 quem
442 450 625 520 ⁸¹¹1)indictum
656 448 812 519 ‘eligimini
840 448 928 501 *imm
1171 482 1222 521 rno
1246 481 1413 548 uosssrraro
1433 477 1570 521 raarnvst.

133 539 312 619 Μόψ-
324 545 381 600 sive
394 545 554 609 monachos,
574 557 678 648 necnon
693 549 721 598 et
741 539 928 611 praescriptum
1074 568 1076 573 ·
1283 576 1369 648 (Am
1391 575 1467 649 ω.)

138 634 292 699 resume
303 637 499 693 monusculum
511 651 573 691 cum
583 635 709 690 amarbas
721 634 802 688 rebus
812 640 841 687 et
851 645 929 686 raau-

138 730 216 801 cw
235 731 366 787 mmo
380 738 503 798 tempore
519 725 763 797 Maspioiemibus
777 723 821 779 vel
842 723 929 794 pem·
982 686 1071 758 {Apud
1086 688 1250 752 Circesium,
1267 685 1461 742 Francicaraat
1474 686 1572 742 ιιινιιιιι
1582 687 1771 760 Script.,tom.

137 817 266 875 ιιοιιιιιιιιι
286 819 337 874 sub
357 826 451 874 nostra
473 817 643 886 suscepimus
653 814 811 870 defensione
830 821 859 869 et
876 812 929 867 im·
1267 777 1304 842 ¹¹⁹
1324 794 1386 848 9²8·
1410 777 1491 850 ⁶⁵2]

137 908 280 962 munitatis
298 906 422 971 tuitione,
435 905 552 976 qualiter
562 903 689 975 perhanc
704 910 826 957 nosram
838 911 931 956 aucto-
1017 890 1179 955 Lutlovicus,
1188 891 1277 946 divine
1285 891 1428 946 ordinante
1439 891 1775 964 providentia,imperator

138 996 249 1052 ritatem
261 996 364 1067 absque
379 997 460 1051 tullius
474 993 573 1064 injusta
592 993 780 1065 inquietudine
799 992 882 1064 quieti
902 999 931 1046 et
980 980 1129 1052 flemus·

126 1086 216 1144 illesi
224 1087 381 1158 persistant.
389 1086 490 1141 Etideo
499 1085 666 1140 bosnostros
676 1081 931 1153 imperialesapices
1017 1071 1048 1127 St
1070 1072 1253 1141 praeveniente
1270 1072 1358 1142 iiiiii
1384 1070 1434 1127 ⁰⁰5
1460 1073 1546 1128 ”Mili
1564 1073 1716 1131 (Ῐθιθῑῑθΰῑδ
1730 1074 1773 1130 θ(-

138 1177 199 1235 lieri
209 1177 350 1248 jussimus,
363 1193 412 1249 per
422 1190 490 1247 quos
508 1176 683 1247 praecipimus
704 1182 786 1244 atque
803 1172 931 1242 jubemus
981 1161 1083 1220 ‘Otium
1095 1163 1194 1219 divinit
1216 1164 1364 1234 “Ultimus
1375 1171 1471 1234 ψῑῦῖθ
1488 1163 1637 1234 militiis.
1653 1173 1681 1221 tl
1695 1181 1776 1222 tene·

138 1277 168 1323 ιι
179 1267 269 1324 nullus
278 1267 361 1337 judex
374 1267 510 1338 publicus,
521 1266 565 1322 vel
575 1265 705 1337 quislibet
716 1264 865 1336 superioris
886 1271 933 1318 aaut
981 1254 1113 1312 rabilibus
1125 1255 1234 1325 beoqne
1245 1255 1400 1326 sanctisque
1413 1256 1492 1323 locis,
1510 1266 1592 1326 atque
1602 1257 1649 1313 llei
1664 1257 1775 1314 familiis

138 1357 392 1414 inferiorisordlais
402 1357 558 1429 reipublicae
580 1353 932 1427 procuratar,inecclesias
982 1362 1107 1419 supernae
1129 1345 1264 1415 majestati
1288 1346 1484 1403 famulantibus
1508 1347 1642 1418 imperiali
1666 1347 1774 1404 manill-

138 1455 186 1503 aut
207 1447 266 1504 loca
286 1447 329 1502 vel
351 1463 430 1520 agros
445 1463 494 1503 seu
514 1447 635 1519 reliquas
653 1447 852 1518 possessiones,
873 1459 933 1514 que
982 1438 1070 1493 centia
1085 1453 1164 1508 opem
1183 1445 1210 1492 et
1229 1437 1355 1493 solatium
1372 1446 1473 1494 nostrae
1486 1438 1651 1496 detensionis
1671 1438 1776 1512 impen-

139 1537 537 1610 modemptemporeteqamer
550 1537 754 1609 inquibuslibet
773 1538 834 1609 pagi
855 1536 933 1592 terri·
982 1528 1082 1594 unos,
1097 1529 1121 1584 ar
1145 1528 1264 1598 eoique
1277 1527 1442 1598 prejudiciis
1456 1530 1539 1586 variis
1560 1545 1593 1586 ao
1611 1530 1776 1586 calamitati·

140 1627 216 1685 toriis
229 1626 300 1683 inlra
312 1628 443 1684 ditionem
454 1629 561 1699 imperii
581 1629 669 1685 nostri
689 1628 835 1685 terremvel
845 1627 932 1700 possi-
981 1619 1033 1676 lars
1049 1621 1188 1692 oppressis
1200 1621 1321 1692 petulum
1336 1629 1364 1676 et
1377 1621 1523 1694 benignum
1540 1621 1776 1680 accommodamus

139 1720 213 1787 dent,
224 1720 268 1775 vel
279 1736 339 1790 quae
348 1721 477 1792 deinceps
485 1721 584 1791 injure
592 1722 678 1792 ipsius
688 1722 738 1778 loci
751 1729 929 1791 autpertum,
947 1705 970 1762 Β
983 1712 1116 1778 audibunt,
1129 1712 1172 1767 bis
1182 1713 1321 1768 exercitiis
1335 1714 1442 1785 piisque
1465 1714 1562 1771 studiis
1576 1714 1713 1770 credimus
1728 1728 1775 1769 bil·

140 1818 186 1867 ant
201 1825 251 1881 per
261 1811 409 1881 quamlibet
425 1813 572 1882 ingenuam
592 1827 737 1882 personam
758 1811 875 1867 voluerit
888 1810 931 1866 di·
982 1819 1097 1876 pomum
1120 1805 1222 1875 ubique
1248 1805 1379 1860 auxilium
1401 1806 1561 1877 promereri,
1585 1813 1615 1861 et
1637 1804 1777 1877 prosperis

140 1906 199 1962 vina
219 1907 307 1976 pietas
321 1922 429 1978 augere,
443 1906 591 1976 judiciario
616 1923 691 1964 more
713 1907 747 1962 ad
764 1920 863 1963 causas
885 1920 933 1960 au·
982 1899 1084 1971 pellere
1102 1899 1285 1966 successibus,
1294 1907 1375 1969 atque
1386 1899 1508 1955 imbelles
1518 1899 1644 1971 gloriosis
1658 1898 1778 1971 gaudere

141 1997 259 2061 dissidas,
271 1996 314 2051 vel
328 1995 404 2052 freda
429 1997 571 2070 erigenda,
587 2005 635 2051 aut
654 1997 810 2052 mansiones
824 2004 871 2051 aut
884 2010 933 2066 pa·
983 1990 1136 2060 triumphis,
1156 1990 1205 2044 sed
1223 1996 1251 2044 el
1264 1999 1326 2060 pest
1335 1990 1492 2061 temporalis
1506 1988 1605 2045 iniulas
1618 1987 1724 2060 imperii
1738 1988 1777 2043 si-

142 2096 213 2142 ratas
230 2085 382 2152 iaciendas,
396 2085 639 2155 sutdieijussores
652 2087 802 2152 tollendos,
815 2096 864 2142 aut
884 2087 933 2142 ho-
982 2081 1066 2139 deree
1091 2081 1206 2137 feliciter
1238 2083 1368 2154 consequi
1395 2096 1488 2152 regna.
1517 2082 1690 2154 Quapropter
1716 2095 1778 2136 cum

142 2177 226 2233 mines
244 2177 330 2247 ipsius
345 2177 503 2232 monasterii
525 2192 606 2246 super
628 2185 731 2233 terram
756 2179 841 2248 ipsius
858 2193 934 2234 oom-
983 2176 1162 2247 plurimarum
1181 2175 1359 2232 ecclesiaram
1383 2176 1632 2247 venerabiliumque
1652 2175 1778 2232 mswdes

141 2276 281 2325 manentes
292 2268 505 2337 distringendos,
517 2277 564 2323 aut
575 2268 645 2324 ullas
663 2269 870 2335 redhibitiones,
887 2277 934 2324 aut
983 2268 1117 2332 lacertum,
1132 2268 1355 2339 diversorumque
1369 2269 1511 2324 bominum
1523 2267 1558 2324 dc
1574 2266 1674 2323 linibus
1694 2266 1778 2322 ltaliae

138 2356 249 2414 illicitas
261 2357 423 2413 occasiones
443 2358 630 2427 requirendas,
652 2358 706 2413 ullo
720 2374 841 2428 unquam
862 2366 933 2414 tem·
985 2361 1124 2430 multiplex
1133 2360 1244 2429 querela
1255 2368 1378 2415 nostrum
1389 2359 1526 2430 pulsasset
1539 2356 1672 2425 auditum,
1683 2372 1777 2416 eorum

141 2466 206 2522 pore
220 2451 323 2522 ingredi
334 2451 442 2517 audeat,
457 2451 500 2505 vel
511 2466 543 2508 ca
558 2466 618 2523 qaae
628 2467 710 2523 supra
722 2462 934 2509 commemorata
986 2451 1146 2523 lacrymosis
1159 2451 1270 2506 vocibus
1292 2452 1394 2522 pietate
1414 2462 1529 2523 cogente
1552 2451 1636 2519 moti,
1651 2450 1780 2508 cbarissi-

141 2542 320 2611 suatpenitus
330 2540 440 2612 erigere
448 2544 837 2612 praesumatzsedaremoratis
844 2543 934 2600 abbati
986 2559 1060 2599 mum
1074 2551 1155 2612 atque
1170 2542 1356 2598 dulcissimum
1380 2543 1464 2599 lilium
1481 2550 1603 2600 nostrum
1618 2541 1779 2599 botharlum

142 2632 254 2704 ejusque
274 2632 478 2688 successoribus
491 2648 536 2688 res
558 2634 679 2704 praedicti
698 2635 856 2691 monasterii
869 2649 935 2691 cum
986 2634 1135 2690 direximus
1152 2647 1202 2701 pro
1225 2633 1374 2688 munimine
1398 2649 1431 2689 ac
1459 2632 1618 2690 defensione
1638 2648 1778 2689 sacrorum

142 2723 269 2780 omnibus
288 2722 341 2778 sibi
358 2723 485 2792 prasenti
507 2732 629 2795 tempore
646 2722 722 2794 joes
740 2724 936 2795 sabjectissab
986 2724 1236 2792 venerabiliumque
1259 2723 1395 2790 locorum,
1417 2733 1445 2782 et
1472 2740 1522 2795 pro
1538 2722 1651 2793 justitiis
1676 2733 1781 2779 cuncte
1838 2722 1844 2730 '

143 2813 323 2870 immunitatis
343 2813 458 2869 tuitione
478 2814 569 2884 quiete
590 2815 683 2871 vivere
704 2831 736 2871 ac
750 2816 880 2871 residere.
903 2817 937 2871 ιιι
986 2814 1084 2888 plebis,
1099 2831 1160 2886 quae
1182 2818 1304 2875 molestis
1326 2817 1584 2888 querelisnostras‚
1601 2824 1630 2871 ut
1652 2816 1781 2881 diximus,

143 2903 277 2973 quidquid
291 2903 325 2958 de
339 2903 422 2958 rebus
440 2901 546 2973 pratae
557 2904 715 2959 monasterii
730 2903 815 2958 iscus
825 2917 936 2974 sperme
988 2907 1156 2963 incessanter
1170 2908 1345 2978 pulsaverant
1356 2923 1447 2965 aures.

143 2995 254 3066 poterit,
271 3003 356 3051 totum
381 3010 432 3050 nos
444 3009 494 3065 pro
513 3005 615 3051 aeterna
627 2997 848 3052 remuneratione
864 3012 931 3068 pras·
1023 2999 1108 3069 igitur
1126 3014 1177 3072 ego
1191 3000 1340 3056 Lotbarius
1365 3000 1514 3073 Augustus,
1531 3009 1652 3073 paternae
1667 3016 1782 3058 concor·

144 3087 216 3142 dicto
240 3086 406 3142 monasterio
426 3087 611 3152 concedimus.
634 3095 664 3142 ut
688 3087 854 3156 perennibus
870 3057 974 3142 tem-C
991 3089 1057 3145 dans
1071 3089 1203 3145 voluntati
1230 3098 1258 3145 ct
1280 3091 1472 3161 obtemperans
1494 3090 1668 3162 jussiacum
1692 3098 1784 3160 prote·

144 3180 255 3251 poribus
269 3182 297 3236 iu
316 3181 445 3236 alimonia
468 3191 617 3252 pauperum
638 3189 666 3236 et
690 3181 825 3251 stipendia
842 3194 938 3235 mona-
989 3186 1070 3250 qente
1081 3178 1136 3235 lieo
1150 3179 1240 3251 quieta
1257 3181 1438 3251 prosperitate
1459 3183 1494 3238 ad
1514 3181 1608 3237 limina
1622 3181 1694 3237 beati
1707 3181 1783 3237 Petri

144 3274 371 3346 cborumibidem
386 3273 442 3329 lieo
463 3272 654 3330 famulantium
677 3274 801 3344 proliciat
822 3273 850 3328 in
873 3289 940 3344 auq-
989 3269 1121 3342 principis
1143 3271 1337 3340 apostolorum,
1352 3273 1487 3328 orationis
1509 3280 1591 3343 atquc
1610 3273 1784 3330 exaltationis
1816 3280 1821 3287 “

147 3373 278 3419 meatum.
291 3363 325 3418 Et
338 3365 556 3434 quandoquidem
571 3363 661 3418 diviua
678 3363 820 3419 vocatidae
841 3377 939 3434 supra·
989 3358 1111 3430 ejusdem
1128 3369 1230 3418 sancte
1252 3362 1301 3417 lici
1326 3362 1449 3418 ecelesia
1475 3363 1574 3434 qratia,
1603 3362 1783 3430 venissemus,

148 3454 237 3510 dictus
252 3455 336 3510 abbas
350 3455 393 3509 vel
405 3469 578 3511 successores
590 3452 648 3523 eius
660 3454 755 3509 dehac
769 3453 830 3509 luce
840 3452 940 3525 migra·
990 3454 1062 3510 inter
1077 3455 1195 3526 reliquos
1212 3456 1269 3527 qui,
1290 3463 1321 3511 ut
1335 3456 1463 3522 diximus
1479 3455 1610 3526 parmas
1632 3457 1786 3526 proclama·

147 3547 247 3613 verint,
257 3548 377 3618 quaudiu
391 3546 442 3618 ipsi
462 3545 588 3602 monachi
608 3548 720 3602 inverse
738 3546 807 3602 tales
817 3546 941 3601 invenire
990 3546 1055 3601 bant
1079 3547 1224 3617 querelas,
1246 3548 1321 3602 venit
1346 3546 1491 3618 lnqoaldus
1517 3547 1680 3604 venerabilis
1701 3549 1786 3606 abbas

149 3639 297 3709 potueriat,
316 3639 363 3707 qui
384 3638 471 3706 ipsam
486 3637 724 3707 congregationem
737 3635 886 3690 secundum
901 3647 942 3687 re·
991 3637 1148 3692 monasterii
1163 3637 1248 3693 beata
1268 3645 1296 3692 et
1312 3636 1437 3706 gloriosa
1462 3651 1570 3706 semper
1588 3637 1702 3708 virginis
1727 3636 1786 3693 lta-

150 3728 242 3800 qulam
253 3728 342 3782 sancti
354 3725 494 3780 Benedicti
508 3740 602 3794 regere
614 3725 731 3789 vulserat,
745 3739 795 3794 per
809 3724 881 3778 banc
895 3737 942 3778 no-
992 3728 1048 3794 riae,
1065 3728 1217 3795 constituti,
1233 3728 1261 3783 ia
1277 3726 1376 3783 linibus
1387 3726 1543 3795 Sabinens.,
1558 3743 1685 3787 assereus
1705 3746 1786 3788 suam

150 3827 236 3874 stram
247 3815 652 3871 auctoritatemetconsensum
672 3812 809 3868 licentitm
822 3810 943 3866 babeam
992 3821 1197 3888 monasterium,
1213 3820 1302 3876 ablata
1319 3820 1436 3891 pristina
1453 3820 1595 3890 libertate,
1620 3824 1671 3880 sub
1684 3824 1786 3881 tributo

150 3908 266 3980 eligendi
277 3905 413 3972 abbatem,
427 3920 480 3976 qua
495 3906 546 3977 ipsl
565 3904 635 3960 servi
649 3905 697 3962 liei
710 3904 756 3975 qui
773 3903 872 3960 ibidem
885 3902 943 3958 beo
992 3926 1025 3968 ae
1050 3912 1181 3984 pensione
1208 3927 1223 3967 a
1248 3912 1379 3968 Romanis
1396 3913 1570 3984 pontificibus
1597 3917 1785 3986 cumtrietum,

150 3999 326 4065 semulissfflb
340 4012 390 4067 l)ro
400 3996 480 4052 ¹³01)ss
489 3995 641 4066 etoonjuqe
655 3994 786 4066 ll⁰¹⁰l¹¹0
804 4001 899 4048 ‘mm
913 3999 942 4048 ⁰1
992 4004 1146 4075 multasque
1169 4004 1358 4076 possessiones
1372 4005 1460 4062 eidem
1475 4007 1643 4066 monasterio
1654 4009 1787 4066 violenter

151 4089 297 4146 titbffiffle
312 4089 396 4144 ¹⁰5⁰ss
413 4087 521 4158 imperii
534 4087 622 4142 milli
633 4101 649 4141 ²
659 4087 716 4142 ⁰0⁰
730 4085 809 4142 ¹¹0¹)ss
819 4085 942 4140 ⁰⁰¹¹⁰0⁸⁵l
993 4098 1107 4157 ablatam.
1120 4097 1197 4155 Unde
1215 4097 1386 4155 sciscitantes
1408 4099 1530 4156 studiose
1555 4100 1787 4174 interrogavimus

151 4189 233 4252 atque
245 4179 422 4236 conservandi
429 4177 531 4250 jugiter
541 4178 757 4234 misericordiam
768 4177 816 4232 bei
828 4189 943 4232 exorare
993 4205 1046 4261 quq
1060 4189 1167 4247 ramme
1188 4198 1235 4246 quq
1258 4189 1403 4261 praedm
1417 4205 1462 4247 ως
1481 4191 1633 4262 amq-m,
1650 4202 1697 4249 quq
1720 4211 1802 4266 pm..

151 4270 328 4328 delectentur.
343 4270 376 4324 Et
390 4277 420 4323 at
430 4269 487 4325 baec
503 4269 651 4325 auctoritas
672 4269 773 4325 nastris
791 4267 944 4340 latorisque
992 4281 1072 4353 qm
1083 4281 1227 4354 potestatis
1248 4279 1399 4339 dominium
1414 4292 1538 4354 speraret
1548 4285 1674 4342 evadere.
1691 4284 1743 4354 Qui
1757 4287 1788 4342 il-

153 4363 318 4433 temporibus
330 4361 385 4417 ⁰⁰⁰
396 4369 552 4432 protegente
566 4359 670 4416 fll'fflitlf
687 4359 829 4425 hthffllssb
850 4367 878 4415 θῑ
893 4373 946 4429 1¹0?
993 4371 1047 4429 bea
1059 4372 1161 4428 nostris
1181 4369 1279 4426 obtulit
1291 4370 1447 4440 aspectibus
1460 4373 1570 4442 antiqua
1592 4373 1787 4446 langobardo-

152 4451 242 4509 iutura
255 4462 376 4524 tempora
399 4454 498 4509 melius
518 4461 706 4518 conservetur,
731 4466 812 4505 mana
834 4450 941 4522 propria
955 4410 982 4471 ὓ
995 4480 1056 4520 mm
1073 4479 1168 4534 regum
1191 4469 1341 4533 pamma,
1364 4462 1532 4517 continencia
1559 4464 1786 4532 quemaqmfflqum

153 4543 246 4600 subter
257 4544 436 4609 llrmavimus,
448 4552 476 4599 ct
491 4544 584 4599 annuli
599 4544 683 4599 nostri
705 4541 887 4612 impressione
909 4540 945 4595 si·
996 4556 1084 4627 ipsum
1101 4564 1225 4610 sanorum
1251 4553 1341 4608 locum
1370 4552 1453 4623 regati
1478 4555 1640 4612 auctorum
1666 4558 1715 4613 sup
1736 4573 1788 4614 ,ua

154 4634 229 4706 ιιι·Γί
242 4633 384 4703 laninas.
996 4643 1152 4703 defensione
1175 4654 1256 4713 atque
1270 4642 1441 4697 immunitate
1455 4645 1530 4699 amai
1554 4652 1676 4716 tempore
1697 4662 1789 4718 perse·

190 4742 303 4815 Signum
319 4743 448 4800 ludovici
469 4745 583 4814 piissimi
600 4745 681 4815 regis.
997 4751 1092 4794 verare
1113 4744 1274 4792 statuerunt.
1290 4735 1427 4806 Praecipuc
1445 4737 1536 4807 itaque
1549 4737 1669 4794 ostendit
1682 4747 1710 4794 ct
1720 4755 1789 4810 pra-

997 4834 1103 4896 ceptum
1117 4824 1333 4882 conlirtnationis
1350 4825 1402 4896 pite
1416 4825 1553 4882 memoriae
1565 4828 1668 4884 domitu
1682 4829 1725 4884 avi
1741 4844 1789 4884 no·

998 4917 1047 4972 stri
1064 4915 1153 4971 Caroli
1166 4916 1331 4972 serenissimi
1345 4915 1469 4986 Augusti,
1493 4927 1657 4990 praeceptum
1681 4935 1790 4990 quoque

998 5009 1099 5066 domiui
1112 5017 1140 5064 ct
1153 5009 1283 5080 genitoris
1296 5010 1382 5065 nostri
1400 5010 1528 5067 ludovici
1551 5012 1725 5069 invictissimi
1739 5014 1790 5067 im·

997 5101 1216 5171 sectatorisque
1239 5099 1327 5155 eidem
1345 5101 1510 5157 morrastcrio
1532 5102 1657 5159 beneficii
1675 5111 1703 5158 et
1715 5103 1790 5174 pari-

998 5193 1062 5250 tatis
1076 5208 1232 5264 munuspro
1246 5191 1380 5248 mercedis
1390 5208 1446 5249 stae
1463 5200 1608 5263 augmento
1626 5195 1787 5251 emiserunt.

189 4856 297 4913 Simeon
317 4857 447 4912 dlaconus
468 4857 501 4912 ad
517 4855 753 4930 ricemllriduqisi
778 4855 944 4926 recognovit.

188 4971 256 5025 Data
266 4972 352 5042 pridie
363 4971 599 5036 liniendaslulias‚
611 4986 692 5034 anna,
700 4969 808 5026 Christo
820 4968 945 5038 propitio,

153 5057 258 5129 imperii
274 5062 359 5118 nostri
375 5062 419 5127 ll,
442 5062 588 5119 indictione
608 5061 642 5115 lt
664 5059 750 5132 [Leqc
765 5056 822 5130 ill.
847 5057 945 5112 Actum

152 5146 318 5218 Cornpendio
339 5149 441 5221 palatio
464 5153 539 5222 regio
564 5152 591 5206 in
614 5151 660 5207 liei
686 5149 795 5204 nomine
820 5145 944 5202 feliciter.

152 5234 305 5295 Amem—
1077 5289 1082 5300 ,
1215 5288 1220 5300 ,
1415 5286 1420 5298 ,
1551 5285 1557 5298 ,

997 5288 1025 5343 ln
1037 5289 1136 5358 qarbus
1150 5288 1338 5344 continebatur
1349 5285 1633 5356 qualrterpraedrctum
1652 5296 1789 5342 monaste-

997 5380 1067 5434 rium
1089 5379 1139 5432 sub
1157 5392 1213 5434 suae
1227 5376 1390 5432 defensionis
1403 5373 1544 5445 privilegio
1568 5376 1675 5431 cunctis
1691 5375 1788 5432 diebus

995 5487 1156 5544 permanere
1180 5471 1375 5530 decreverunt,
1402 5468 1471 5522 sicut
1494 5476 1592 5523 cetera
1619 5468 1785 5524 monasteria

995 5580 1055 5634 quae
1069 5564 1096 5619 in
1113 5577 1195 5635 raquo
1207 5578 1223 5615 a
1236 5561 1334 5616 datibus
1351 5559 1526 5615 franciarum
1543 5560 1711 5626 consistuat;
1734 5558 1787 5616 sci*

995 5656 1060 5710 licet
1072 5663 1101 5710 ut
1113 5655 1178 5712 nolli
1193 5669 1311 5725 uunquam
1323 5655 1492 5726 pontilieum,
1507 5654 1709 5728 episcoporum,
1734 5654 1784 5710 dat·
1888 5644 1895 5649 ’
