3832 6120
144 282 199 348 m
696 285 803 343 emsa.
825 287 871 341 hl)
890 283 1072 342 PROCERES
1090 283 1234 343 Pastttt.
1732 284 1783 343 iil

141 413 174 468 in
192 407 313 464 omrrilus
324 403 492 477 adimpletur.
510 403 544 460 Et
560 405 674 460 iterum:
687 403 748 474 lpse
758 413 795 458 est
808 403 876 457 caim
886 400 979 471 pasA
1027 400 1107 456 xxrt.
1124 400 1153 456 Si
1166 403 1227 472 quis
1239 408 1329 457 autem
1341 399 1376 456 nd
1385 401 1443 456 haec
1452 399 1634 472 objiciendum
1647 387 1783 472 putauerit

143 510 247 566 namra,
260 499 306 571 qai
327 496 387 567 lecit
401 504 512 562 atraque
535 513 628 562 utram,
643 506 667 550 et
687 497 801 551 madium
814 495 939 565 parietem
990 489 1065 554 illud,
1079 492 1150 560 qnod
1164 491 1190 546 in
1204 491 1283 556 lsaia,
1296 492 1335 545 rel
1350 492 1378 547 in
1388 490 1560 562 Apocalypsi,
1572 505 1670 545 numen
1681 503 1783 546 norum

141 593 387 658 maceriae,mlreas
400 590 565 645 inimicitiam
574 591 601 645 ia
615 606 693 643 carue
702 607 762 653 rica,
776 589 855 659 leqem
864 603 938 641 marr·
989 580 1098 645 dicitnr,
1114 581 1185 651 quod
1199 581 1293 652 procul
1309 581 1394 638 durbia
1405 581 1590 638 Christianum
1602 581 1763 653 intelligitur
1771 598 1781 650 ;

143 685 269 740 datorum
284 683 396 737 decretis
408 698 548 748 maenam,
560 692 590 736 at
611 683 678 736 duos
695 681 793 736 condat
805 681 832 735 iu
845 688 939 735 remet-
988 675 1057 730 sciat
1070 682 1179 730 sanctos
1194 674 1318 730 doctores
1330 674 1367 729 ita
1385 675 1566 743 intellexisse,
1580 684 1611 731 ut
1625 690 1724 731 nouum
1738 675 1783 730 di·

141 777 230 847 iprum
252 775 281 828 irr
297 789 379 827 ramum
401 788 495 827 nocam
513 772 655 836 homiuem,
677 771 776 843 taciem
790 787 893 842 pacem,
913 778 938 824 et
988 773 1076 833 catur,
1099 775 1244 839 propterea
1269 766 1332 837 quia
1355 780 1442 838 nuper
1458 767 1622 839 dispersum,
1639 783 1692 822 non
1718 766 1783 838 quia

142 863 318 920 reconciliaris
336 865 427 916 aruioa
443 864 470 915 irt
486 878 539 916 uuo
553 878 662 932 corpore
681 861 737 916 lieo
752 879 799 933 per
814 877 937 927 cracem,
988 873 1075 929 nuper
1089 857 1249 926 iurentum;
1269 874 1302 914 ac
1318 873 1366 928 per
1377 859 1430 915 hoc
1445 874 1499 914 non
1515 859 1618 915 novella
1633 861 1677 916 uel
1695 875 1782 930 nuper

141 954 303 1024 interfluens
330 953 498 1008 inimicitiam
525 954 553 1008 in
584 955 731 1025 semetipso.
763 953 798 1008 m
833 954 937 1008 uenam
988 957 1082 1005 exorta
1095 948 1367 1005 estChristianorum
1381 949 1487 1020 religio,
1501 949 1548 1005 sed
1567 950 1672 1022 abipsa
1688 949 1782 1006 rutundi

141 1042 331 1115 evangelizarit
350 1059 441 1113 pacem
453 1042 524 1097 aclis
535 1043 580 1116 qai
592 1041 668 1113 loaqe
690 1044 791 1114 fuistis,
803 1053 828 1098 et
846 1060 937 1115 pacem
988 1038 1092 1111 origine
1105 1039 1282 1103 descendens,
1297 1039 1392 1094 eodem
1405 1038 1514 1094 (llaristo
1533 1039 1646 1095 ductore
1660 1049 1687 1096 ct
1703 1041 1783 1095 insti-

141 1136 184 1191 lris
195 1135 240 1206 qai
257 1150 337 1204 prope
345 1150 353 1197 ;
368 1133 493 1204 quoniam
504 1149 551 1203 per
561 1133 648 1205 ipram
664 1133 791 1188 labemur
802 1149 936 1188 accessum
988 1136 1088 1185 tutore.
1102 1128 1170 1183 Nam
1186 1130 1249 1186 iude
1265 1129 1300 1184 ah
1314 1129 1393 1184 initio
1407 1131 1524 1199 speciem
1541 1128 1711 1201 formamque
1722 1147 1784 1187 sus·

141 1227 325 1281 amlroiuuao
340 1224 435 1296 spiritu
449 1225 484 1278 ad
499 1223 617 1279 Patrem.
633 1224 705 1296 Erpa
724 1225 784 1295 jum
803 1241 855 1278 uon
873 1223 936 1279 ertia
986 1221 1100 1292 piciens.
1119 1220 1205 1276 Porro
1226 1222 1259 1277 de
1280 1221 1382 1276 unitate
1399 1219 1517 1276 lldelium
1539 1221 1646 1277 Veteris
1663 1237 1695 1277 ac
1713 1222 1782 1279 Noui
1814 1224 1816 1228 ’

141 1319 293 1390 ltaspiteset
307 1317 425 1383 aduena,
446 1318 492 1371 sed
504 1319 644 1373 eatirciues
665 1329 826 1382 sauctorum,
851 1327 875 1372 et
889 1317 937 1372 do-
987 1312 1154 1368 Testamenti
1169 1311 1267 1367 heatus
1282 1310 1462 1383 Hieronymus
1485 1311 1568 1367 dicit:
1588 1331 1598 1363 r
1622 1311 1681 1380 Quo
1701 1314 1782 1368 modo

140 1412 244 1467 mestici
259 1409 320 1477 Dei,
339 1407 545 1480 superedificati
556 1426 634 1480 saper
649 1408 850 1480 laudamentum
868 1426 935 1480 apo·
986 1405 1060 1460 enim
1078 1420 1173 1460 omnes
1185 1405 1212 1459 in
1226 1403 1393 1475 protoplasto
1412 1403 1499 1459 Adam
1513 1405 1628 1459 necdum
1650 1407 1707 1460 nati
1721 1421 1781 1461 rno-

139 1502 268 1557 stalorum
282 1510 307 1556 et
329 1501 526 1572 prophetarum,
549 1500 606 1571 ipsa
628 1517 731 1556 summo
750 1499 874 1571 aepulari
896 1499 937 1556 la·
986 1497 1114 1563 ciuntur;
1138 1496 1176 1551 ita
1196 1511 1307 1562 omncs,
1327 1497 1409 1550 etiam
1430 1496 1457 1550 hi
1482 1497 1612 1566 quiante
1635 1496 1781 1553 aduentum

139 1591 203 1664 pide
217 1589 319 1646 Clariae
331 1588 408 1654 lesu,
417 1590 446 1642 in
456 1605 508 1661 qua
527 1589 668 1658 aedificatio
681 1598 831 1644 constructa
843 1591 936 1645 crescit
986 1587 1086 1644 Christi
1100 1588 1157 1643 nati
1170 1595 1245 1655 sunt,
1260 1588 1288 1642 in
1303 1588 1422 1643 secundo
1433 1587 1519 1643 Adam
1533 1588 1721 1644 vivificantur:
1740 1597 1783 1643 at·

140 1683 170 1735 in
182 1680 306 1752 templum
320 1690 440 1735 sanctum
459 1681 487 1734 ia
501 1679 627 1746 Domino,
641 1682 670 1735 ia
683 1690 769 1752 quaet
782 1697 826 1735 aar
839 1681 936 1736 coedi·
987 1697 1039 1752 que
1053 1681 1090 1736 ita
1105 1679 1136 1735 lit
1149 1687 1180 1734 ut
1191 1687 1219 1735 et
1241 1694 1291 1735 nas
1305 1678 1356 1750 legi
1370 1679 1545 1734 servierimus
1558 1680 1585 1733 in
1600 1679 1735 1750 patribus,
1752 1687 1782 1743 et

139 1771 259 1840 ficamiai
281 1773 309 1826 in
333 1771 513 1826 habitaculam
534 1770 584 1825 Dei
607 1772 636 1826 irr
660 1769 760 1842 Spiritu
778 1780 879 1826 coacto.
902 1772 936 1827 Et
949 1759 1026 1827 Billi
1039 1771 1126 1842 gratia
1139 1769 1278 1826 salsentur
1291 1768 1401 1824 insiliis.
1421 1787 1430 1820 r
1452 1768 1504 1823 lste
1518 1768 1671 1825 intellectus
1684 1770 1781 1826 Eccle-

130 1877 227 1934 .qnare
241 1863 311 1918 hanc
321 1862 481 1925 Ecclesiam,
501 1862 552 1918 hoc
576 1877 686 1933 corpus,
699 1863 771 1932 quod
787 1871 829 1917 est
851 1863 938 1935 pleni·
986 1864 1034 1920 siae
1047 1863 1189 1919 catholiam
1202 1863 1345 1928 conuenit,
1363 1877 1423 1932 quae
1436 1861 1542 1916 Veteris
1557 1870 1584 1917 et
1599 1860 1667 1918 Noui
1686 1862 1781 1919 Testa·

140 1955 207 2008 urdo
221 1953 326 2023 capitis,
339 1953 393 2009 hac
408 1968 503 2019 unrtm,
519 1953 591 2024 quod
604 1968 639 2008 cx
658 1961 772 2024 utraque
785 1952 861 2019 lecit,
885 1955 936 2012 hos
986 1955 1072 2011 menti
1083 1970 1166 2010 unam
1183 1955 1281 2009 asserit
1294 1952 1507 2024 prouidentiam,
1523 1968 1574 2009 ncc
1594 1954 1738 2025 distinguit
1752 1954 1781 2011 in

139 2045 266 2101 conditos
279 2046 305 2100 in
328 2046 487 2116 semetipso,
511 2046 562 2101 hos
579 2045 674 2101 ambos
694 2046 884 2103 reconciliatos
905 2047 936 2103 in
988 2050 1109 2115 tempore
1127 2059 1195 2115 quos
1215 2043 1371 2099 conditione
1393 2042 1515 2098 sociauit.
1534 2041 1635 2100 Omnes
1653 2044 1781 2102 aedillcati

140 2153 196 2214 uno
220 2152 333 2209 corpore
356 2122 412 2193 Oea
436 2153 486 2209 per
496 2153 621 2209 crucem,
641 2139 713 2194 hanc
727 2138 936 2195 aedificationem
986 2135 1071 2191 simus
1085 2149 1167 2205 super
1181 2133 1387 2190 tundamentum
1402 2134 1623 2204 apostolorumet
1635 2137 1782 2207 propbeta-

139 2238 339 2297 oonstructam,
352 2230 405 2285 hoc
420 2231 551 2300 templum
564 2239 688 2287 sanctum
703 2232 730 2286 in
744 2230 871 2298 Domino,
883 2233 937 2290 hoc
986 2245 1065 2294 rum,
1090 2228 1247 2284 continente
1269 2242 1319 2283 nos
1342 2226 1464 2299 angulari
1484 2227 1573 2298 lapide
1591 2227 1654 2284 lesu
1669 2229 1782 2286 Christo

138 2320 326 2377 habitaculum
340 2320 389 2375 Oei
411 2321 437 2375 in
461 2321 576 2391 spiritu,
592 2322 674 2378 vultis
688 2323 726 2378 ita
746 2323 878 2391 dividere,
906 2330 937 2380 ut
986 2319 1101 2376 Domino
1115 2326 1219 2385 nostro,
1233 2318 1279 2389 qui
1294 2317 1359 2373 lecit
1372 2326 1486 2388 utraque
1500 2334 1601 2386 unum,
1621 2329 1648 2376 et
1661 2322 1781 2377 medium

138 2409 215 2466 aliud
239 2410 279 2464 illi
302 2409 412 2476 luerint,
429 2409 501 2465 aliud
515 2425 567 2466 nas
588 2411 691 2467 simusl
703 2411 773 2480 Quid
787 2428 852 2484 ergo
872 2429 936 2485 pro·
985 2411 1117 2482 parietem
1130 2410 1275 2481 dissipans,
1294 2410 1465 2465 inimicitiam
1487 2411 1629 2482 utriusque
1646 2413 1736 2483 populi
1752 2413 1782 2470 in

136 2503 193 2560 luit
208 2503 280 2572 quod
294 2517 343 2572 per
352 2510 434 2573 caput
448 2502 579 2559 habemus
594 2518 735 2560 accessum
745 2505 825 2561 ambo
840 2505 866 2560 in
881 2521 936 2578 uno
986 2517 1035 2557 sua
1050 2514 1133 2557 carne
1149 2499 1294 2565 destruxit,
1318 2508 1346 2555 et
1366 2499 1485 2568 antiquae
1506 2499 1574 2571 legis
1595 2500 1782 2559 difficultatem

137 2595 238 2666 spiritu
265 2595 299 2649 nd
312 2591 432 2660 Patrem,
448 2593 471 2649 si
485 2594 588 2649 nullam
609 2596 828 2652 communionem
853 2597 937 2653 hahet
986 2593 1204 2666 evangelicorum
1222 2592 1377 2663 dogmatum
1396 2591 1553 2664 integritate
1571 2594 1696 2649 mutarit.
1711 2595 1782 2655 Vere

138 2684 218 2739 radix
237 2683 315 2739 olivae
335 2698 398 2738 cum
412 2682 531 2739 oleastro
548 2685 600 2740 sihi
625 2686 746 2742 inserto?
760 2686 859 2743 Tribus
883 2687 936 2743 Ru·
986 2686 1134 2747 incausto
1147 2701 1217 2742 unus
1233 2685 1312 2756 panis
1330 2701 1443 2751 sumus,
1467 2692 1495 2740 et
1517 2686 1571 2742 duc
1593 2687 1782 2745 consensimus

137 2775 204 2840 ben,
217 2780 245 2830 ct
259 2772 421 2841 trihusGad,
437 2789 470 2831 ac
494 2775 606 2831 dimidia
619 2777 708 2832 trihus
723 2776 859 2845 narrasse,
872 2792 935 2848 pra·
987 2795 1070 2852 snper
1082 2788 1200 2845 terram;
1220 2786 1248 2835 et
1261 2778 1396 2849 quomodo
1409 2794 1459 2835 nos
1472 2794 1553 2849 super
1565 2779 1712 2852 prophetas
1723 2779 1784 2839 lun·
1815 2803 1817 2806 ’

136 2871 233 2933 pterea
253 2871 465 2920 construxerunt
481 2864 569 2922 altare
590 2865 661 2922 ultra
687 2864 845 2935 lordanem,
870 2869 936 2939 quia
987 2873 1044 2929 dati
1055 2887 1160 2938 sumus,
1173 2871 1212 2927 ita
1229 2876 1257 2926 et
1274 2870 1436 2940 patriarche
1446 2870 1503 2942 jam
1518 2869 1702 2941 apostolorum
1721 2870 1784 2930 lun·

133 2952 195 3024 jam
212 2953 342 3010 timebant
359 2971 417 3022 vos,
434 2972 470 3012 nc
485 2956 614 3014 diceretis
626 2958 690 3026 illis,
703 2974 765 3015 cum
787 2959 934 3017 Jordnnem
986 2966 1095 3022 damine
1106 2965 1298 3021 constiterunt.
1319 2963 1358 3019 De
1369 2963 1484 3020 Domino
1501 2980 1610 3035 quoque
1624 2964 1689 3022 lesu
1702 2964 1782 3023 Chri·

137 3045 321 3100 transissent:
346 3046 405 3101 Non
432 3047 575 3117 pertinetis
599 3049 633 3104 ad
661 3064 721 3116 nos,
748 3061 761 3090 ⁸
787 3065 842 3105 non
868 3050 935 3107 estis
986 3055 1295 3127 stopreedictusdoctor
1315 3054 1404 3110 ait:‹
1431 3054 1580 3126 Postquam
1602 3058 1637 3112 olr
1657 3066 1781 3116 nostram

137 3133 297 3201 Christiani,
326 3137 386 3194 sine
408 3136 518 3194 Christo
537 3139 619 3206 estis;
646 3141 710 3210 quia
736 3141 852 3196 necdum
875 3137 971 3201 cratC
987 3146 1102 3203 saltitem
1115 3145 1149 3202 de
1162 3145 1282 3216 Virginis
1295 3152 1373 3201 utero
1386 3145 1569 3217 dignatusest
1582 3148 1673 3214 nasci,
1689 3148 1738 3206 liei
1751 3159 1781 3211 et

136 3225 273 3285 Christus.
286 3229 359 3285 Nihil
372 3232 482 3287 omnino
493 3231 584 3287 dillert
593 3233 667 3288 aliud
680 3232 823 3290 interillos
834 3242 933 3303 etuas,
986 3236 1127 3292 hominum
1137 3235 1219 3291 homo
1228 3235 1354 3292 Christus
1364 3234 1444 3292 lesus
1454 3243 1595 3306 sequester
1605 3247 1648 3293 est
1658 3238 1778 3296 dictus.»

137 3317 194 3373 nisi
213 3320 276 3389 quia
297 3329 469 3376 sacramenta
493 3321 589 3378 salutis
612 3337 672 3392 quae
690 3339 739 3394 per
756 3325 933 3381 mediatorem
985 3327 1139 3398 Antequam
1152 3344 1217 3385 uero
1231 3329 1373 3385 hominum
1387 3345 1486 3401 corpus
1497 3338 1661 3397 assumeret,
1673 3339 1783 3389 etcsset

135 3419 250 3481 operata
267 3420 330 3469 sunt
353 3421 464 3484 propter
475 3429 525 3469 nos
540 3423 568 3469 ct
586 3426 698 3485 propter
720 3415 791 3482 illos,
806 3431 857 3471 nos
879 3415 934 3472 sal-
985 3421 1059 3491 apud
1069 3419 1180 3476 Patrem
1191 3428 1220 3477 et
1236 3436 1332 3477 omncs
1346 3430 1454 3477 sanctos
1472 3437 1540 3492 quos
1554 3420 1693 3493 Scriptura
1705 3439 1782 3480 com·

136 3508 204 3555 rant
215 3502 363 3570 praeterita,
377 3501 438 3558 illos
453 3501 554 3571 lutura,
581 3504 645 3574 quia
659 3520 719 3575 qum
731 3519 782 3561 nos
796 3505 933 3562 credimus
985 3519 1130 3578 memorat,
1148 3511 1207 3568 sine
1220 3512 1405 3569 additamento
1416 3512 1552 3578 hominis,
1568 3529 1648 3584 quem
1663 3515 1778 3570 necdum

137 3598 168 3644 et
180 3599 304 3649 tenemus
322 3595 472 3663 praeterita,
489 3594 528 3649 illi
544 3595 718 3651 crediderunt
739 3611 771 3651 ac
787 3605 934 3652 tenuerunt
986 3609 1191 3673 assumpserat,
1217 3601 1351 3659 mediator
1377 3601 1565 3658 tantummodo
1594 3612 1777 3674 nuncupatur.

137 3679 246 3750 lutura;
266 3693 294 3739 et
308 3684 346 3739 illi
365 3686 393 3740 in
407 3685 464 3741 sola
482 3687 648 3742 conscientia
664 3696 692 3744 ct
712 3687 807 3760 liguris
829 3687 934 3745 lutura-
985 3694 1046 3765 lpse
1056 3696 1155 3766 quippe
1168 3696 1289 3765 pretioso
1301 3696 1431 3766 sanguine
1446 3710 1496 3751 suo
1508 3702 1536 3749 et
1551 3709 1601 3749 nos
1611 3693 1719 3759 etillos,
1733 3709 1781 3758 pa-

138 3792 211 3844 rum,
226 3793 276 3833 nos
288 3779 371 3834 etiam
386 3779 414 3833 in
431 3778 540 3849 publica
561 3779 741 3850 professione,
752 3779 824 3836 rutis
836 3788 864 3835 et
882 3795 933 3836 an·
987 3784 1122 3841 triarchas
1139 3785 1243 3840 scilicet
1259 3792 1287 3840 et
1301 3785 1469 3855 prophetas,
1492 3784 1526 3838 de
1548 3781 1693 3838 nraledicta
1714 3782 1782 3857 legis

136 3871 310 3927 nuntiatione
319 3873 522 3943 praeteritarum
535 3889 626 3928 rerum
652 3888 715 3928 cum
733 3872 933 3944 significatione
986 3875 1111 3930 redemit.
1124 3874 1224 3930 Omnes
1235 3876 1308 3929 enirn
1322 3888 1355 3928 cx
1370 3874 1423 3930 llde
1438 3872 1539 3929 Christi
1549 3870 1691 3940 jnsuucati
1703 3885 1779 3934 sunt.

140 3961 326 4016 tractabilium
344 3970 596 4029 sacramentorum
618 3963 730 4018 stanter
753 3962 791 4017 itte
818 3963 872 4019 uuo
885 3965 933 4035 qui
987 3971 1127 4043 siquidem
1146 3971 1369 4028 sarnanum
1389 3971 1597 4041 uiemcnrtsu,
1622 3983 1651 4030 ct
1672 3972 1781 4030 latium
1874 3954 1884 4030 ζ

136 4070 220 4110 unum
232 4054 341 4110 hotrum
359 4058 386 4111 in
401 4054 509 4127 falango
526 4055 683 4126 portabant,
698 4069 782 4109 unum
803 4069 873 4125 onus
895 4053 934 4110 la·
986 4070 1048 4128 cst;
1068 4069 1096 4117 et
1113 4061 1220 4133 Moyses
1232 4061 1350 4132 majores
1365 4064 1475 4120 diuitias
1493 4063 1638 4120 aestimarit
1650 4063 1781 4120 thesaura

136 4144 248 4200 ciebant
273 4145 470 4212 indifferenter,
493 4146 545 4201 nisi
571 4146 633 4216 quia
657 4144 781 4200 cumdem
809 4146 932 4215 botrum,
986 4153 1186 4228 AEgyptiorum,
1206 4155 1400 4227 improperium
1411 4153 1522 4212 Christi.
1534 4155 1690 4228 Aspiciehat
1706 4153 1781 4211 enim

136 4249 209 4290 unus
218 4244 281 4306 post
293 4236 415 4304 dorsum,
430 4236 501 4292 alter
511 4245 575 4292 ante
590 4236 686 4293 inciam
699 4237 850 4303 habebant;
863 4238 933 4294 sicut
987 4249 1013 4303 qn
1026 4247 1286 4305 remunerationem,

135 4324 217 4381 atilli
242 4327 290 4398 qui
310 4328 506 4398 precedentes,
532 4336 560 4383 et
573 4336 729 4398 sequentes,
754 4327 869 4385 Domino
892 4330 933 4386 in·

135 4416 222 4472 manti
236 4416 407 4474 Hierusalem
420 4418 540 4474 claimant
552 4418 670 4474 Osanna.

704 4524 708 4535 ‘
816 4511 954 4572 BALUle
973 4513 1091 4572 NOTAE.

172 4611 188 4642 ι
209 4598 272 4682 dau
287 4600 349 4656 estis
364 4599 520 4657 domitiani.
548 4601 599 4658 llic
616 4601 792 4674 Fredegisnm
813 4604 972 4675 graviterl)
1002 4621 1054 4662 uos
1068 4604 1161 4660 laudat
1171 4603 1304 4660 Baronins
1314 4602 1341 4658 in
1354 4603 1432 4660 initio
1445 4601 1600 4676 Apparatus
1615 4603 1649 4661 ad
1659 4598 1779 4663 Annales

135 4669 239 4728 relellrt
252 4671 429 4743 Agohardus,
442 4673 514 4744 quod
529 4673 631 4729 dixerit
640 4674 811 4743 patriarchas
825 4672 932 4730 Veteris
984 4623 1202 4734 {eclesiasticos
1230 4674 1296 4730 Vide
1322 4674 1421 4730 librum
1452 4674 1582 4732 aduersus
1611 4673 1779 4733 Amalarium

135 4739 306 4797 Testamenti
321 4757 376 4796 non
391 4741 476 4799 luisse
488 4742 669 4799 Christianos.
685 4743 719 4797 Et
735 4751 934 4801 consentaneos
987 4763 1047 4819 cap.
1064 4747 1108 4802 td.

135 4810 384 4884 hahethgohardus
394 4810 529 4868 lustinum
544 4820 693 4884 martyrem
703 4822 730 4868 et
740 4812 932 4884 angustinum,

139 4955 351 4978 μ*

491 5061 745 5142 uersuum
773 5066 839 5143 ΑΙ)
879 5064 1133 5144 PROGERES
1170 5061 1383 5143 statutt

311 5251 451 5311 murm
469 5254 694 5313 nnscmauu
713 5252 838 5310 runruu
857 5250 902 5309 ns
918 5249 1093 5309 sarrrsuo
1111 5249 1333 5310 runuconuu
1355 5242 1606 5307 mucuronuu.

830 5390 1087 5406 m

171 5449 335 5538 Ocminiset
348 5482 540 5550 sanctissimis,
555 5483 730 5550 beatissimis,
744 5483 811 5541 uiris
824 5482 936 5539 illustri·
989 5483 1040 5537 hus
1053 5494 1079 5545 s,
1093 5479 1220 5536 hilduino
1234 5480 1304 5535 sacri
1322 5478 1414 5542 nalatii
1428 5478 1541 5535 antistiti
1565 5478 1640 5553 μὴ,
1655 5483 1778 5542 arclrica·

810 5573 947 5633 BALUle
966 5572 1083 5630 NOTAE.

172 5678 185 5708 ι
203 5666 332 5725 llttdrrino
348 5669 418 5725 sacri
437 5667 530 5740 palatii
548 5666 669 5731 antistiti,
688 5666 715 5722 id
736 5673 789 5734 est,
808 5666 931 5746 archica-
983 5661 1264 5746 praeceptonhudorici
1278 5658 1320 5715 Pii
1335 5675 1384 5744 pro
1401 5660 1560 5748 hildebaldo
1580 5666 1706 5746 episcopo
1724 5664 1779 5722 lla·

135 5735 255 5810 pellaeo,
268 5740 312 5795 rel
326 5756 433 5797 mmmo
448 5737 598 5811 capellano,
611 5750 666 5810 quo
680 5739 761 5793 modo
777 5743 892 5793 uocatur
904 5751 933 5791 nn
988 5742 1147 5802 tuscanensi,
1167 5732 1239 5802 quod
1256 5739 1346 5788 exstat
1365 5747 1392 5789 tn
1413 5733 1576 5794 hthltctheca
1590 5737 1777 5794 Clurnacensi.
