3832 6120
22 305 25 312 '
135 316 188 376 aar
694 305 855 365 ibbollcl
873 302 884 363 ι
902 303 1140 366 coenonema
1156 306 1201 363 en
1350 302 1356 313 ·
1721 306 1775 362 os

137 426 257 489 nssinn,
277 431 307 478 ιιι
324 421 395 476 scias
413 417 558 489 origenem
579 414 633 471 tria
651 415 787 471 volumina
806 415 834 471 in
856 416 926 471 banc
939 414 1097 479 Acalamus
1111 415 1264 483 Trinitatis,
1286 416 1377 489 lingna
1391 416 1510 487 Spiritus
1523 415 1631 481 sared,
1647 423 1777 474 terrenas

136 516 284 589 Epistulam
297 510 499 579 conscripsisse,
512 522 592 578 quem
603 514 632 563 et
644 521 694 562 nos
703 521 737 562 ea
748 514 826 577 parte
839 506 925 562 menti
978 506 1069 573 bomo,
1082 506 1130 563 sed
1143 506 1264 562 coelestis
1276 506 1400 579 angelus,
1415 506 1443 561 in
1456 504 1653 577 punctionibus
1667 504 1778 563 solsea·

136 619 252 662 summ:
271 600 455 672 Apollinarem
475 597 559 653 etiam
579 604 609 652 et
630 596 773 667 Didymum
794 595 926 666 quosdam
976 598 1019 654 dis
1033 604 1139 663 acutus,
1161 597 1188 652 in
1204 597 1376 653 revincendis
1395 596 1530 654 haereticis
1544 596 1777 666 circumspectus,

134 689 525 754 monitumnonitum
538 703 556 744 e
571 688 669 760 quibus
689 687 754 743 licet
771 701 859 758 pauca
878 688 925 743 de-
977 690 1005 742 in
1020 687 1189 758 explicandis
1207 685 1357 756 Scripturis
1375 685 1515 743 mnonicis
1530 694 1640 753 matus
1658 694 1715 742 etc.
1734 686 1777 742 Ex

133 785 295 856 aerpsimus,
306 783 384 855 plura
397 783 479 838 etiam
493 795 527 836 ex
542 781 629 836 sanmi
641 779 693 835 uiri
706 777 850 848 Augustini
864 792 925 834 sen-
977 777 1062 849 lpsius
1079 777 1165 833 macti
1181 776 1234 833 vlri
1252 777 1405 843 sententiis,
1423 791 1491 848 quas
1508 790 1559 847 pro
1577 775 1699 831 dirersis
1716 776 1778 846 ejus

135 878 243 943 tentiis,
262 891 331 947 quas
347 890 397 947 per
415 876 537 930 diuersos
552 871 612 941 ejus
626 871 711 927 libros
727 870 848 927 invenire
866 869 926 941 qui-
976 869 1053 926 libris
1071 869 1193 925 inuenire
1210 868 1364 938 putulnns,
1381 869 1454 924 hanc
1471 865 1650 938 exposuimus
1666 865 1778 936 Episto-

134 971 233 1036 rimus,
247 971 318 1025 banc
329 967 503 1039 exposuimus
515 966 673 1039 Epistulam,
685 972 714 1020 et
725 963 853 1020 nonnulla
865 978 926 1033 qum
976 960 1031 1015 iarn
1045 973 1070 1027 ⁸,
1085 960 1176 1032 aliqua
1192 960 1275 1016 etiam
1292 973 1327 1015 er
1339 959 1465 1031 Origenis
1481 957 1659 1027 Expositiooe
1674 956 1777 1012 ibidem

133 1059 213 1117 nobis
235 1059 397 1115 ridebantur
419 1058 568 1128 adjecimus
590 1057 648 1112 sive
671 1054 872 1121 subtraximus,
896 1061 927 1109 ut
977 1050 1159 1121 adjunximus,
1182 1051 1310 1108 nondurlla
1333 1053 1429 1115 esiam,
1453 1058 1484 1105 nt
1504 1049 1583 1105 nobis
1602 1050 1697 1104 risum
1719 1057 1777 1115 est,

134 1148 271 1204 studiosus
285 1149 377 1204 statim
390 1148 419 1204 in
432 1148 567 1218 principio
586 1147 717 1204 lectorum
733 1154 861 1218 agnoscat
876 1146 928 1202 boc
976 1141 1214 1212 pertractavimus.
1227 1141 1334 1196 Nullam
1348 1140 1557 1196 admonitionem
1570 1138 1716 1194 meliorem
1729 1153 1779 1208 po

133 1254 203 1309 opurs
215 1239 258 1295 rel
271 1239 388 1294 alienum
400 1254 463 1295 esse
475 1239 517 1294 uel
531 1245 662 1294 nmtrurn.
978 1233 1018 1288 tul
1040 1233 1171 1299 invenire,
1192 1248 1274 1304 uuam
1296 1232 1423 1305 Epistola,
1435 1233 1530 1304 prima
1550 1230 1630 1287 Pauli
1645 1231 1776 1302 apostoli,

277 1367 430 1425 ggpgfflgg
448 1367 570 1427 SANCTI
589 1365 784 1425 AUGUSTIM·
976 1339 1059 1395 quam
1077 1324 1149 1391 misi,
1167 1325 1230 1393 ouria
1249 1332 1306 1380 tota
1323 1324 1386 1380 inde
1400 1323 1498 1395 agitur,
1518 1330 1549 1376 ut
1566 1321 1668 1377 nrcrita
1687 1321 1776 1376 bumi-

976 1429 1042 1471 num
1054 1416 1138 1478 tollat.
1147 1416 1218 1471 unde
1230 1414 1346 1472 maxime
1354 1412 1557 1472 nunemonacbi
1569 1412 1737 1485 gloriantur,
1748 1421 1776 1467 et

170 1497 379 1559 Amantissimus
401 1500 510 1557 Domini
533 1500 721 1557 unctissimas
741 1500 923 1572 Augustinus,
974 1505 1091 1578 patiam
1104 1504 1345 1562 Dcicommendet.

171 1643 184 1671 ¹
202 1629 330 1699 Scilicet,
345 1632 380 1686 nd
395 1631 537 1687 Romanos.
940 1636 964 1697 b

760 1933 846 1977 ANNO
866 1932 982 1981 bonini
1004 1935 1138 1981 bcccxs.

450 2092 1322 2327 nriuuvrcus
1394 2110 1452 2325 1

136 2479 626 2598 COGNOMENTO
668 2479 864 2623 PIUS,
912 2484 1322 2605 IMPERATOR
1362 2493 1742 2612 AUGUSTUS

770 2715 1129 2757 -Θοῢ--ι

370 2883 936 3033 'Lbbovrdl
1006 2891 1171 3031 1³11
1257 2898 1528 3042 vl'rn

134 3149 260 3211 incerto
280 3159 419 3224 uectore,
440 3147 494 3210 sed
509 3150 565 3227 qui
582 3168 613 3211 ae
627 3149 822 3237 professione
838 3153 1076 3288 qUUroUOUUtm'
1096 3162 1123 3214 rt
1146 3155 1179 3216 in
1192 3156 1318 3235 palutio
1339 3159 1440 3238 ipsius
1468 3160 1677 3241 imperatoris
1702 3183 1768 3227 rcr-

822 3245 856 3286 sn
896 3243 925 3286 m
959 3246 989 3288 ca
1037 3247 1086 3291 ur.

596 3371 676 3436 (ipud
693 3372 845 3430 Cbesnlum,
860 3371 975 3423 Historia
988 3373 1136 3430 Francorum
1149 3382 1307 3448 Scriptores.)

417 3583 635 3648 PROLOGUS.
938 3589 960 3652 c
976 3595 1067 3647 bote.
1080 3592 1186 3653 Ειιιιιιιι
1199 3601 1361 3661 admoneare
1373 3605 1462 3663 dirim
1478 3608 1626 3677 dnonas,
1647 3622 1767 3672 mucan

171 3688 236 3747 Cum
251 3693 325 3758 gesta
338 3684 489 3756 priscorum
503 3683 574 3740 borsa
587 3681 704 3748 malaue,
718 3682 834 3739 maxime
847 3683 921 3754 prin·
974 3677 1140 3751 Sapientiam
1159 3689 1256 3747 docere
1270 3695 1455 3764 sobrietatem,
1471 3700 1637 3769 sapientiam
1650 3715 1681 3762 et
1690 3707 1768 3778 iusti·

133 3783 235 3853 ciprun,
249 3777 455 3835 admemoriam
468 3775 644 3840 mercantur,
658 3774 764 3845 germm
780 3773 806 3829 in
818 3775 858 3830 eis
869 3775 922 3831 nti·
975 3771 1052 3837 tiam,
1068 3785 1095 3831 et
1108 3778 1252 3850 virtutem,
1273 3786 1372 3855 nuribus
1390 3790 1457 3845 ninii
1477 3801 1520 3848 est
1540 3794 1651 3854 dulcius
1669 3800 1698 3856 in
1716 3801 1767 3857 rita

134 3873 198 3927 litas
210 3869 360 3939 legentibus
376 3865 524 3922 conicrturr.
540 3864 600 3919 lilia
615 3865 686 3919 enim
701 3878 795 3921 eorum
809 3864 920 3921 utilitati
974 3858 1147 3921 hominibus:
1166 3885 1281 3940 quarum
1303 3873 1347 3932 ille
1368 3876 1405 3934 ita
1426 3881 1568 3938 comitatui
1593 3885 1713 3945 indivise
1726 3891 1768 3947 ad·

133 3972 160 4018 e,
170 3959 341 4018 fflgigcggmg
352 3964 474 4032 prowm,
483 3955 535 4010 «ιι,
546 3955 668 4012 anselm,
677 3955 745 4024 Quia
755 3957 828 4013 enim
840 3957 920 4028 primi
974 3949 1063 4021 haesit,
1079 3965 1110 4012 ut
1122 3962 1243 4019 nescires
1255 3966 1346 4035 polius
1359 3984 1441 4039 quam
1453 3971 1480 4027 in
1493 3987 1526 4028 eo
1539 3975 1677 4033 admirari
1689 3981 1755 4037 debe

133 4053 160 4106 in
176 4049 283 4106 sublimi
298 4048 382 4103 ueluti
403 4047 511 4118 specula
524 4047 692 4111 consistunt,
714 4055 741 4102 et
759 4047 821 4103 idco
836 4047 921 4104 intere
974 4057 1028 4099 res.
1045 4043 1114 4114 Quid
1132 4051 1205 4106 enim
1216 4052 1274 4124 ejus
1285 4057 1432 4116 sobrietate
1445 4061 1565 4130 sobrius,
1581 4080 1647 4136 quae
1660 4069 1767 4127 altom

131 4148 276 4210 nequeunt,
292 4153 326 4192 eo
343 4137 413 4192 inme
430 4152 524 4192 eornm
538 4137 619 4193 latius
633 4146 811 4210 propagatur,
828 4153 882 4209 quo
892 4148 922 4194 et
974 4136 1047 4194 mine
1059 4139 1199 4213 frugalitas
1209 4147 1266 4204 siue
1277 4153 1454 4223 temperantia
1462 4157 1766 4220 nominaturiltaeniru

132 4232 256 4287 dillusius
269 4230 389 4284 cernitur
400 4247 408 4296 3
426 4238 454 4285 et
463 4238 540 4285 tanto
552 4230 652 4301 quique
664 4230 769 4286 illorum
780 4228 851 4286 bono
861 4228 921 4299 pln-
974 4240 1006 4282 ea
1020 4244 1084 4286 usus
1094 4240 1147 4298 est,
1159 4243 1189 4290 ut
1202 4235 1266 4302 illud
1277 4242 1489 4301 uetustissimum
1500 4251 1680 4318 prouerbium
1696 4265 1724 4311 nu
1735 4255 1766 4309 ad

81 4400 85 4407 .
132 4322 195 4379 rimi
218 4320 382 4385 alliciuntur,
402 4327 503 4389 quanto
523 4321 749 4391 prominentiores
771 4337 801 4376 se
820 4320 919 4376 imitari
975 4316 1073 4374 coelum
1087 4337 1173 4393 usque
1190 4326 1354 4387 celebratum
1372 4334 1762 4407 silueritiamiliarissimuru.

132 4412 291 4483 gloriamur.
305 4408 368 4465 liaec
381 4409 418 4465 ita
431 4425 461 4465 se
473 4410 575 4466 babere
588 4411 720 4481 majorum
730 4411 848 4481 produnt
859 4425 920 4466 mo·
974 4424 1027 4479 quo
1041 4411 1157 4470 dicitur:
1179 4416 1222 4473 lile
1235 4421 1298 4491 quid
1311 4424 1399 4481 niuniu.
1418 4426 1556 4499 Sapientia
1569 4449 1638 4490 uero
1652 4437 1763 4494 deloco·

131 4507 270 4566 numeula,
289 4500 336 4570 qui
357 4500 488 4557 relatione
509 4515 557 4558 sua
580 4502 765 4571 posteritatem
785 4502 920 4559 instruere
972 4496 1054 4557 batur
1073 4517 1104 4558 ea
1119 4522 1199 4575 quam
1216 4507 1363 4581 Scriptura
1383 4519 1546 4577 auctoritate
1568 4523 1706 4583 didicerat
1723 4528 1761 4585 dr-

132 4592 303 4657 studueruat,
323 4590 437 4660 unisque
450 4590 602 4662 principum
613 4606 667 4662 quo
680 4591 748 4647 ealle
765 4591 919 4648 mortalium
973 4597 1070 4646 ceule:
1093 4593 1159 4652 Ecce
1173 4599 1252 4654 lfm⁰t
1265 4601 1382 4671 Domini,
1396 4608 1453 4680 ipra
1472 4621 1510 4665 θεῖ
1522 4615 1668 4685 unientis.
1685 4618 1763 4677 lusti-

131 4684 184 4738 iter
198 4682 312 4737 triverit.
333 4681 451 4747 Quorum
475 4697 524 4736 nos
545 4683 664 4738 studium
682 4682 830 4748 imitantes,
842 4683 919 4739 uolu-
974 4678 1039 4733 liam
1061 4698 1142 4752 porro
1157 4697 1258 4757 quanto
1272 4692 1385 4751 coloerit
1401 4697 1512 4768 allecto,
1530 4710 1616 4760 testes
1639 4718 1706 4765 sunt
1719 4710 1762 4781 gui

132 4789 193 4829 rurus
204 4786 265 4828 esse
278 4772 319 4827 uel
334 4772 513 4841 praesentibus
533 4770 685 4838 trudensi,
705 4771 748 4827 uel
765 4771 863 4828 iuturis
877 4773 919 4828 in·
972 4772 1031 4843 ejus
1045 4790 1144 4833 novere
1155 4781 1272 4838 studium
1288 4802 1341 4856 (prro
1354 4787 1494 4865 flagrabat,
1508 4797 1669 4868 utquisque
1680 4802 1763 4857 pomp.

131 4864 196 4928 uidi,
213 4863 260 4919 sod
272 4863 356 4918 Actus
366 4863 510 4934 vitamque
522 4863 578 4920 lieo
592 4863 716 4920 amabilis
726 4872 807 4936 atque
821 4866 917 4921 ortbo·
973 4879 1038 4919 num
1052 4868 1119 4923 ordo
1135 4872 1223 4928 ordini
1236 4889 1286 4930 sno
1298 4876 1372 4947 justa
1386 4883 1562 4952 persolveret,
1576 4898 1605 4942 et
1618 4888 1762 4947 bominum

131 4954 194 5010 dori
216 4953 388 5025 imperaturis
401 4953 540 5021 bodelini,
556 4954 626 5028 stylo
639 4955 702 5011 licet
715 4954 805 5010 minus
828 4954 917 5022 docta,
973 4961 1169 5026 superomnia,
1184 4967 1337 5033 proximum
1351 4985 1415 5027 sero
1436 4981 1563 5044 tanguam
1584 4992 1614 5034 se
1628 4979 1761 5054 diligeret

130 5045 325 5101 contradimus.
337 5043 435 5099 Fateor
444 5044 528 5110 enim,
536 5050 564 5100 et
574 5045 675 5116 absque
686 5043 747 5100 luco
758 5043 919 5101 adulationis
971 5043 1031 5102 iam
1048 5064 1114 5106 vero
1125 5054 1212 5112 uirtus
1228 5057 1296 5115 adeo
1314 5062 1340 5117 ei
1363 5065 1520 5135 coaluerat,
1532 5078 1565 5125 ut
1580 5079 1621 5128 tot
1637 5088 1672 5132 ae
1685 5074 1764 5131 untb

130 5135 201 5200 dieo,
216 5135 280 5206 quia
295 5135 446 5191 succumbit
455 5138 654 5205 numennumen
665 5135 727 5190 dico
738 5134 917 5204 meum,quod
970 5137 1093 5208 pulsatus
1104 5144 1192 5212 malis,
1204 5147 1346 5208 lacessitos
1355 5161 1410 5210 mm
1422 5158 1536 5228 privatis
1547 5176 1631 5233 quam
1644 5166 1763 5222 externis

129 5226 306 5298 perexiguum
320 5234 373 5294 est,
391 5226 438 5282 sed
452 5241 611 5297 maguiorum
630 5216 784 5297 ingenium,
798 5224 918 5280 materiae
972 5232 1089 5304 injuriis,
1101 5237 1175 5295 nullo
1188 5249 1287 5309 tumen,
1299 5244 1355 5302 beo
1364 5250 1486 5316 custode,
1498 5260 1595 5322 penam
1606 5254 1669 5327 (ins
1679 5257 1762 5313 inrio-

130 5356 640 5501 ninlliiillllliliiiilli
651 5358 917 5485 illiniti
971 5366 1198 5500 illinisti
1209 5379 1529 5520 iillilliliill
1539 5386 1760 5527 iiilillllii

130 5492 226 5550 lissimi
238 5513 271 5552 uc
293 5496 458 5554 devotissimi
479 5502 603 5556 inonacbi
623 5499 755 5556 relatione
775 5498 915 5563 didicisse,
970 5509 1186 5580 antiquissimum
1211 5519 1425 5577 snlmrinistrmit
1443 5520 1757 5595 bibliolhcca‘Tlmana,

131 5568 1023 5620 rt„·'·‚··',..
1258 5588 1565 5609 ·...

130 5565 916 5721 inusutiaminide.inserimini.
970 5577 1140 5705 alance
1452 5611 1479 5650 c
1502 5596 1668 5656 nnn...
1682 5602 1755 5657 n..

130 5703 273 5774 siguificat,
291 5703 352 5757 ιΙιιιιι
371 5705 450 5762 rulurs
467 5709 611 5765 iulercsset
628 5709 760 5779 perintimus.
778 5706 911 5762 Caeterum
