3832 6120
105 343 160 401 did
856 338 1020 395 thhiiih.
1690 345 1744 402 350

103 462 250 527 eamden,
258 460 340 531 josto
355 475 504 513 mensurum
518 459 767 528 aestimationemque
782 456 899 526 percuti:
914 474 940 526 Α
951 473 1037 528 usque
1051 457 1115 513 dum
1129 457 1275 514 inuoluitur
1291 458 1361 514 calix
1375 457 1409 513 de
1423 458 1531 515 sudario
1544 459 1659 528 diaconi,
1682 461 1745 520 vioe

102 554 152 624 qui
168 549 251 606 orabit
265 567 313 621 pro
328 567 358 604 eo
371 549 440 621 quod
460 551 577 603 nesciens
589 549 678 618 fecerit
687 567 696 614 ,·
714 557 738 601 et
757 547 901 600 dimittetur
951 548 1060 618 ioseph,
1076 551 1121 619 qui
1137 548 1357 620 inuoluitoorpus
1369 549 1476 605 Domini
1487 550 1610 619 sindone,
1624 559 1652 607 et
1663 553 1744 609 suda-

104 642 187 714 siqui
201 657 248 712 per
260 656 376 693 errorem
389 638 498 710 deliquit
510 640 538 692 in
548 637 671 692 Domino.
692 636 818 691 Salomon
833 651 900 705 qno-
952 642 1023 694 rio.»
1048 639 1081 693 Et
1099 647 1258 709 postpauca
1272 657 1279 693 :
1293 639 1394 694 «Panis
1406 648 1536 697 extensus
1549 656 1630 713 super
1647 640 1743 707 altare.

105 750 161 806 que
172 735 200 787 in
211 731 380 788 dedicatione
396 729 488 799 templi
502 744 584 784 orans
596 728 662 782 dicit
675 745 680 780 :
694 725 723 781 Si
737 726 795 793 quis
810 741 903 795 coque
951 746 1049 800 eorpus
1066 730 1168 784 domini
1193 738 1327 785 monstrat
1348 740 1489 788 extensum
1511 734 1539 787 in
1559 748 1650 801 eruce,
1671 734 1744 809 guod

106 825 173 878 uerit
194 821 300 894 plagunt
323 820 409 873 cordis
427 818 479 883 sui,
506 828 530 872 et
549 816 692 871 extenderit
719 831 812 870 montis
839 831 901 868 snos
951 834 1000 874 nos
1010 819 1210 874 oranducamus.
1225 820 1324 875 Vinum
1336 828 1365 877 et
1377 835 1448 891 aqua
1461 823 1488 876 in
1502 823 1745 888 calice,monstrttt

105 918 134 969 in
151 915 229 969 domo
240 914 301 977 ltus,
322 921 350 966 tu
370 911 493 964 exaudiet
508 909 535 962 in
550 908 606 962 loeo
619 907 787 962 habitationis
802 916 863 969 turm,
877 914 902 958 et
952 921 1132 976 sacramenta,
1143 927 1203 981 quae
1215 912 1248 966 de
1261 911 1344 967 lasere
1355 912 1457 968 christi
1468 913 1495 968 in
1506 928 1586 969 cmoe
1596 913 1744 980 fluxerunt,

106 1003 327 1077 repropitiaberis.
347 1001 499 1071 Perpendat
510 999 628 1069 prudens
638 996 736 1061 tidelis,
748 1011 830 1067 quam
841 1010 904 1049 con·
952 1002 979 1056 id
992 1011 1044 1066 est,
1059 1002 1215 1071 sanguinem
1227 1009 1255 1056 et
1268 1016 1376 1071 aquam,
1389 1004 1487 1074 quipus
1500 1019 1551 1059 nos
1563 1012 1640 1075 pom
1653 1003 1745 1060 pomi.

105 1096 223 1150 trarium
249 1095 284 1149 sit
306 1092 414 1148 ueritati
435 1091 532 1145 divinae
554 1088 697 1144 eonsilium
722 1085 903 1151 hmalarii,et
952 1099 1136 1147 nostrosque.»

104 1196 238 1258 quantum
251 1193 382 1256 congruat
395 1183 513 1239 suasioni
528 1181 637 1238 diaboli.
987 1183 1057 1237 xix.
1083 1182 1123 1238 hd
1138 1184 1197 1239 haec
1209 1184 1293 1239 rerba
1305 1184 1435 1241 Amalarii
1449 1188 1667 1257 respondendum
1681 1196 1744 1245 esi:

142 1279 235 1334 iiiiii.
255 1278 284 1333 ln
296 1279 366 1332 libro
377 1285 484 1346 quarto,
496 1275 615 1345 capitulo
629 1275 735 1341 ultimo,
748 1275 812 1330 dicit
822 1272 904 1329 hana·
914 1317 918 1332 .,
934 1293 937 1301 ·
953 1272 982 1329 Si
992 1282 1069 1345 putat
1083 1274 1116 1328 ab
1130 1288 1163 1329 eo
1177 1275 1229 1330 sibi
1242 1275 1455 1332 demonstratum
1470 1279 1516 1349 qui
1526 1281 1613 1348 aperit
1623 1286 1651 1334 et
1662 1293 1743 1336 nemo

105 1369 215 1424 larius:
235 1368 417 1438 ‹Nuperrime
431 1374 611 1422 monstratum
628 1375 671 1421 cst
685 1367 761 1430 mihi,
780 1372 808 1420 ut
826 1372 901 1435 puto,
953 1365 1062 1429 claudit,
1079 1367 1122 1420 eui
1142 1365 1289 1436 subJungit,
1309 1368 1401 1425 dicens
1416 1385 1422 1422 :
1437 1367 1516 1424 Soloo
1535 1371 1686 1440 magisterio
1701 1386 1747 1426 eo·

104 1461 144 1515 ab
158 1476 191 1516 eo
203 1460 249 1530 qui
264 1461 334 1529 quod
346 1460 442 1530 aperit,
454 1473 535 1515 nemo
546 1458 659 1525 claudit,
675 1459 739 1528 quid
753 1457 901 1512 rationabi·
952 1475 1011 1514 runt
1027 1461 1072 1530 qui
1085 1458 1152 1513 olias
1162 1469 1185 1513 et
1197 1458 1291 1514 melius
1304 1461 1367 1514 nribi
1382 1461 1471 1517 uolunt
1483 1464 1609 1533 operire?
1631 1463 1683 1520 Ubi
1695 1464 1746 1519 ite-

104 1549 172 1606 liter
191 1552 277 1621 possit
292 1551 344 1606 dici
360 1551 393 1605 de
408 1565 522 1620 corpore
537 1550 644 1607 Domini
660 1550 749 1619 posito
768 1550 796 1602 in
813 1548 902 1613 altari,
952 1569 1014 1609 rum
1041 1560 1118 1624 putat
1145 1553 1268 1608 inuenire
1290 1554 1336 1623 qni
1358 1554 1454 1609 melius
1473 1554 1511 1608 iili
1531 1555 1628 1623 possit.
1639 1555 1746 1626 aperire

105 1650 137 1695 θῐ
151 1640 185 1695 (Ιθ
200 1640 283 1695 ⁰³¹5OE
297 1656 330 1695 0¹
347 1641 432 1695 Ῑὲῑθῐθ
447 1639 516 1708 ejus,
537 1641 610 1696 saluo
633 1639 789 1710 midlS²0l30
809 1652 902 1691 fflfflffi
953 1662 1034 1718 quam
1048 1646 1188 1711 Donamus,
1202 1646 1248 1714 qui
1262 1646 1359 1713 aperit,
1375 1654 1402 1699 ct
1418 1660 1497 1700 uento
1514 1645 1635 1700 claudit?
1656 1644 1746 1712 Qttare

106 1733 155 1801 (lui
172 1732 239 1786 alias
257 1739 285 1786 el
298 1732 394 1786 mellus
407 1732 471 1786 mihi
486 1732 580 1787 volunt
595 1731 711 1802 aperire,
727 1729 862 1800 qu⁰ffl0d⁰
876 1733 903 1780 θῑ
954 1752 1008 1790 iton
1024 1742 1066 1791 est
1080 1733 1237 1790 recordatus
1249 1734 1410 1805 evangelicae
1420 1736 1570 1800 sententiae,
1585 1751 1645 1805 quae
1659 1735 1744 1790 dicit:

106 1837 194 1892 quare
213 1823 291 1878 ³¹11&
311 1823 388 1893 pissis
408 1822 548 1892 i³⁰¹¹ss¹¹l¹us
563 1823 598 1877 Sil
618 1823 645 1876 1¹¹
666 1820 756 1884 astilit
780 1827 810 1875 θῑ
832 1818 904 1873 ΰθῑῑΧ
917 1828 941 1887 Β
956 1829 998 1883 Ne
1018 1830 1142 1883 vocemini
1160 1826 1289 1899 magistri,
1309 1830 1372 1899 quio
1389 1829 1513 1899 magister
1525 1838 1608 1883 uester
1627 1844 1694 1882 usus
1707 1838 1745 1883 est

101 1911 186 1982 juxta
206 1927 279 1967 eum.
303 1910 407 1977 ditare,
426 1926 493 1966 crux
506 1910 608 1966 Christi
622 1916 673 1975 est,
691 1910 726 1965 ab
740 1924 773 1964 eo
784 1908 844 1964 ioco
858 1906 903 1960 ubi
955 1919 1084 1976 cimus,

104 2003 241 2075 seriptum
263 2013 305 2059 est
325 2005 353 2059 in
373 2019 476 2060 canone
489 2018 498 2059 s
513 1999 588 2059 tium
608 2010 633 2056 et
652 2017 778 2056 memores
801 2014 903 2063 sumus,

113 2119 1738 2149 --.-.......-.-..-.-...-.--—-—-—·-—-—--—-—--——----·

568 2242 613 2321 S.
655 2233 973 2321 AGOBARDI
1005 2225 1294 2314 CARMINA·
1376 2288 1382 2298 ,

493 2528 513 2583 i.

194 2618 396 2688 attestantium
423 2614 513 2671 Caroli
528 2616 619 2688 dloqui
643 2617 818 2687 imperatoris.

104 2714 199 2772 Aurea
223 2709 354 2765 emiorum
379 2714 520 2778 postquam
543 2708 577 2762 de
593 2708 703 2778 Virgine
728 2706 852 2762 Christus

107 2803 272 2871 Sumpserat
295 2806 357 2866 apta
378 2798 430 2853 sibi
445 2798 537 2852 mundi
551 2813 600 2867 pro
613 2799 727 2852 crimine
737 2799 869 2866 membra,

108 2891 173 2947 dam
195 2891 440 2958 decimusquartus
454 2897 515 2958 post
530 2891 632 2944 eettties
646 2899 707 2944 octo
721 2890 829 2945 volabat

110 2983 216 3047 Annus,
229 2981 364 3052 fluctivagi
386 2981 485 3035 meruit
499 2994 549 3049 per
568 2980 671 3036 fervida
684 2981 746 3038 coeli

110 3072 235 3130 AEtberei
257 3070 379 3136 Carolus,
403 3071 571 3127 Francorum
588 3071 674 3142 gloria
697 3072 793 3142 gentiS,

111 3165 234 3236 AEquora
246 3164 372 3229 transire,
383 3170 411 3219 et
424 3163 559 3234 piacidum
574 3164 770 3233 comprendere
780 3170 903 3232 portum.

111 3258 165 3325 Qui
181 3258 323 3328 deciesque
335 3265 432 3328 quater
449 3271 506 3326 per·
518 3270 564 3311 sex
578 3255 694 3311 feliciter
708 3270 794 3311 asinos

956 2524 990 2580 Et
1001 2523 1103 2580 Christi
1120 2522 1236 2596 subcunt
1249 2520 1401 2576 veneranda
1413 2519 1520 2590 tetrapla,

955 2615 1076 2670 Cernum
1094 2623 1123 2665 ut
1137 2620 1192 2674 tua,
1204 2608 1339 2680 Cypriane
1350 2617 1464 2678 martyr,

955 2705 1082 2763 Servaret
1096 2702 1200 2757 loculus
1215 2700 1355 2772 neglectus
1376 2714 1448 2754 ossa.

955 2796 1023 2852 Tum
1037 2810 1102 2849 vcro
1115 2793 1199 2847 nimio
1214 2791 1308 2847 dolore
1326 2791 1401 2855 nroti,

954 2888 988 2944 m
1007 2900 1103 2957 magno
1121 2884 1224 2954 gemitu
1255 2881 1346 2952 poium
1365 2880 1512 2946 intuentes,
1593 2898 1596 2905 ·

954 2983 1074 3040 Possunt
1097 2979 1228 3035 auxilium
1241 2977 1289 3032 iiei
1304 2978 1442 3046 perennis,

954 3075 1008 3131 Pro
1021 3088 1074 3145 quo
1089 3079 1184 3128 sancte
1199 3070 1248 3124 tibi
1263 3076 1346 3140 caput
1365 3070 1483 3124 recisum
1500 3076 1551 3124 cst.

953 3165 989 3223 lit
1011 3181 1074 3220 mox
1093 3163 1242 3234 poplitibus
1261 3163 1398 3231 precando
1416 3160 1505 3226 flexis,

954 3258 1080 3315 Pandunt
1091 3257 1298 3325 sarcophagum,
1312 3255 1474 3323 studentque
1486 3266 1580 3308 sacroe

112 3350 227 3420 Sceptra
238 3357 333 3404 tenens
345 3350 432 3418 regni,
450 3357 476 3404 et
487 3362 571 3419 regno
597 3365 644 3405 ren
656 3365 737 3418 regna
752 3345 905 3421 repingens,
920 3358 943 3421 (2
957 3350 1040 3406 Arius
1053 3349 1187 3418 stringere
1202 3345 1290 3400 linteis
1305 3345 1417 3416 paratis,

112 3440 203 3496 i'ebru
219 3441 346 3509 migrauit
369 3441 464 3511 quinto
474 3441 526 3509 arii
551 3456 584 3495 es
601 3442 667 3496 orbe
687 3440 832 3506 Kalendas,

114 3536 291 3607 Septuaginta
312 3550 396 3590 senex
416 3536 479 3590 vitae
493 3536 538 3608 qui
554 3535 683 3590 terminat
694 3551 788 3590 annos.

113 3627 283 3696 Quapropter
301 3626 540 3698 liagito,prccibus
558 3627 579 3682 si
596 3626 711 3682 dcetcris
728 3627 800 3693 oilie,

113 3714 219 3786 Quique
238 3716 319 3788 hujus
334 3715 431 3786 relegis
446 3731 541 3773 versus
555 3717 753 3788 epigrammata
764 3717 861 3783 lector,

114 3805 370 3862 AstriieramCaroli
385 3814 485 3872 teneat,
508 3808 560 3872 dic,
572 3807 796 3876 spirimrcem.

506 3915 537 3970 n.
589 3901 596 3918 '

114 4029 128 4067 1³
153 4025 191 4080 lie
204 4026 376 4081 translatione
390 4025 562 4096 reliquiorum
580 4031 732 4078 sauctorum
756 4032 905 4092 mortorum

150 4095 287 4168 Cypriurti,
298 4096 413 4168 Sperati,
424 4104 448 4149 et
467 4092 641 4147 Pantuleotu's
653 4093 687 4147 nd
701 4094 791 4147 urbem
803 4091 909 4162 Lrtqdu-

151 4183 266 4222 mosem.

114 4256 386 4328 ilectormagniiieus
407 4256 521 4326 piusque
538 4254 677 4324 princeps,

113 4350 245 4420 Augusto„
252 4347 366 4403 Carolus
389 4347 486 4401 decore
500 4344 599 4409 initus,

115 4442 259 4510 sceptrum
286 4438 377 4494 nobile
391 4437 556 4492 Francorum
570 4438 693 4508 regebat,

115 4528 260 4600 Subiectos
273 4528 386 4604 populos
402 4529 446 4599 pio
459 4528 621 4598 gubernans.

115 4621 213 4676 Lectos
238 4635 347 4689 aequora
362 4619 481 4689 jusserat
495 4634 588 4674 secare

115 4716 154 4769 dc
164 4714 222 4783 iam
237 4715 354 4784 propitio
382 4715 433 4769 sibi
455 4722 574 4777 tonante,

117 4804 289 4860 l'ostmultos
312 4804 403 4859 nimiae
420 4804 471 4859 vise
484 4803 603 4870 labores,

116 4896 241 4967 ingressu
265 4897 359 4953 reduci
379 4897 613 4966 salumpetentes,

116 4988 255 5044 intrarunt
272 4988 387 5060 Libycos
401 4997 511 5058 repente
530 4989 622 5045 lines:

116 5081 175 5145 Qua
192 5079 330 5152 Carthago
343 5082 420 5151 gravi
434 5079 529 5149 jacens
543 5082 621 5137 ruina

117 5169 204 5226 itellet
216 5173 368 5241 'praeteritae
384 5172 466 5227 decus
487 5170 618 5240 juventae.

117 5263 169 5319 liic
179 5263 243 5319 dum
256 5264 382 5321 basilicas
397 5264 564 5320 lieodieatas

956 3440 1187 3510 Committuntque
1214 3454 1293 3494 sacro
1313 3436 1528 3507 corpusioceilo.

957 3530 1064 3603 Sperati
1077 3545 1184 3601 quoque
1215 3531 1343 3601 martyris
1367 3530 1451 3594 boati,

924 3687 925 3690 Ἴ
956 3621 1011 3678 Nec
1028 3636 1082 3676 non
1095 3619 1268 3677 Pantaleonis
1294 3635 1357 3676 ossa
1374 3621 1473 3689 raptim

956 3696 1066 3768 'iuriiunt
1079 3719 1176 3767 cuncta
1186 3709 1277 3775 simul,
1295 3710 1432 3780 ligantque
1444 3709 1551 3780 punitis.

956 3803 1147 3862 Conscemunt
1161 3801 1264 3856 celeres
1277 3809 1363 3855 ratem
1375 3811 1511 3870 paratam,

956 3893 1011 3948 Nec
1026 3894 1089 3948 steti
1117 3899 1241 3945 metuunt
1253 3891 1355 3959 pericia
1366 3892 1451 3959 ponti.
1546 3934 1550 3942 .

957 3984 1081 4054 Egressis
1100 3982 1195 4038 Arelas
1209 3981 1299 4050 opima
1314 3989 1394 4050 portu

957 4075 1082 4131 Occurrit
1092 4073 1207 4145 placido,
1224 4073 1339 4142 sinuque
1357 4072 1419 4128 laeto

957 4168 1056 4223 Fessos
1068 4167 1180 4237 excipit,
1192 4181 1225 4221 ac
1238 4163 1311 4220 iovet
1333 4166 1459 4237 benigne.

959 4260 1022 4316 ilaec
1043 4275 1108 4315 mox
1126 4274 1188 4314 cnm
1199 4258 1284 4312 audiit
1297 4258 1415 4328 optimus
1426 4259 1565 4325 sacerdos.

958 4351 1080 4422 Lugduni
1108 4351 1240 4422 placidam
1270 4359 1366 4407 tenens
1380 4351 1548 4415 cathedram,

959 4441 1121 4498 Sanctorum
1143 4439 1245 4495 eximio
1269 4440 1360 4495 calore
1375 4440 1502 4510 flagrans,

959 4530 1156 4599 intendensque
1168 4529 1254 4583 sacris
1270 4529 1371 4599 ubique
1390 4528 1483 4592 rebus,

960 4619 1100 4675 Ledradus
1113 4618 1250 4689 specimen
1269 4617 1406 4687 decusque
1420 4617 1497 4681 cieri,

921 4711 1036 4780 DOrat,
1052 4711 1181 4781 postulat,
1198 4710 1379 4778 impetratque
1399 4708 1507 4777 raptim,

963 4805 999 4860 tit
1011 4803 1183 4857 sanctissima
1203 4801 1469 4871 martyrumpiorum

961 4894 1068 4951 Nostris
1087 4893 1222 4947 moenibus
1239 4907 1301 4948 ossa
1312 4892 1503 4956 conderentur,

964 4985 1085 5056 Lugduni
1098 4986 1130 5038 ad
1142 4983 1276 5052 placidam
1303 4981 1415 5038 ioannis
1432 4997 1519 5046 aram,

963 5078 1014 5145 Qui
1038 5076 1174 5131 Christum
1189 5076 1274 5130 vitrea
1288 5075 1387 5144 rigavit
1404 5074 1484 5130 unda.

962 5168 1017 5223 lilio
1041 5183 1103 5222 cum
1121 5167 1202 5220 sociis
1219 5167 1322 5220 honore
1338 5165 1413 5220 claro

966 5260 1089 5325 Florcns,
1104 5257 1196 5312 inclite
1208 5255 1343 5327 Cypriane
1359 5254 1471 5310 dormis.

815 5374 949 5433 tittoztt
969 5370 1085 5428 NOTAE.

156 5502 169 5529 ι
184 5490 355 5561 Epitaphium
367 5490 464 5545 Caroli.
479 5489 546 5545 iiuic
559 5489 674 5545 carmini
690 5504 739 5543 nos
754 5488 860 5543 titulum
876 5486 913 5540 ic-

119 5560 216 5624 citnus,
237 5563 322 5616 secuti
345 5561 534 5616 auctoritatem
559 5559 684 5614 Chronici
708 5557 909 5616 Nouedieiensis.

18 5634 24 5644 ‘
122 5631 214 5700 inquo
236 5632 370 5701 reperitur
395 5633 545 5686 insertum:
561 5630 638 5705 enjus
661 5630 742 5683 otiam
756 5644 807 5697 ope
821 5641 912 5682 corre-

121 5716 211 5755 rnntun
227 5711 318 5759 errata
349 5719 389 5758 uae
401 5703 566 5770 irrepserant
579 5701 606 5754 iu
616 5701 733 5763 editione
748 5699 874 5753 iinssoni.

159 5771 173 5812 ὓ
197 5771 238 5828 lis
264 5719 446 5829 tranianum.
476 5770 594 5828 ilistoria
621 5770 701 5841 hujus
729 5769 911 5837 translationis

963 5491 1052 5541 exstat
1064 5483 1090 5537 in
1105 5482 1295 5554 ldartyrologio
1306 5478 1410 5535 Adonis
1419 5475 1590 5542 Viennensis,
1601 5474 1671 5532 undo
1682 5469 1757 5529 edita

963 5564 1004 5610 est
1017 5556 1088 5609 inter
1101 5554 1204 5623 Elogia.
1225 5551 1279 5606 Sed
1302 5549 1467 5632 posteriores
1489 5555 1603 5617 quatuor
1613 5554 1641 5603 et
1659 5544 1755 5616 uiginti

963 5640 1068 5689 uersus,
1080 5624 1126 5693 qui
1140 5623 1168 5679 in
1181 5621 1365 5689 superioribus
1377 5618 1541 5675 editionibus
1561 5617 1757 5674 desideraban-

964 5703 1017 5759 tur,
1033 5693 1216 5763 supplevimus
1226 5706 1259 5746 ex
1274 5691 1392 5746 editione
1405 5688 1528 5755 Pameiii,
1542 5689 1588 5772 qui
1600 5686 1660 5744 illos
1672 5683 1758 5744 edidit

963 5767 1033 5822 inter
1047 5763 1238 5836 l‘rolegonaena
1254 5762 1370 5832 Operum
1385 5760 1472 5818 sancti
1483 5759 1620 5832 Cypriani.
