3832 6120
131 345 186 405 ωε
770 331 960 391 semesam
978 331 1124 390 tonans
1298 368 1302 379 .
1717 332 1769 391 ert

131 471 207 518 uene
223 453 403 519 convincitur,
421 466 475 522 qua
488 448 592 520 liquido
604 447 817 511 demonstratur,
834 446 923 503 nullas
937 450 963 510 Α
975 447 1033 505 lloe
1052 463 1101 503 cur
1122 463 1176 504 non
1203 448 1239 504 sit
1265 456 1452 518 percuratum,
1475 448 1570 505 dicant
1589 447 1638 520 qai
1660 448 1749 506 veiint
1762 467 1771 506 r

132 553 163 608 in
179 552 225 608 bis
240 549 309 607 loeis
325 546 414 601 iactas
428 543 513 600 luisse
527 542 659 608 uirtutes,
682 549 827 611 antequam
841 540 869 594 iu
882 538 928 594 illa
979 542 1116 611 egoenim
1140 541 1223 594 idme
1240 539 1320 595 rideo
1342 554 1396 595 non
1419 540 1499 594 aliter
1518 552 1600 609 posse
1621 541 1771 612 conjicere,

132 644 289 698 memoratae
307 638 450 692 beatorum
464 642 617 705 martyrum
639 640 732 688 essent
754 631 850 687 delate
864 630 930 685 reli-
979 632 1031 687 nisi
1052 639 1082 686 ut
1105 630 1260 686 existimem
1276 629 1399 685 interiori
1420 628 1480 699 ejus
1502 630 1584 685 saluti
1605 640 1772 702 competere,

132 728 212 797 qnia.
230 725 284 781 Sed
294 722 352 793 y'am
366 738 449 789 nunc,
463 732 494 778 ut
506 721 694 793 promisimus,
705 735 736 777 ea
747 735 809 791 que
823 720 850 774 in
863 734 931 791 prte-
979 727 1010 774 ut
1021 719 1110 790 aliqua
1132 719 1160 775 in
1173 734 1206 775 eo
1218 720 1363 775 exterioris
1378 719 1528 775 debilitatis
1545 720 1662 786 restiqia
1684 737 1774 779 mma·

133 821 208 877 dicto
219 818 323 890 palatio
335 825 400 873 sunt
410 824 489 888 qesta
503 813 632 870 miracula
645 813 824 883 proieramus.
978 819 1084 869 nerent.

170 911 216 967 iil.
236 911 304 966 Erat
316 909 427 980 quidam
443 905 552 976 juvenis
565 907 637 962 inter
651 906 833 961 cubicularios
845 902 929 974 regis,
1015 902 1060 958 ee.
1080 902 1200 958 luliaens
1213 903 1228 943 1
1241 909 1356 959 vocatur
1379 903 1522 972 antiquum
1545 903 1738 974 municipium,
1757 917 1773 960 a

133 1004 247 1059 tratione
266 1000 395 1066 Graecus,
415 999 527 1056 nomine
545 998 678 1069 eropon:
703 997 749 1066 qni
771 994 847 1051 iebre
866 1010 928 1050 cor·
980 995 1040 1051 rico
1053 994 1172 1065 aquensi
1187 1005 1251 1051 ceto
1272 994 1413 1067 leupamm
1433 994 1522 1064 spatio
1538 994 1718 1064 disparatum.
1735 996 1774 1053 lie

133 1106 244 1169 reptus,
268 1103 316 1150 aut
329 1094 493 1165 negligentia
508 1108 635 1156 suorum,
662 1099 708 1145 ant
723 1089 830 1145 inscitia
845 1087 932 1144 medi-
980 1088 1056 1157 enjus
1069 1087 1205 1143 territorio
1217 1088 1305 1157 puelia
1320 1087 1455 1157 quaedam,
1476 1086 1559 1142 simili
1574 1086 1681 1152 morbo,
1696 1086 1773 1143 simi·

134 1200 238 1250 omum,
252 1185 309 1254 jam
323 1198 373 1253 per
386 1183 491 1251 aliquot
503 1196 613 1237 menses
625 1181 704 1251 longa
719 1187 801 1250 atque
815 1176 930 1232 adversa
979 1179 1053 1249 lique
1068 1179 1149 1236 modo
1167 1179 1273 1244 allecta,
1295 1193 1310 1232 a
1325 1186 1413 1233 matre
1435 1184 1516 1247 atque
1530 1177 1591 1233 aliis
1612 1178 1774 1248 propinquis

134 1273 291 1331 valetudine
305 1272 457 1327 laborabat.
481 1271 521 1336 ls,
537 1278 715 1341 posteaquam
728 1269 869 1325 liildoinus
882 1267 932 1323 ab·
980 1271 1036 1326 suis
1060 1270 1094 1325 ad
1117 1278 1296 1325 memoratum
1318 1267 1469 1325 oratorium
1493 1268 1621 1334 adducta,
1636 1283 1702 1323 mm
1720 1282 1776 1339 pra

134 1367 184 1423 bas
197 1364 328 1433 reliquias
342 1365 413 1419 beati
428 1362 590 1428 Marcellini,
603 1363 675 1418 sicut
689 1362 717 1416 in
729 1360 849 1417 seeundo
861 1359 931 1415 libro
980 1361 1152 1417 multitudine
1170 1360 1323 1425 bominum,
1344 1358 1390 1428 qui
1408 1365 1465 1413 tum
1483 1356 1553 1413 iorte
1577 1364 1691 1428 propter
1710 1357 1775 1413 mie

135 1457 352 1512 demonstratum
375 1463 438 1522 est,
464 1454 543 1510 nobis
565 1453 702 1517 reddidit,
728 1451 882 1507 admonitus
902 1450 929 1505 in
980 1467 1073 1506 sarum
1095 1451 1227 1507 audienda
1242 1450 1372 1505 solemnia
1396 1449 1462 1504 illuc
1478 1456 1675 1514 convenerant,
1692 1448 1775 1505 intro-

137 1547 243 1602 semnis
259 1553 289 1601 ut
312 1546 347 1601 ad
370 1546 520 1602 oratorium
545 1552 668 1601 nostrum
691 1545 814 1609 veniret,
840 1543 932 1613 ibique
981 1542 1046 1598 ierri
1058 1558 1112 1599 non
1124 1553 1223 1613 posset,
1236 1541 1476 1597 extrinsecnseam
1489 1541 1523 1595 ad
1534 1541 1696 1597 orientalem
1710 1555 1771 1596 ora·

136 1652 247 1695 cereum
266 1645 385 1706 quatuor
402 1637 522 1693 denariis
546 1647 665 1707 emptum
690 1637 870 1702 accenderet,
899 1649 931 1691 ae
983 1637 1045 1692 terii
1058 1635 1204 1691 lenestram
1216 1634 1395 1698 collocarunt,
1413 1640 1604 1703 exspectantes
1618 1633 1777 1704 opportuni·

137 1736 261 1784 sanetum
274 1726 458 1781 llareellinum
473 1734 632 1796 martyrem,
641 1724 809 1795 cujuseaput
822 1724 857 1778 ibi
869 1739 931 1780 esse
983 1736 1087 1793 tatem,
1112 1734 1161 1793 ut,
1184 1727 1328 1782 recedente
1352 1725 1444 1795 populi
1471 1724 1646 1795 frequentia,
1672 1724 1778 1780 laetitae

137 1820 326 1884 asserebatur,
342 1819 394 1873 sibi
410 1819 438 1872 in
450 1818 616 1889 adjutorium
629 1817 781 1884 invocaret,
795 1817 931 1886 sciretque
945 1801 1102 1875 Beretum
1115 1818 1209 1875 inierri
1223 1817 1365 1889 potuisses
1386 1815 1440 1872 Sed
1462 1816 1508 1872 ubi
1531 1816 1566 1871 ad
1586 1817 1709 1871 medium
1721 1815 1777 1873 lere

136 1924 167 1965 ee
177 1909 201 1965 si
212 1909 265 1964 hoc
276 1909 336 1964 loeo
347 1907 459 1974 iaceret,
473 1924 505 1963 ea
517 1924 570 1978 qua
580 1908 638 1979 jam
649 1906 695 1961 diu
705 1905 877 1963 laboraverat
889 1908 934 1962 in·
983 1912 1099 1968 odicium
1114 1919 1224 1966 rentum
1240 1919 1292 1975 est,
1306 1918 1345 1976 et,
1368 1909 1477 1979 expleto
1498 1908 1657 1979 Evangelio,
1682 1909 1776 1965 boetia

138 1998 268 2055 ilrmitate
280 2000 335 2055 cito
348 2014 409 2054 esse
421 1999 583 2064 cariturum,
596 1997 713 2054 credidit
725 1999 891 2063 admonenti,
906 2005 934 2054 ει
984 2003 1110 2059 salutaris
1124 2002 1226 2058 oblatio
1247 2008 1355 2072 peracta
1379 2009 1427 2061 est,
1445 2007 1559 2055 cernunt
1572 2014 1632 2055 eam
1646 2000 1779 2072 anqustiis

138 2088 167 2144 id
184 2090 258 2159 quod
272 2090 437 2159 imperatum
452 2086 558 2152 luerat,
578 2096 679 2159 quanta
693 2089 782 2160 potuit
795 2089 935 2145 eeleritate
984 2095 1064 2163 allici,
1081 2104 1119 2161 et,
1134 2103 1296 2165 erumpente
1315 2108 1367 2165 per
1390 2102 1478 2148 totum
1494 2107 1592 2162 corpus
1613 2093 1722 2158 sudore,
1736 2106 1780 2148 rc·

137 2181 294 2251 compleuit.
329 2179 483 2251 511111111ιῦ11
511 2196 596 2235 sanus
623 2180 734 2246 laetus,
764 2189 792 2237 11
818 2181 935 2251 1111ι1111
984 2190 1025 2246 int
1040 2190 1068 2245 in
1088 2204 1214 2245 somnum
1237 2187 1302 2242 labi.
1318 2186 1422 2254 Quibus
1444 2185 1530 2256 signis
1543 2184 1664 2239 divinam
1686 2184 1781 2240 adesse
1826 2196 1829 2201 ·

140 2271 324 2326 memllfflfflm
336 2270 379 2324 111
380 2270 451 2333 111115*
461 2270 581 2341 1110111115
595 2271 709 2341 pedibu!
723 2272 757 2327 111
771 2286 936 2344 1111118111·
984 2282 1113 2336 virtutem
1130 2278 1203 2334 baud
1217 2278 1336 2333 inaniter
1350 2275 1536 2346 conjicientes,
1549 2273 1583 2330 de
1602 2274 1649 2329 illo
1669 2273 1730 2330 loco
1742 2274 1781 2329 ie·

139 2374 188 2415 sus
201 2366 254 2415 est.
985 2381 1086 2437 namna,
1101 2371 1205 2441 quadro
1219 2368 1311 2440 lapidi,
1325 2367 1371 2437 qui
1384 2374 1496 2437 propter
1504 2366 1623 2436 jacebat,
1643 2370 1781 2436 soporata

174 2447 219 2503 62
238 2448 305 2503 Erat
320 2449 420 2504 ibidem
433 2449 502 2505 alter
516 2450 721 2521 aeqtrcjurenis,
736 2454 847 2512 nomine
865 2453 936 2511 Ger·
985 2460 1101 2516 similem
1114 2464 1308 2530 superponunt.
1323 2456 1362 2511 lbi
1377 2470 1468 2511 eoram
1481 2454 1619 2519 omnibus,
1636 2453 1684 2524 qni
1701 2450 1783 2521 liujus

139 2537 226 2602 lucus,
248 2538 283 2594 de
297 2540 364 2595 urbe
384 2539 561 2606 Rhemorum,
582 2542 654 2598 inter
669 2559 718 2600 eos
737 2544 801 2613 qui,
825 2553 937 2616 propter
986 2549 1109 2607 miraculi
1121 2548 1304 2619 conspiciendi
1318 2547 1625 2618 qratiaeoneurnerunt,
1637 2542 1783 2610 integerri-

139 2630 254 2686 aediilcia
278 2631 372 2702 palatii
397 2635 589 2702 construenda,
608 2633 679 2705 jussi
702 2637 735 2692 tle
757 2637 802 2692 illa
826 2637 937 2693 ciuitate
986 2657 1058 2697 mam
1068 2640 1190 2697 omnium
1203 2639 1387 2693 membrorum
1402 2637 1558 2701 sanitatem,
1572 2636 1600 2689 in
1615 2634 1697 2690 unius
1708 2635 1785 2691 bora

142 2732 284 2777 venerunt.
297 2722 324 2779 is
342 2731 406 2779 ante
430 2725 571 2781 dimidium
593 2726 650 2783 lere
664 2744 762 2782 annum
788 2729 816 2784 in
840 2729 937 2785 eodem
986 2738 1134 2794 momento,
1145 2729 1261 2785 liomim
1270 2728 1429 2797 opitulante,
1441 2727 1553 2797 recepit.
1564 2727 1651 2781 Erant
1661 2725 1699 2781 ibi
1711 2724 1786 2784 inter

139 2811 211 2878 rico,
235 2819 292 2866 tam
305 2812 394 2867 valida
416 2821 499 2884 atque
521 2814 633 2871 immani
654 2830 799 2872 neruorum
825 2826 937 2875 eontra·
986 2834 1100 2883 eeteros
1113 2830 1281 2894 spectatores
1293 2829 1321 2876 ct
1339 2820 1440 2885 lrrdrei;
1467 2834 1581 2890 quorum
1604 2832 1677 2875 unus
1698 2816 1787 2874 David

140 2900 230 2956 eduae
255 2910 400 2971 correptus
421 2911 474 2969 est,
504 2912 535 2958 ut
558 2905 640 2974 pedes
663 2906 774 2963 natibus
796 2914 824 2962 et
849 2923 936 2979 genua
987 2913 1107 2978 nomine,
1122 2920 1183 2982 post
1199 2910 1279 2981 iary'us
1294 2911 1362 2981 signi
1375 2908 1566 2980 expletionem,
1582 2908 1617 2962 ad
1632 2906 1786 2965 fenestram

142 3001 234 3049 mento
258 2993 435 3051 oobmrerent.
458 2994 536 3052 lianc
555 2996 621 3052 socii
640 3006 722 3067 atquo
741 2999 887 3069 propinqui
909 3000 937 3055 iu
989 3003 1119 3069 cubiculi,
1134 3003 1162 3057 in
1174 3017 1229 3073 quo
1241 3016 1291 3073 eqo
1305 3010 1369 3055 tunc
1383 3015 1471 3065 eram,
1485 2999 1611 3055 celeriter
1625 3013 1785 3061 accurrens

140 3083 213 3138 ulnis
234 3085 291 3140 suis
304 3085 430 3148 terentes,
452 3087 486 3143 ad
498 3098 679 3145 memoratum
691 3091 841 3146 oratorium
858 3091 938 3147 detu-
990 3108 1088 3165 meque
1114 3091 1289 3161 compellans,
1311 3088 1472 3146 miraculum
1497 3089 1569 3158 quod
1588 3087 1694 3143 viderat
1717 3086 1788 3142 indi·

141 3173 248 3237 lerunt;
270 3184 298 3229 et
319 3176 382 3245 qnia
397 3177 476 3232 aliter
499 3194 553 3233 non
576 3188 691 3249 poterat,
708 3196 823 3251 prormm
844 3158 1069 3251 jacereCeat-tt,
1094 3185 1197 3257 gratias
1216 3198 1299 3254 agens
1320 3184 1387 3247 lieo,
1416 3183 1462 3251 qui
1491 3197 1540 3252 per
1562 3190 1698 3252 martyres
1721 3196 1789 3237 suos

142 3264 277 3330 lecerunt,
297 3273 475 3336 sanctumque
496 3275 655 3338 martyrem,
668 3277 698 3323 ut
710 3269 735 3323 ei
755 3271 859 3325 sanitas
875 3270 937 3326 red·
989 3285 1064 3331 tanta
1079 3273 1211 3330 miracula
1224 3274 1259 3329 ad
1273 3272 1387 3328 salutem
1402 3272 1556 3327 mortalium
1567 3273 1676 3341 operari
1689 3271 1788 3343 digna·

143 3354 266 3419 deretur,
291 3369 353 3409 eum
380 3372 479 3427 magna
505 3358 649 3413 devotione
674 3368 847 3429 rogaverunt.
875 3361 939 3416 Dies
990 3376 1034 3423 tus
1048 3374 1099 3421 εει.
1202 3376 1205 3381 ’

143 3455 204 3501 erat
218 3446 362 3512 dominica,
379 3455 461 3517 atque
483 3449 550 3504 liora
571 3448 624 3504 diei
639 3450 729 3515 tertia,
754 3450 861 3520 quande
875 3449 939 3506 iiiuc
1025 3455 1069 3510 6-l.
1089 3455 1154 3510 Erat
1168 3454 1197 3509 in
1218 3453 1315 3509 eodem
1328 3453 1389 3508 vico
1411 3467 1501 3508 cecus
1520 3452 1630 3522 quidam
1650 3461 1789 3523 provecte

143 3541 243 3596 allatus
257 3549 299 3597 est
314 3560 320 3595 :
341 3539 483 3612 jacuitque
506 3542 542 3598 ibi
558 3558 644 3612 usque
663 3543 696 3598 ad
710 3543 805 3598 boram
828 3558 937 3598 nonam.
990 3547 1090 3612 aetatis,
1105 3546 1162 3616 iqui,
1178 3554 1209 3600 ut
1224 3545 1283 3614 ipso
1298 3544 1448 3610 asserebat,
1461 3551 1525 3598 ante
1536 3543 1684 3599 triennium
1697 3544 1789 3600 subita

143 3630 267 3705 Cumque
288 3632 407 3688 efficium
430 3632 552 3702 ejusdem
573 3631 797 3689 boraeaciericis
811 3642 941 3690 essetso·
991 3639 1114 3694 cecitate
1137 3651 1303 3707 percussus,
1331 3635 1403 3690 inter
1429 3634 1496 3689 aiios
1521 3649 1657 3704 pauperos
1684 3635 1788 3705 stipem

144 3720 274 3779 lemniter
293 3724 445 3794 impletum,
460 3725 571 3780 recede
587 3740 681 3795 capsa,
694 3742 754 3796 qum
765 3740 857 3781 sacras
866 3725 939 3782 beati
991 3730 1112 3786 ostiatim
1126 3727 1282 3784 mendicare
1296 3725 1408 3782 solebat.
1424 3726 1450 3781 is
1468 3741 1528 3780 eum
1544 3726 1571 3780 in
1585 3725 1725 3796 tuguriolo
1739 3740 1790 3781 suo

143 3820 274 3890 martyris
291 3819 422 3891 reliquias
439 3819 606 3886 continebat,
624 3827 697 3874 tanta
720 3818 873 3875 suavissimi
897 3827 940 3873 at·
992 3819 1133 3883 dormiret,
1147 3817 1215 3872 uidit
1225 3831 1274 3888 per
1286 3830 1411 3886 soporem
1425 3816 1570 3884 quemdam
1586 3815 1638 3871 sibi
1654 3816 1788 3872 assistes·

145 3928 200 3983 que
221 3911 320 3968 insueti
346 3913 438 3969 odoris
458 3909 606 3983 fragrantia
631 3911 773 3984 egrediens
796 3911 836 3967 sic
856 3918 942 3967 totam
992 3918 1048 3966 tem
1068 3917 1149 3978 atque
1168 3909 1302 3964 dicentem
1324 3917 1364 3973 ut,
1383 3910 1406 3964 si
1424 3910 1516 3965 ridere
1529 3910 1620 3975 reliet,
1643 3911 1678 3965 ad
1689 3917 1786 3967 orato

147 4002 261 4057 oratorii
281 4001 406 4057 cellulam
417 4001 548 4072 implevit,
563 4013 594 4056 ut
611 4000 638 4056 in
651 4001 858 4057 atlrnirationem
873 3999 942 4070 ejus,
995 4000 1065 4055 rium
1085 4007 1208 4055 nostrum
1220 3999 1287 4065 iret;
1302 3999 1338 4055 ibi
1350 4014 1411 4055 esse
1422 4001 1564 4063 medicum,
1581 4001 1626 4071 qui
1638 4016 1663 4056 er
1676 4001 1789 4073 roganti

144 4111 242 4151 omnes
256 4094 303 4165 qui
316 4094 440 4158 aderant,
462 4094 653 4150 incunctanter
666 4105 852 4163 assurgerent,
867 4108 898 4148 ac
914 4108 944 4149 se
995 4089 1084 4145 lumea
1114 4089 1227 4145 neddere
1264 4091 1405 4160 potuisset.
1434 4089 1535 4145 llcnuit
1562 4090 1617 4159 ille,
1642 4098 1669 4148 el
1696 4091 1790 4149 lumen

144 4194 251 4249 mutuo,
265 4200 300 4239 an
313 4184 384 4240 idem
399 4197 494 4239 omnes
516 4183 655 4253 aequaliter
675 4184 819 4250 sentirent,
836 4185 943 4240 curiosa
995 4183 1067 4254 quod
1090 4182 1256 4239 offerebatur
1279 4184 1450 4239 aboruinatus
1474 4203 1481 4240 :
1508 4205 1517 4238 r
1544 4184 1629 4253 Quill,
1649 4187 1698 4252 ait,
1722 4185 1791 4243 mibi

145 4273 362 4344 interrogatione
394 4273 597 4344 perquirerent.
636 4272 703 4329 Cum
731 4273 821 4329 subito
852 4272 946 4328 rident
996 4291 1069 4331 nunc
1092 4290 1154 4331 cum
1171 4277 1241 4342 risu,
1267 4291 1347 4346 quem
1372 4275 1430 4347 jam
1451 4277 1516 4334 olim
1543 4278 1668 4348 perdidi?
1693 4278 1792 4337 item

145 4382 219 4432 enm,
232 4365 278 4435 qui
289 4363 367 4434 juxta
387 4364 506 4435 jacebat,
523 4365 599 4421 reiut
614 4382 630 4420 a
645 4366 809 4438 quibusdam
826 4367 945 4422 tenenti·
996 4365 1062 4420 mibi
1076 4375 1128 4432 est,
1148 4367 1171 4421 si
1192 4381 1225 4422 eo
1247 4382 1372 4432 caruero,
1397 4383 1479 4437 quam
1502 4368 1525 4422 si
1550 4367 1680 4423 habuero.
1710 4368 1792 4426 blodo

147 4460 200 4513 lrns
213 4457 305 4523 trahi;
324 4465 352 4513 et
367 4458 501 4524 membra,
515 4473 575 4528 quae
590 4458 684 4513 morbo
699 4467 779 4514 erant
791 4465 943 4514 eontracta
998 4459 1195 4514 mendicantem
1219 4475 1314 4514 onmes
1332 4460 1488 4525 exaudiunt,
1501 4468 1529 4515 ει
1540 4475 1572 4516 ca
1587 4475 1648 4530 qum
1664 4474 1792 4516 neeessa-

147 4545 279 4602 extendi:
299 4547 534 4620 intelligentesque
548 4548 668 4604 diuinam
689 4549 785 4604 adesse
799 4548 940 4615 virtutem,
955 4513 1034 4606 Βιίε
1057 4559 1131 4616 sunt,
1155 4560 1304 4622 prestant:
1328 4568 1392 4607 nam
1405 4553 1540 4609 uidentem
1558 4553 1714 4609 mendicare
1735 4568 1791 4611 tren

147 4639 268 4695 tulerunt
287 4639 435 4708 bominem,
457 4649 485 4695 et
506 4656 598 4696 coram
621 4640 700 4695 altari
727 4640 940 4696 collocaverunt.
994 4642 1089 4707 dccet;
1105 4657 1188 4698 senex
1202 4651 1291 4698 autem
1302 4651 1330 4697 et
1347 4643 1443 4699 debilis
1453 4645 1559 4714 operari
1572 4660 1625 4699 uon
1637 4659 1789 4715 pessumas

147 4730 199 4798 Qut
214 4746 275 4786 cum
289 4731 326 4786 ibi
341 4732 454 4801 positus,
469 4747 532 4786 curn
552 4732 645 4786 multis
668 4731 797 4801 lacrymis
819 4731 940 4789 divinum
993 4763 1029 4773 —
1044 4714 1113 4788 Tum
1128 4733 1172 4788 ille
1192 4733 1237 4803 qui
1250 4749 1312 4788 crim
1329 4749 1361 4789 co
1372 4733 1551 4803 loquebatur:
1568 4734 1675 4798 riade,
1688 4734 1792 4804 inquit,

148 4824 304 4895 imploraret
317 4825 459 4889 auxillum,
479 4825 584 4880 cunetis
604 4823 778 4880 cernentibus
792 4824 828 4880 ita
849 4841 941 4882 corre·
993 4832 1021 4879 et
1034 4824 1091 4881 noli
1111 4824 1229 4889 morari;
1247 4838 1322 4889 nant,
1338 4823 1406 4878 reiis
1427 4824 1506 4889 nolis,
1521 4825 1610 4880 risum
1629 4833 1794 4895 recepturus

148 4923 209 4970 ctus
223 4923 315 4981 estut,
332 4914 377 4985 qni
391 4915 515 4970 manibus
535 4915 631 4970 alienis
643 4916 788 4972 subvectus
806 4916 832 4972 in
850 4925 940 4973 orato·
994 4932 1033 4971 cs.
1054 4937 1063 4968 r
1087 4915 1181 4969 Paruit
1202 4915 1246 4970 ille
1270 4915 1425 4986 imperanti,
1444 4917 1617 4986 perrexitque
1639 4917 1673 4971 ad
1694 4928 1817 4975 orato-.

149 5005 219 5060 rium
231 5015 353 5071 venerat,
370 5004 487 5076 propriis
506 5005 621 5075 pedibus
633 5005 666 5060 de
678 5005 798 5060 oratorio
811 5007 942 5077 precede-
995 5006 1076 5070 rium,
1094 5014 1175 5076 atque
1200 5005 1227 5059 in
1248 5020 1281 5060 eo
1304 5007 1487 5075 pernoctauit3
1512 5016 1540 5061 et
1561 5023 1622 5061 cum
1642 5007 1687 5061 iiia
1709 5018 1793 5067 noete

149 5104 201 5151 ret.
218 5094 415 5152 Testimonium
430 5104 521 5151 tamen
534 5111 616 5166 quam
626 5112 771 5167 perpessus
785 5105 827 5152 est
838 5098 943 5166 passio·
995 5099 1062 5154 nibil
1076 5107 1149 5154 esset
1164 5097 1277 5165 laetum,
1296 5099 1329 5154 ad
1344 5099 1481 5169 tugurium
1497 5115 1577 5156 suum
1595 5116 1724 5157 reversus
1736 5110 1792 5159 est.

150 5183 205 5250 nis,
220 5185 308 5241 adhue
321 5184 349 5239 in
365 5199 414 5240 sno
424 5200 539 5256 corpore
555 5185 732 5240 circumferre
745 5186 940 5256 cognoscitur:
995 5188 1044 5243 Cui
1059 5189 1147 5246 denuo
1161 5189 1184 5244 is
1199 5189 1246 5259 qui
1270 5189 1347 5258 prius
1371 5205 1421 5259 per
1448 5206 1574 5260 soporem
1601 5192 1741 5263 apparuit,
1763 5200 1795 5249 ει

151 5288 214 5328 nam
226 5290 306 5331 omre
318 5290 351 5332 ae
371 5274 439 5346 pede
452 5275 563 5330 sinistro
576 5274 615 5329 sic
633 5282 726 5345 postea
740 5273 901 5331 claudicarit
913 5286 944 5332 nt
996 5279 1120 5335 similiter
1132 5287 1163 5333 nt
1175 5288 1237 5335 ante
1251 5281 1443 5351 imperaverat,
1458 5281 1492 5336 ad
1505 5282 1656 5338 oratorium
1674 5297 1795 5354 pergere

152 5366 185 5419 ad
210 5368 357 5438 regendum
380 5368 518 5426 incessum
539 5367 635 5424 baculo
656 5382 762 5440 semper
783 5368 940 5438 indiguerit.
995 5371 1133 5441 pracepit.
1155 5371 1232 5427 Fecit
1253 5372 1307 5437 ille,
1330 5382 1362 5427 ut
1379 5371 1472 5441 jussus
1488 5372 1587 5434 iuerat.
1609 5373 1656 5430 sed
1673 5389 1708 5430 ne
1727 5383 1795 5433 lunc

191 5555 204 5582 ¹
223 5542 402 5600 Teutonicum
416 5560 514 5602 nomen
525 5562 596 5617 argue
612 5545 773 5601 crediderim
787 5543 897 5599 allatum
911 5561 945 5600 ex
1032 5553 1046 5592 b
1065 5551 1214 5615 luliacum,
1229 5549 1356 5620 oppidum
1372 5549 1583 5605 munitissimum
1596 5565 1658 5605 eum
1674 5564 1753 5609 aree.
1764 5557 1796 5605 et

155 5610 277 5677 61111011,
304 5614 351 5669 sed
370 5614 460 5683 polius
483 5618 510 5671 in
523 5617 667 5673 Germania
690 5616 945 5684 assttmyrtrrn1311isi
997 5632 1078 5691 capnt
1093 5620 1204 5675 illustris
1219 5622 1334 5677 ducatus
1354 5620 1516 5677 luliaccusis
1530 5622 1581 5679 sub
1600 5620 1795 5677 archidioeoes't

156 5680 228 5736 farte
246 5682 389 5766 legendum
403 5684 439 5738 sit
452 5682 570 5742 Graecias
587 5702 634 5743 seu
654 5685 826 5755 Grecietrsir,
852 5685 878 5741 id
893 5695 944 5754 esi,
996 5691 1159 5749 coloniensi.

157 5752 258 5809 crecti
272 5769 300 5809 rn
317 5752 409 5825 styria
423 5762 512 5810 natus.
