3832 6120
148 256 202 317 aaa
711 237 910 313 hummrt
928 237 1204 311 semesusumss
1719 265 1771 325 gg,
1829 214 1834 221 '

148 375 249 432 „m
268 381 281 412 ι
295 367 325 427 s,
341 366 465 429 &vanui
476 383 561 446 prope
574 368 672 430 erton
683 366 935 441 tumnensium.
948 367 976 430 Δ
989 363 1061 422 tibus
1076 367 1198 425 hoadhns
1219 368 1361 440 unamque
1383 371 1604 436 submittentibus
1616 416 1623 442 ,
1647 379 1771 449 quanm

145 461 310 532 vpbmqirae
319 459 417 517 (linitur
428 458 563 526 Uinaria,
575 459 685 531 inpage
694 456 842 516 Santonico
853 471 935 528 super
984 461 1134 512 strumenta
1143 457 1298 515 chartarum
1315 472 1365 532 per
1386 477 1446 532 pure
1458 466 1719 538 reperimusque,
1743 481 1773 527 et

145 551 257 609 fluvium
268 549 434 608 Garumnam
448 551 539 617 titana,
554 565 616 609 curn
633 550 759 610 amnibus
771 547 934 621 appenditiis
982 542 1074 603 ceteri
1085 545 1258 615 quamplures
1272 548 1399 605 catholici
1417 551 1468 608 viri
1481 567 1526 610 res
1546 563 1627 625 atque
1636 560 1769 630 mancipia

144 643 213 710 auis,
233 641 268 697 ad
280 640 494 713 supplementum
514 640 629 698 iratrum
643 641 672 698 ia
691 639 934 713 ipsomonaaterio
982 631 1104 689 ecclesian
1127 634 1155 689 iu
1175 635 1278 692 honore
1303 636 1404 695 Christi
1427 650 1578 714 martyrum
1595 643 1718 703 demasii
1744 659 1772 705 et

143 733 351 791 oonsirrentium
371 732 501 800 reddere;
516 740 597 803 atque
609 742 640 789 ιιι
650 733 790 803 perpetuis
803 731 932 803 tempori·
981 723 1098 783 Protasii
1111 733 1283 795 constructe.
1303 731 1347 786 0111
1364 735 1545 792 1110101θῦ60
1569 736 1627 807 ipse
1652 749 1768 809 praeest,

143 824 195 881 hus
207 823 299 893 quiete
311 823 384 878 illam
397 838 461 893 para
472 823 593 894 predicti
603 823 762 880 monasterii
774 822 875 879 hahere
889 837 933 878 aa·
981 816 1162 884 aonmleram,
1170 818 1235 874 olim
1247 830 1341 877 exusta
1355 823 1397 878 vel
1408 834 1580 882 concremata
1590 825 1708 894 lucrium
1721 846 1770 900 per

143 913 208 981 leat,
221 930 269 999 per
281 915 331 970 has
345 924 443 971 nomam
455 917 625 972 auctoritatis
638 916 746 974 litteras
755 917 928 976 caulirmare.
981 919 1049 978 (1⁰²⁸
1063 909 1146 965 ellim
1174 913 1351 970 ²⁰0²⁰fi²²le8
1367 929 1421 971 11011
1447 914 1534 973 tolum
1558 919 1770 989 predecessores

142 1002 259 1061 Proinde
280 1004 332 1058 hoc
345 1011 509 1074 preceptum
523 1013 642 1061 nostrum
656 1004 714 1061 heri
735 1005 776 1062 eis
789 1006 929 1077 iussimus,
980 998 1033 1069 sui,
1048 1007 1166 1056 rectores
1178 1002 1304 1060 uidelicet
1316 1005 1401 1076 ipsius
1414 1007 1546 1074 ecclesian,
1557 1010 1699 1065 sedetiam
1712 1011 1769 1083 ipse

141 1107 192 1165 per
206 1094 277 1163 quod
288 1093 393 1148 auneth
404 1092 528 1149 ildelihus
541 1103 641 1152 sancta.
657 1094 706 1149 pei
723 1094 845 1151 ecclesia
861 1109 931 1165 pre·
981 1087 1187 1161 inpostmodum
1201 1093 1309 1149 easdem
1329 1110 1375 1150 res
1386 1095 1429 1151 vel
1442 1096 1587 1168 mancipia,
1605 1113 1665 1169 qun
1678 1099 1705 1154 in
1716 1099 1768 1155 eis

142 1182 265 1241 sentibus
286 1190 313 1237 et
334 1180 432 1239 luturis
457 1193 551 1239 notum
577 1182 702 1249 iacimus,
727 1191 757 1240 ut
772 1183 930 1255 predictam
980 1177 1333 1250 demquaeexustaluerunt
1346 1187 1514 1254 strumentis,
1527 1189 1770 1261 justeetlegaliter

142 1273 234 1341 villam
247 1289 309 1329 cum
323 1272 448 1330 omnihus
462 1274 624 1345 appenditiis
637 1275 695 1332 suis
706 1275 749 1332 ael
759 1273 928 1348 adjacentiis,
979 1275 1008 1323 et
1020 1284 1115 1327 secure
1134 1287 1166 1328 ac
1182 1273 1272 1343 quiete
1284 1275 1415 1331 hactenus
1427 1285 1571 1333 tenuerant
1586 1293 1618 1334 ae
1643 1282 1767 1349 posseda-

143 1380 205 1422 cum
218 1363 350 1429 domibus,
364 1363 496 1430 aediliciis,
512 1364 602 1432 terris,
620 1365 716 1435 vineis,
731 1365 828 1436 pratis,
843 1363 927 1430 silvis,
980 1366 1050 1424 rant,
1065 1375 1113 1416 ceu
1128 1361 1263 1420 firmitatis
1285 1366 1374 1421 studio
1396 1368 1533 1440 serenitati
1547 1376 1646 1424 nostrae
1666 1377 1696 1425 ul
1708 1385 1768 1426 eas-

142 1453 261 1528 pascuis,
281 1455 368 1523 aquis,
386 1442 518 1524 aquarmn
539 1456 708 1524 decumbas,
729 1455 858 1529 quidquid
878 1455 930 1513 ibi·
980 1448 1041 1504 dem
1053 1451 1228 1508 auctoritates
1239 1461 1332 1510 nostra
1347 1454 1518 1511 firmaremus
1528 1458 1700 1514 auctoritate.
1711 1457 1767 1516 b'oa

142 1543 203 1601 dem
224 1546 284 1616 jure
305 1543 440 1612 pertinere
456 1544 571 1611 videtur,
589 1553 678 1602 totum
691 1552 719 1603 et
736 1547 871 1616 integrum
886 1545 927 1602 vel
979 1537 1069 1609 itaque
1096 1543 1245 1612 perspectis
1269 1544 1370 1600 eisdem
1392 1547 1614 1615 auctoritatibus,
1631 1562 1682 1618 pro
1695 1564 1768 1605 rner-

142 1631 334 1704 inexquisitmn
360 1647 410 1705 per
436 1633 507 1689 hanc
532 1641 654 1691 nostram
682 1634 869 1690 auctoritatem
893 1635 928 1690 ad
979 1628 1053 1685 cedis
1077 1639 1177 1689 nostre
1191 1636 1431 1706 augmento,lihuit
1444 1639 1523 1695 nohis
1536 1639 1643 1710 praelati
1655 1657 1767 1699 reuma-
1810 1655 1813 1659 ·

141 1726 230 1797 ipsum
243 1724 437 1783 monasterium
450 1732 597 1796 agnoscant
609 1725 784 1783 anobisesse
796 1723 930 1795 redditum
942 1696 1041 1777 1ihilis
1054 1721 1105 1779 viri
1117 1724 1290 1793 petitionibus
1306 1742 1436 1794 annuere,
1449 1736 1477 1784 et
1495 1731 1595 1786 eisdem
1620 1732 1767 1789 auctorita·

143 1827 225 1887 atque
244 1815 444 1871 confirmatum.
459 1812 650 1886 Praecipieutes
668 1828 734 1885 ergo
750 1812 877 1883 jubemus
898 1822 929 1870 ut
979 1808 1051 1866 tibus
1068 1811 1139 1868 hanc
1162 1828 1271 1884 quoque
1284 1823 1404 1872 noemam
1425 1815 1540 1888 jungere
1559 1819 1766 1886 auctoritatem,

141 1904 230 1961 nullus
252 1905 364 1975 quilibet
375 1904 408 1959 de
426 1903 563 1974 praedictis
576 1904 668 1971 rebus,
680 1919 749 1975 quas
771 1903 848 1959 nohis
860 1915 929 1972 prae-
976 1915 1027 1973 per
1036 1917 1117 1972 quam
1127 1901 1254 1973 jubemus
1272 1914 1353 1977 atque
1373 1907 1545 1977 praecipimus
1557 1915 1587 1963 ιιι
1608 1922 1701 1965 omnes
1721 1925 1767 1967 ret

142 1993 199 2051 lato
215 1995 380 2050 monasterio
403 1993 620 2065 redderentque
641 1993 803 2050 confirmare
816 1991 926 2062 placuit,
977 1989 1020 2048 rel
1041 1992 1198 2064 mancipia,
1224 2010 1284 2068 quae
1302 2011 1337 2052 ea
1359 1996 1520 2053 liberalitate
1547 1997 1634 2055 eidem
1655 1999 1766 2056 collatae

140 2086 244 2157 aliquid
259 2087 416 2143 abstrahere
430 2094 477 2143 aut
490 2084 587 2156 injuste
603 2086 735 2152 minuere,
748 2093 795 2142 aut
809 2084 928 2156 aliquam
976 2076 1079 2139 luerint
1092 2084 1223 2152 eeclesiae,
1236 2087 1338 2144 nostris
1361 2097 1389 2144 et
1408 2086 1507 2145 lutaris
1519 2090 1685 2160 temporibus
1715 2106 1765 2162 per

141 2178 363 2236 contrarietatem
384 2174 483 2244 lacere,
509 2176 551 2232 vol
572 2175 707 2247 injustam
724 2174 928 2232 resultationem
976 2172 1047 2231 hanc
1060 2182 1181 2232 nostram
1191 2178 1381 2235 auctoritatem
1399 2178 1530 2250 prelatus
1539 2178 1648 2236 Franco
1661 2178 1765 2250 episeo-

140 2265 241 2323 lnlerre
265 2273 367 2320 tentet:
391 2262 444 2319 Sed
458 2261 539 2339 liceat
556 2264 629 2336 ipsas
642 2279 687 2322 res
702 2272 869 2321 memoratas
882 2278 928 2322 ec·
975 2281 1027 2341 pne
1036 2283 1259 2342 successoresque
1271 2273 1314 2328 sui
1329 2272 1431 2342 absque
1446 2272 1502 2328 ulla
1515 2272 1702 2343 inquietudine
1721 2272 1764 2329 rel

140 2357 230 2413 clepim
244 2355 392 2424 possidere,
406 2363 488 2424 atque
503 2367 554 2424 Ρῐθ
572 2353 697 2412 omnihus
717 2352 882 2423 iflmwliblli
894 2351 928 2407 111
975 2356 1077 2426 injusta
1095 2359 1310 2430 interpellatione
1330 2362 1420 2431 quiete
1436 2368 1464 2417 et
1490 2374 1586 2417 secure
1610 2361 1765 2417 hahereuel

140 2444 303 2515 stipendium
325 2443 440 2497 irairttm
457 2441 556 2498 ibidem
577 2439 835 2498 beolamulaatiun
848 2438 929 2510 prod·
976 2448 1240 2519 possiderevaleant.
1252 2449 1364 2517 Quodsi
1376 2448 1446 2505 sorte
1464 2464 1545 2518 super
1558 2449 1661 2504 eisdem
1683 2450 1765 2505 rebus

141 2545 213 2588 cere.
234 2530 268 2584 El
289 2530 376 2586 nuilus
387 2545 447 2585 eam
462 2528 531 2603 [eas]
546 2529 645 2585 exinde
657 2528 713 2585 11110
724 2543 844 2599 1111111111]
861 2535 928 2584 lem·
976 2544 1038 2594 aute
1053 2537 1194 2609 praelatam
1205 2538 1400 2595 exustionema
1417 2536 1535 2610 prelatis
1549 2538 1634 2608 ipsius
1647 2537 1766 2594 ciuitatis

139 2640 206 2698 pore
229 2625 386 2681 abstrahere
405 2625 515 2691 nitatur,
540 2625 563 2680 si
582 2622 726 2682 llormrmm
745 2621 804 2678 vult
827 2621 928 2679 habere
972 2622 1179 2697 teramnensis
1191 2627 1305 2698 quaestio
1318 2634 1379 2682 orta
1403 2625 1501 2692 luerit,
1522 2634 1552 2681 ut
1565 2639 1615 2696 pro
1628 2625 1765 2681 eisditoe·

139 2715 296 2787 propitium.
318 2714 413 2770 Nullus
436 2729 555 2785 uuquam
570 2710 654 2781 ludex
674 2712 798 2784 publicus
817 2711 845 2767 in
859 2727 928 2783 pre·
975 2722 1052 2788 piare
1065 2731 1176 2773 neoosm
1191 2717 1246 2785 sit;
1272 2717 1310 2773 ita
1320 2731 1370 2789 per
1395 2717 1467 2773 hanc
1486 2725 1607 2772 nostram
1621 2717 1767 2774 auctorita·

138 2809 217 2865 dictis
228 2809 309 2864 rebus
319 2808 353 2863 ad
363 2822 459 2863 causas
471 2804 629 2870 audiendas,
642 2804 685 2860 uel
696 2802 772 2861 lreda
784 2803 924 2876 exigenda,
976 2818 1031 2867 tem
1047 2807 1155 2866 easdem
1170 2823 1214 2864 res
1226 2815 1255 2865 et
1279 2808 1412 2878 mancipia
1425 2807 1509 2880 ipsius
1536 2806 1658 2862 eeclesia
1673 2804 1765 2861 desen.

139 2906 186 2954 aut
200 2899 355 2953 mansiones
365 2897 407 2952 uel
418 2903 528 2967 paratas
540 2892 687 2960 iaciendas,
702 2893 745 2950 uel
755 2892 926 2962 fideiussores
975 2898 1082 2964 dautur,
1099 2898 1179 2955 sicuti
1189 2912 1237 2970 per
1254 2898 1349 2955 eadem
1362 2905 1528 2961 strumenta,
1548 2898 1571 2952 si
1588 2896 1642 2969 igni
1663 2912 1766 2953 assum·

139 2988 281 3054 tollendos,
299 2996 345 3042 aut
355 2988 477 3043 homines
490 2986 575 3058 ipsius
584 2985 706 3042 ecelesiae
717 2984 923 3058 distringendos,
937 3029 960 3096 C
974 2997 1021 3061 pta
1038 3003 1091 3045 non
1103 2987 1228 3054 luissent,
1240 2988 1345 3060 legibus
1369 2987 1477 3044 delendi
1499 2994 1653 3058 potuerant.
1675 2988 1710 3042 Et
1734 2995 1764 3042 ut

139 3087 185 3134 aut
196 3078 263 3133 ullas
279 3076 471 3148 redhibitiones
485 3085 532 3131 aut
543 3075 649 3132 illicitas
664 3076 821 3131 occasiones
832 3074 924 3145 requi·
974 3078 1032 3133 haec
1044 3078 1192 3134 auctoritas
1208 3076 1311 3133 llrmior
1324 3077 1473 3143 habeatur,
1495 3084 1524 3131 et
1546 3077 1573 3131 in
1589 3073 1680 3131 lutura
1696 3083 1764 3130 tem·

139 3171 235 3226 rendae
249 3169 353 3241 ingredi
366 3170 472 3236 audeat,
484 3167 526 3224 rel
535 3177 662 3226 exactare
673 3174 834 3239 pessumam
847 3167 883 3223 ita
894 3174 925 3224 ut
973 3181 1039 3238 pora
1051 3175 1238 3232 conservetur,
1251 3181 1333 3222 mauu
1356 3167 1464 3237 propria
1490 3164 1717 3236 subscripsimus,
1737 3171 1764 3218 et

138 3261 180 3316 hm
199 3260 294 3314 lutrrris
315 3260 481 3330 temporibus
495 3259 577 3315 salve
594 3269 623 3314 et
637 3258 726 3317 illaesae
738 3274 788 3328 per
800 3268 923 3314 nostram
946 3331 949 3336 Ι
973 3259 1065 3315 annuli
1079 3257 1163 3313 nostri
1178 3257 1354 3326 impressione
1368 3257 1545 3327 signavimus.

138 3351 322 3407 delensionem
346 3352 419 3406 omni
435 3360 555 3421 tempore
570 3350 718 3421 persistere
728 3349 843 3408 ualeant.
859 3348 923 3405 llaee
1009 3350 1121 3419 Signum
1134 3348 1262 3405 badonici
1279 3348 1445 3405 serenissimi
1455 3346 1637 3418 imperatoris.

137 3458 203 3497 nero
224 3440 370 3497 auctoritas
396 3449 427 3496 ut
453 3440 553 3497 nostris
582 3439 734 3511 futurisque
757 3438 923 3510 temporibus
1008 3439 1077 3499 Data
1089 3455 1137 3494 ιιιι
1152 3438 1265 3496 Kalend.
1276 3437 1454 3508 Septembris,
1468 3451 1540 3494 auno
1554 3439 1566 3492 l
1580 3435 1688 3494 Christo
1698 3449 1762 3506 pro·
1851 3435 1854 3440 '

137 3529 235 3588 urelius
250 3529 384 3596 credatur,
399 3537 427 3584 et
443 3546 458 3584 a
475 3528 599 3585 lidelihus
613 3537 713 3584 sanotae
727 3527 775 3584 Dei
795 3527 923 3584 Eeelesiae
972 3528 1040 3599 pitio
1070 3529 1177 3599 imperii
1207 3529 1315 3594 nostri,
1342 3528 1490 3584 indictione
1512 3528 1635 3597 septima.
1664 3526 1762 3581 Actum

137 3630 192 3677 eta
211 3622 311 3677 nostris
325 3620 516 3676 inuiolabiliter
527 3620 704 3683 custodiatur,
719 3634 800 3673 manu
814 3617 924 3689 propria
973 3616 1134 3687 Amrisgrani
1154 3617 1254 3686 palatio
1275 3624 1368 3674 nostro
1391 3618 1419 3672 ιιι
1434 3616 1482 3670 liei
1508 3616 1617 3669 nomine
1637 3614 1761 3669 feliciter.

138 3714 356 3784 subscripsimus.
371 3721 399 3769 et
415 3713 448 3768 de
463 3712 562 3767 annulo
577 3720 670 3767 nostro
689 3708 782 3765 subter
793 3707 923 3776 jussimus
973 3706 1071 3763 Amen.
1379 3724 1382 3731 ⁴

137 3804 259 3876 sigillari.
1342 3793 1394 3848 illl.

173 3893 284 3965 Signum
296 3893 424 3948 Ludorici
440 3890 607 3948 serenissimi
619 3888 800 3960 imperatoris.
1154 3900 1205 3941 nno
1223 3898 1372 3941 lausonensi
1391 3899 1566 3942 aonasrsmo.

171 3984 232 4040 liat.
249 3983 339 4039 vidus
354 3982 428 4050 iulii,
443 3998 514 4037 anno
537 3981 671 4038 lChristo
684 3979 802 4051 propltio
817 3977 921 4050 imperii
1282 3973 1456 4047 (danubii.)

137 4075 234 4136 nostri,
251 4073 398 4128 indictione
411 4072 437 4125 l.
453 4071 549 4126 delum
562 4068 723 4143 hqnisgraui
737 4067 837 4141 palatio
850 4068 924 4140 regio
975 4069 1062 4145 [Apud
1076 4070 1107 4125 Ι).
1129 4067 1272 4140 Bouquet„
1288 4065 1392 4122 Recueii
1407 4066 1452 4119 der
1476 4065 1550 4128 laist,
1563 4072 1627 4119 tom.
1640 4063 1684 4127 Vl,
1698 4081 1757 4136 pag.

137 4165 165 4219 p„
180 4163 225 4219 pei
245 4166 353 4219 nomine
370 4161 495 4218 perpetret,
510 4161 605 4214 Amen,
1097 4138 1159 4205 tto,
1174 4153 1208 4192 en
1228 4136 1345 4191 archivis
1360 4134 1440 4204 hujus
1455 4132 1634 4205 morrasterii.]

507 4250 552 4308 vl,
1008 4233 1037 4289 ln
1052 4231 1159 4289 nomine
1173 4229 1279 4283 bomini
1296 4228 1343 4282 liei
1370 4235 1398 4283 et
1419 4226 1565 4282 Salvatoris
1589 4225 1674 4281 nostri
1696 4222 1760 4282 lesu

330 4358 379 4397 nno
396 4357 519 4397 recissis
538 4355 731 4396 cnpougpnpsr,
935 4322 1085 4423 DChristi,
1099 4320 1249 4376 Ludoaicus
1260 4318 1350 4373 divina
1370 4319 1511 4373 ordinante
1521 4316 1663 4373 clementia
1674 4315 1759 4386 impe·

446 4431 532 4502 (Anno
545 4428 619 4501 itit.)
974 4423 1048 4471 rator
1059 4413 1204 4483 Augustus,
1219 4410 1345 4465 omnihus
1356 4409 1498 4480 episcopis,
1518 4407 1668 4472 abhatibus,
1684 4407 1760 4463 duci·

225 4522 318 4597 [Apud
331 4521 444 4586 llahill.,
460 4520 578 4575 Analect.
598 4529 659 4583 oet„
680 4535 739 4592 pag.
753 4518 834 4592 iiiii]
973 4506 1035 4570 hus,
1046 4501 1205 4561 comitibus,
1228 4498 1353 4562 sicariis,
1380 4496 1558 4559 centenariis,
1585 4495 1758 4561 actionariis,

171 4612 200 4671 ln
215 4615 322 4670 nomme
336 4613 440 4668 pomini
453 4611 500 4666 pet
513 4610 662 4666 salvatoris
678 4611 762 4666 nostri
773 4606 835 4666 jesu
845 4608 922 4665 (pm.
973 4595 1062 4653 missis
1070 4594 1168 4649 nostris
1174 4587 1444 4654 discurrentibus,vel
1452 4587 1555 4642 eunctis
1563 4585 1695 4651 fidelibus,
1703 4593 1757 4642 ete.

134 4704 340 4774 tti,Ludoricus
350 4704 439 4759 diuina
451 4700 764 4771 ordinanteprovidentia
775 4702 921 4772 imperator
1007 4685 1124 4743 Pl0i¹¹d⁰
1144 4683 1291 4753 comperiat
1318 4679 1437 4735 Omnium
1466 4677 1584 4733 1111111ῑῦ11
1603 4684 1757 4757 timidorum

133 4796 279 4868 Augustus.
973 4778 1083 4835 solertia
1100 4778 1162 4850 quia
1174 4778 1215 4831 vir
1229 4774 1388 4831 venerabilis
1407 4773 1549 4844 bdalgisus
1561 4772 1631 4826 ahha
1653 4785 1686 4826 ex
1699 4786 1758 4825 mo·

170 4883 281 4939 Noverit
303 4883 434 4954 sagacitas
450 4896 496 4937 seu
521 4878 652 4935 industria
667 4876 785 4933 llrlelium
800 4879 920 4935 omnium
973 4869 1093 4927 masterio
1106 4867 1215 4923 hnisola
1228 4866 1338 4922 ueniens
1355 4863 1389 4920 ad
1411 4878 1475 4928 nos,
1502 4861 1597 4918 detulit
1618 4859 1757 4916 serenitati

133 4958 298 5036 nostrorum,
314 4982 367 5027 tnm
390 4970 562 5042 praesentium
577 4983 658 5042 quam
673 4975 701 5022 et
715 4965 878 5032 futurorum,
890 4982 923 5025 eo
974 4968 1073 5016 nostre
1086 4965 1248 5029 praeceptum
1259 4954 1352 5013 domni
1365 4970 1397 5011 ac
1419 4952 1550 5025 genitoris
1562 4951 1648 5007 nostri
1667 4947 1756 5005 Caroli
1812 4953 1817 4964 '

133 5061 206 5135 qrrod
219 5062 262 5116 air
281 5060 443 5117 venerahilis
455 5059 560 5117 Franco
574 5057 761 5115 cenomanice
779 5055 854 5113 urhis
867 5056 924 5128 epi·
973 5048 1138 5104 &lenissimi
1156 5047 1335 5117 impenditis,
1349 5046 1376 5100 ἰ11
1393 5060 1447 5115 11110
1466 5042 1656 5100 continebatur
1671 5038 1757 5112 11111111·

133 5165 233 5221 scopus
243 5151 340 5207 obtulit
356 5150 494 5206 serenitati
517 5158 616 5206 nostrae
630 5147 760 5221 qrrasdam
779 5146 924 5204 auctorita·
973 5141 1119 5211 teripseet
1133 5152 1198 5195 avus
1210 5147 1301 5196 noster
1312 5137 1441 5210 Pippinus
1453 5135 1531 5190 honre
1542 5131 1678 5188 mentoris
1697 5143 1755 5192 ret,

133 5241 411 5310 tespraetlecessorum
422 5248 590 5306 nostrorum,
603 5239 826 5312 regumvidelicel
838 5237 923 5295 Frau-
974 5243 1021 5285 seu
1036 5236 1220 5285 1111111115οΜ
1234 5241 1346 5293 eorum,
1367 5241 1444 5297 teies
1455 5222 1578 5279 videlice!
1596 5220 1712 5292 11110108,
1723 5218 1758 5274 ⁰¹¹

133 5344 240 5395 eorum,
258 5331 286 5386 in
305 5331 403 5401 quihus
430 5330 638 5385 continebantur
663 5329 734 5400 quod
757 5328 854 5399 partim
877 5343 922 5384 ne·
976 5336 1095 5378 amorem
1109 5322 1156 5377 liei
1168 5320 1446 5390 tranquillitatemque
1457 5313 1571 5370 fratrum
1585 5311 1686 5371 ibidem
1694 5325 1760 5366 oon·

135 5421 263 5494 gligentia
277 5422 472 5479 incuriosorum
484 5420 636 5485 hominum,
649 5419 749 5490 partim
761 5416 922 5489 depopulari·
973 5413 1136 5478 sistentium,
1150 5426 1257 5483 semper
1279 5410 1367 5480 ipsum
1382 5406 1575 5462 monasterium
1599 5401 1757 5475 subplenis·

173 5582 255 5637 ¹lioc
280 5578 473 5635 monasterium
490 5581 592 5643 postea-
607 5587 668 5629 cum
680 5569 813 5628 lileriensi
843 5568 872 5625 S.
891 5568 1005 5625 Romani
1035 5567 1104 5621 irlem
1116 5566 1263 5634 imperator
1275 5561 1306 5617 nt
1317 5576 1410 5632 preces
1422 5558 1680 5630 sichariiepisropi
1705 5557 1758 5612 lic—

134 5654 227 5711 clesiac
241 5647 431 5721 burdegalensi
446 5645 567 5715 subjecit.
