3832 6120
137 309 188 368 ue
597 278 737 364 'suana
758 305 791 360 lu
811 301 919 359 rrlsr.
939 304 971 357 u.
991 304 1093 360 raum
1109 306 1156 360 lu
1173 304 1297 362 oauilr.
1713 318 1766 375 p,

136 438 259 499 tempora
281 435 308 481 et
329 427 434 482 diuersa
458 440 557 496 genera
581 425 749 480 infirmitatis
768 423 871 478 iaciunt
896 430 926 473 ut
939 425 964 481 A
977 420 1048 488 licet,
1060 423 1190 479 docemur
1200 440 1249 495 per
1259 428 1331 482 lianc
1340 429 1529 484 sententiolam
1544 446 1642 488 novrrm
1654 435 1763 506 dogma,

134 535 219 576 onera
232 527 324 575 nostra
342 519 456 573 invicem
472 525 580 588 portare
601 517 748 572 valeamus.
766 514 846 570 Verbi
866 528 926 584 gra·
978 515 1050 582 quud
1064 514 1169 569 latitat:
1192 517 1256 572 dum
1278 517 1449 588 inpraesenti
1468 522 1567 577 saeculo
1585 539 1689 592 sumus,
1710 529 1767 584 siue

134 613 173 666 tia
194 629 201 666 ι
223 611 294 666 lram
322 610 413 665 lratris
431 617 495 664 tunc
521 609 654 679 portabis,
680 623 742 662 eum
756 614 784 660 tu
799 606 928 660 aduersus
978 602 1156 668 orationibus,
1177 605 1235 661 siue
1245 607 1367 663 consiliis
1387 609 1502 664 invicem
1516 626 1596 681 posse
1619 628 1669 671 noa
1690 619 1767 689 adju.

132 717 266 759 eumuou
292 701 430 763 irasceris,
456 709 487 754 ut
507 713 660 754 rursumen
683 706 805 767 tempore
832 702 927 764 quote
977 691 1045 744 vari.
1076 690 1321 748 Cumautemante
1346 696 1577 756 tribunalcnrirn
1601 705 1767 771 venerimus,

134 797 175 851 ira
193 793 434 865 praeoccupaverit,
450 792 494 847 ille
519 801 544 847 tc
560 792 669 847 lcuilatc
683 797 711 844 ct
734 788 928 858 tranquillitate
977 794 1028 834 nec
1043 779 1114 844 101),
1140 782 1312 849 1001111111,
1337 800 1387 841 uec
1408 784 1480 850 Noe,
1505 803 1600 858 rugare
1618 806 1698 861 posse
1718 810 1768 865 pru

133 892 283 956 supportet.
302 884 357 938 Sed
370 892 397 938 et
408 885 479 938 bunc
494 883 582 937 locum
600 896 661 936 cum
677 880 863 951 superioribus
875 893 920 933 co
976 887 1132 942 quoquam,
1156 874 1203 930 scd
1230 884 1449 947 unumquemque
1466 888 1574 946 portare
1598 895 1667 936 ouus
1687 898 1766 939 suum
1827 885 1830 889 ’

134 975 270 1047 polemus,
288 974 420 1042 duplicem
434 973 506 1027 enim
521 971 642 1040 sequitur
669 968 883 1046 intelligentiam.
897 964 926 1022 Si
977 961 1087 1036 (uzeca.
1103 964 1170 1038 xiv).
1191 994 1196 1002 =
1217 964 1236 978 ²

134 1067 198 1136 quis
208 1065 334 1120 infirmus
349 1064 375 1117 iu
387 1064 440 1117 lide
451 1070 502 1128 cst,
519 1070 547 1116 ct
560 1061 648 1115 adbuc
672 1059 742 1114 lactc
754 1058 873 1113 nutritus
887 1056 927 1110 iu-
1011 1054 1190 1110 Communicet
1204 1059 1325 1112 autentis
1339 1046 1569 1129 gu'icatecltiantar
1583 1062 1671 1128 verbo,
1685 1067 1710 1119 ei
1722 1068 1768 1135 qui

135 1156 240 1220 latitia,
270 1169 320 1209 uec
343 1163 432 1223 potest
454 1154 574 1208 taurello
595 1168 610 1206 a
635 1151 713 1222 legali
736 1151 926 1207 obseruatione
976 1145 1154 1199 ‘teuledum
1164 1145 1192 1199 t'u
1204 1143 1323 1200 0111111111
1335 1147 1420 1202 loli&
1440 1138 1646 1223 5018111111119
1656 1154 1766 1220 1511151,

134 1249 170 1304 ad
183 1247 315 1318 spiritalia
329 1252 498 1300 sacramenta
516 1243 641 1309 transire,
661 1259 708 1299 vos
721 1242 767 1312 qui
791 1241 927 1297 robustio·
975 1237 1039 1306 quia
1050 1239 1174 1308 superius
1185 1239 1352 1310 spiritalibus
1364 1254 1578 1314 preceperat,ul
1587 1249 1692 1318 eosqui
1702 1264 1769 1321 prae.

134 1352 181 1394 ros
195 1337 272 1401 estis,
286 1336 345 1405 ejus
356 1349 439 1389 onera
465 1341 582 1403 portate,
598 1347 632 1387 ue
649 1345 698 1402 per
721 1331 864 1386 scientiam
877 1343 925 1384 ve·
975 1329 1100 1398 occupati
1112 1327 1220 1384 luerunt
1231 1330 1259 1385 in
1272 1330 1363 1401 aliquo
1374 1331 1482 1400 delicto,
1495 1333 1661 1393 iustmcrent
1674 1338 1701 1393 in
1710 1339 1767 1409 s'pi·

134 1438 221 1486 stram
244 1426 329 1482 lrater
342 1433 445 1497 pereat,
457 1440 507 1495 pro
521 1439 574 1494 quo
585 1422 710 1479 Christus
720 1429 843 1478 mortuus
858 1428 901 1476 est
916 1438 923 1473 τ
976 1415 1030 1470 ritu
1039 1415 1204 1482 lenitatiset
1216 1418 1284 1475 alter
1298 1419 1410 1475 alterius
1423 1437 1504 1478 onera
1516 1431 1666 1494 portarent,
1679 1427 1766 1482 adim·

135 1526 226 1591 popm
251 1532 358 1587 quoque
389 1515 482 1569 fragis
506 1514 697 1570 necessitarem
721 1514 766 1583 qui
784 1519 926 1584 gravatum
975 1503 1283 1577 plenteslegemeristi
1297 1525 1303 1561 :
1318 1513 1765 1584 uuucecuntrariobisqoiadbuc

135 1623 281 1682 pauperem
295 1621 378 1662 unere
391 1605 518 1676 egestatis
535 1605 652 1675 adjurat.
976 1594 1178 1668 imbecilliores,
1188 1605 1216 1653 et
1228 1598 1363 1669 discipuli,
1382 1608 1409 1655 et
1423 1603 1545 1659 carnales
1560 1616 1638 1660 crant
1652 1607 1767 1676 imperat

172 1700 243 1754 lllom
255 1698 278 1751 ri
290 1698 348 1768 puio
359 1695 489 1750 eaialirriot
503 1713 530 1750 ae
542 1711 597 1750 eoae
610 1693 722 1766 aliquid,
731 1710 791 1747 cum
802 1692 867 1748 nibil
879 1693 925 1757 sit,
976 1694 1007 1742 ul
1026 1687 1162 1757 quomodo
1178 1690 1230 1759 ipsi
1250 1705 1265 1744 a
1281 1693 1419 1763 magistris
1442 1686 1574 1765 spiritalia
1589 1705 1709 1762 metunt,
1729 1699 1770 1754 sic

135 1791 251 1858 reipsum
263 1786 373 1841 seducit.
400 1786 458 1841 lion
473 1800 537 1841 eum
551 1786 683 1841 seducunt
693 1785 848 1840 laudatores
858 1783 928 1853 ejus,
941 1773 967 1836 B
980 1778 1118 1848 magistris
1142 1780 1261 1835 carnalia
1278 1781 1430 1851 praebeant,
1454 1784 1499 1855 qui
1524 1793 1595 1842 totos
1620 1802 1649 1842 se
1671 1787 1769 1843 divinae

135 1877 183 1934 sed
198 1878 256 1946 ipsc
269 1875 448 1947 potiusquis
463 1891 526 1930 cum
537 1876 590 1931 sibi
614 1876 652 1930 sit
668 1874 830 1945 presentior
844 1888 926 1944 qnam
977 1869 1136 1935 erudiuoni,
1146 1877 1174 1924 et
1184 1871 1273 1925 studio
1284 1871 1434 1938 tradentes,
1445 1874 1507 1928 vita
1517 1875 1596 1947 buius
1607 1880 1769 1934 necessariis

136 1969 183 2035 illi,
197 1969 283 2039 magis
298 1967 354 2022 vult
374 1982 403 2023 se
420 1966 515 2023 inillis
539 1980 662 2038 querere
676 1980 758 2037 quam
781 1965 809 2020 in
825 1965 925 2036 seipso.
977 1958 1110 2029 indigent,
1125 1968 1153 2014 et
1171 1959 1219 2014 fiai
1238 1960 1303 2016 illud
1316 1962 1389 2031 quod
1400 1962 1433 2016 du
1446 1978 1544 2019 munna
1560 1967 1690 2036 scriptum
1714 1978 1767 2035 est,

136 2062 171 2118 lit
182 2062 243 2118 ideo
253 2061 311 2115 ait:
329 2059 358 2115 Si
372 2059 434 2129 quis
447 2059 586 2114 existimat
602 2073 634 2113 se
649 2071 710 2113 esse
727 2057 839 2128 aliquid,
851 2057 879 2112 iu
893 2070 927 2111 oe
975 2052 1021 2123 gui
1031 2052 1152 2117 multum,
1170 2070 1222 2108 non
1232 2055 1392 2120 abrrridmu'm
1409 2065 1434 2110 et
1445 2058 1489 2128 pai
1500 2059 1641 2126 modicum,
1655 2078 1707 2116 ron
1719 2063 1768 2116 mi-

135 2155 208 2226 quod
234 2162 310 2224 putat
325 2166 355 2206 se
375 2134 434 2206 esse
457 2149 568 2219 aliquid,
582 2157 610 2205 et
622 2163 676 2203 uon
691 2163 724 2203 er
743 2146 886 2203 clementia
897 2148 926 2202 iu
976 2145 1081 2199 ιιενιιειι
1096 2143 1141 2216 (ll
1150 2143 1213 2199 Cor.
1230 2145 1302 2216 ιιιι).
1322 2147 1395 2201 Boua
1410 2156 1500 2204 autem
1516 2150 1543 2205 in
1556 2139 1685 2221 presenti
1697 2152 1767 2220 loco,

137 2244 302 2314 proximum,
329 2240 378 2296 sed
400 2255 434 2294 ex
447 2253 496 2293 suo
518 2251 601 2307 opero
613 2246 640 2290 et
662 2237 754 2292 labore
775 2235 925 2304 seiudicat,
973 2232 1053 2302 juxta
1066 2233 1139 2304 uulgi
1159 2236 1381 2296 consuetudinem
1401 2253 1560 2309 moremque
1584 2255 1767 2309 communem,

136 2347 186 2388 sua
202 2338 307 2385 mutum
321 2329 422 2383 virtute
436 2333 600 2381 contentus:
622 2325 674 2379 iste
692 2338 725 2378 ex
741 2325 793 2379 bac
812 2324 869 2393 ipsa
883 2340 928 2378 ar·
976 2324 1078 2378 rictum
1101 2332 1130 2379 et
1145 2327 1283 2391 restitum,
1299 2337 1450 2398 caeteraque
1470 2344 1530 2400 quae
1551 2331 1675 2388 homines
1698 2335 1769 2392 inter

136 2422 261 2490 rogantia
276 2420 343 2474 nibil
358 2417 398 2482 ur,
415 2418 510 2487 etipse
533 2431 563 2471 se
577 2416 688 2485 decipit.
705 2415 822 2469 lleutem
836 2423 927 2471 autem
977 2416 1048 2472 bona
1060 2426 1214 2483 numerant,
1228 2419 1382 2489 appellarit.
1410 2420 1542 2477 Habentes
1557 2423 1629 2477 euim
1640 2425 1769 2481 victumet

137 2513 247 2581 decipit,
264 2511 309 2581 qui
323 2524 353 2565 se
365 2517 442 2578 putat
466 2522 528 2563 esse
545 2507 705 2577 sapientem.
731 2507 766 2560 lit
778 2507 926 2562 secundum
978 2506 1107 2568 uestitum,
1118 2505 1159 2559 liis
1172 2508 1285 2560 conteuti
1299 2507 1381 2560 rimus
1392 2505 1435 2578 (ll
1448 2507 1469 2561 Τ
1469 2510 1515 2563 im.
1531 2507 1571 2581 x).
1599 2509 1655 2567 Nec
1668 2513 1767 2568 mirum

140 2603 251 2667 lsaiarn,
266 2601 378 2671 Sapiens
400 2600 428 2654 itt
442 2616 470 2654 se
485 2608 510 2653 et
519 2601 546 2652 in
562 2606 699 2668 conspectu
719 2613 767 2651 auo
781 2596 928 2669 intelligens
977 2594 1002 2650 si
1023 2593 1123 2649 Paulus
1146 2606 1178 2650 ea
1207 2609 1268 2665 quae
1290 2603 1369 2651 erant
1388 2597 1496 2667 corpori
1525 2601 1679 2655 necessarie
1705 2600 1769 2657 boul

136 2692 205 2765 (lm.
219 2693 256 2765 v).
273 2692 556 2747 incircumcisionem
576 2699 602 2745 et
614 2690 649 2745 ad
670 2689 756 2761 legem
767 2690 805 2744 ita
815 2688 866 2745 loci
880 2688 929 2744 bu·
978 2685 1157 2755 appellatione
1167 2685 1301 2757 signarit:
1329 2699 1392 2743 curu
1413 2690 1496 2744 etiam
1520 2688 1646 2749 Salvator
1676 2703 1769 2750 noster

134 2782 180 2853 jus
191 2783 362 2838 connectitur
377 2775 549 2836 intellectus:
566 2780 617 2848 Qui
630 2778 760 2850 spiritalis
775 2786 829 2845 est,
843 2785 870 2833 ει
880 2777 929 2833 mi·
978 2776 1013 2831 ad
1033 2791 1080 2831 eos
1103 2778 1150 2847 quii
1177 2779 1292 2833 necdum
1313 2778 1347 2834 ad
1367 2779 1497 2836 uirtutum
1514 2781 1621 2839 culmen
1637 2786 1768 2841 ascende-

135 2872 312 2927 sericordiam
338 2871 365 2924 in
389 2871 543 2940 proximum
568 2885 621 2923 nnn
644 2869 736 2935 babet,
747 2875 927 2923 centemnens
979 2873 1050 2931 rant,
1070 2866 1117 2921 sed
1143 2867 1232 2922 adbuc
1251 2868 1380 2925 humilius
1402 2870 1574 2941 incedebant,
1599 2882 1626 2930 et
1641 2875 1691 2931 sibl
1706 2876 1769 2931 addi

87 2982 96 2993 ι
137 2960 276 3023 bumilern,
305 2959 368 3029 quia
383 2961 440 3029 ipse
451 2959 591 3014 sublimior
613 2967 664 3023 est,
688 2956 924 3028 ipsesedceipit:
977 2959 1125 3028 poscebant
1136 2958 1227 3023 fidem,
1240 2960 1348 3015 dixerit.
1364 2960 1395 3017 Si
1406 2978 1467 3034 ergo
1484 2980 1537 3032 ooo,
1549 2980 1608 3021 cani
1619 2967 1684 3022 moli
1699 2969 1766 3032 sitia,

137 3051 261 3106 nesciens
274 3050 344 3104 banc
364 3049 475 3119 spiritus
490 3063 552 3104 ease
573 3049 671 3120 legem,
686 3056 716 3103 ut
740 3063 791 3104 nos
808 3047 925 3103 invicem
977 3050 1050 3104 scitis
1064 3050 1130 3104 bono
1140 3038 1204 3105 doto
1216 3051 1279 3106 dore
1289 3052 1352 3124 filiii
1364 3055 1454 3110 vestris
1468 3097 1476 3118 ,
1488 3067 1585 3128 quanto
1598 3058 1769 3131 magial’otcr

138 3138 295 3208 diligamus.
942 3118 964 3182 3
978 3141 1089 3197 creterris
1098 3143 1170 3197 dabit
1183 3142 1250 3198 bono
1269 3145 1412 3214 petentibus
1421 3160 1449 3201 se
1462 3146 1569 3221 (llottb.
1579 3149 1628 3222 ιιι)
1642 3151 1649 3204 i

175 3228 248 3300 Opas
259 3228 522 3300 ootemtttumprobet
531 3230 718 3299 unusquisque,
727 3239 751 3284 et
761 3231 800 3286 sie
810 3231 926 3301 inserpat
1016 3231 1106 3287 Nolite
1115 3250 1213 3298 errare,
1229 3233 1362 3289 Dausaron
1376 3237 1524 3293 irridetur:
1538 3256 1598 3311 pute
1607 3243 1675 3297 enim
1687 3245 1767 3298 temi-

136 3328 239 3375 lautam
255 3320 366 3390 pluriam
380 3320 495 3385 ltabebil,
517 3319 646 3373 anesin
659 3319 752 3374 altero.
782 3318 929 3391 demate
979 3325 1078 3379 murrii
1094 3323 1182 3390 bomo,
1209 3324 1265 3379 liceo
1279 3338 1303 3380 et
1317 3335 1403 3381 metet.
1432 3328 1587 3388 Piaerideus
1604 3332 1632 3387 in
1658 3334 1765 3404 spiritu,

135 3410 489 3480 114111111101111110111
503 3409 626 3480 10111111·
642 3409 676 3465 Et
686 3425 739 3465 ¹¹⁰ss
751 3409 779 3464 1¹¹
790 3409 887 3476 illem,
899 3410 926 3465 111
978 3430 1026 3473 eos
1043 3416 1089 3488 qui
1105 3416 1288 3482 assentanei
1306 3417 1404 3474 debent
1428 3422 1566 3492 magistris
1591 3432 1714 3495 sumptus
1739 3431 1767 3479 et

137 3510 191 3568 eat,
206 3516 268 3557 eum
277 3501 346 3556 alter
359 3516 421 3557 eum
438 3501 540 3557 laudat.
566 3499 626 3556 llon
637 3515 704 3572 ergo
717 3501 871 3556 laudatores
881 3516 928 3556 uo
977 3506 1041 3562 vitas
1051 3507 1204 3562 necessaria
1218 3507 1385 3576 ministrare,
1400 3524 1480 3579 posse
1490 3511 1636 3567 obtendere
1650 3528 1767 3584 pauper-

138 3592 189 3648 stri
202 3592 328 3646 minuunt
339 3606 422 3647 onera
440 3590 612 3647 conscientiae
633 3598 744 3655 nostrae,
772 3598 854 3659 atque
870 3590 926 3646 uti·
978 3601 1063 3649 tatem
1073 3605 1102 3650 ει
1114 3595 1218 3650 dicere:
1231 3595 1303 3667 liger
1314 3613 1390 3653 meus
1401 3599 1452 3654 boc
1465 3614 1535 3654 auno
1548 3601 1620 3656 aruit
1632 3601 1766 3666 siccitate,

137 3698 201 3741 nam
217 3698 272 3739 non
285 3684 367 3739 etiam
391 3682 563 3739 accumulent
582 3681 753 3752 plerumque,
771 3695 808 3736 oe
819 3678 928 3735 1111901-
978 3685 1092 3741 ulnam
1108 3686 1211 3756 granno
1227 3687 1365 3753 meretri,
1381 3687 1525 3756 Redditus,
1547 3690 1595 3759 qui
1614 3705 1675 3749 esse
1688 3699 1766 3763 pote-

136 3773 225 3833 leusie
247 3774 306 3831 laus
324 3784 416 3831 nostra
442 3775 589 3840 minuatur,
605 3781 726 3831 eumaut
740 3772 927 3843 obiurgatione
978 3776 1165 3840 mustributa
1186 3785 1348 3847 rapuerunt,
1363 3777 1421 3834 llon
1449 3779 1536 3836 babeo
1552 3781 1623 3838 unde
1646 3783 1764 3840 tribuam

141 3863 204 3923 illos
224 3880 323 3921 curare
346 3866 515 3938 negligimus,
540 3871 589 3920 aut
610 3864 748 3934 iactanter
760 3864 801 3919 eis
825 3863 927 3934 aliquid
979 3869 1186 3942 quodjubetur;
1200 3870 1309 3939 arbecil,
1332 3871 1421 3927 Nolite
1433 3889 1532 3940 errore,
1556 3873 1690 3933 Deaauon
1706 3877 1768 3933 irri-

138 3957 556 4025 nutllumostcntautus‚p⁰liu⁸
570 3968 653 4026 quim
671 3963 828 4011 1101151ίῦ161
838 3963 929 4010 081111·
979 3964 1064 4017 detur.
1094 3961 1160 4027 Scit,
1173 3961 1270 4032 inquit,
1286 3963 1367 4018 corda
1381 3967 1669 4038 vestra;uuuiguorat
1682 3966 1766 4026 lacul-

139 4045 240 4103 dimus.
267 4045 370 4103 Omitto
382 4061 414 4101 ea
428 4062 488 4117 quae
504 4046 620 4117 lluguut'
631 4053 658 4103 ει
671 4047 839 4102 mentiuntur
849 4044 885 4100 do
897 4058 927 4100 se
978 4058 1058 4108 lates.
1082 4052 1227 4107 Excursatio
1240 4053 1395 4108 verisimilis
1410 4055 1513 4112 bomini
1528 4067 1617 4128 potest
1628 4068 1767 4132 utcunque

137 4136 264 4195 Ιιειιιίιιει
284 4144 396 4208 propter
410 4138 550 4193 bominum
571 4136 674 4193 laudes.
698 4136 769 4205 Quid
789 4136 863 4191 euim
874 4136 927 4191 ista
977 4142 1194 4214 plaeere,lieum
1212 4157 1267 4198 uun
1281 4150 1373 4211 potest
1392 4144 1496 4202 lallere.
1531 4147 1564 4203 Et
1580 4148 1660 4205 simul
1672 4150 1762 4208 cobor-

137 4231 259 4289 eaecitate
286 4231 466 4296 tenebrosius,
481 4231 515 4286 ad
542 4230 714 4287 obtinendam
739 4230 927 4286 inanissimam
978 4240 1051 4291 tatur
1064 4234 1135 4290 adid
1149 4230 1219 4303 qood
1233 4244 1396 4304 praeceptum
1406 4244 1449 4292 est
1463 4237 1655 4308 exhibendum,
1673 4256 1766 4299 semen

139 4322 254 4392 gloriam
269 4338 445 4393 erroremque
470 4323 586 4379 bominis
598 4323 738 4394 aucupari,
749 4331 778 4379 et
789 4323 874 4377 Deum
886 4332 928 4379 ιε·
977 4325 1132 4392 nominans,
1156 4333 1275 4396 nepotet
1292 4328 1427 4396 perditum
1448 4332 1521 4400 ‹pmd
1534 4333 1711 4406 multiplicato
1725 4336 1766 4393 le-

138 4422 209 4475 atem
234 4414 262 4469 iu
284 4415 365 4470 corde
387 4414 581 4470 contemnere?
593 4415 672 4484 quasi
694 4429 760 4470 rcro
778 4413 833 4470 ullo
846 4414 926 4470 modo
978 4430 1044 4471 nore
1058 4426 1216 4488 recepturus
1233 4423 1283 4472 est.

137 4505 336 4575 comparandus
350 4505 387 4562 sit
398 4520 475 4560 error
486 4505 560 4560 illius
572 4505 619 4575 qui
636 4514 663 4560 te
677 4506 775 4562 meum
787 4515 872 4577 putat,
885 4521 928 4561 er·
1013 4504 1145 4573 anrrim
1155 4507 1202 4578 qui
1218 4507 1328 4561 seminet
1338 4508 1366 4562 ln
1380 4524 1459 4563 carne
1472 4526 1531 4576 seo,
1544 4512 1576 4566 de
1588 4526 1667 4569 corne
1680 4525 1703 4570 et
1715 4533 1766 4571 me·

138 4596 196 4653 mri
209 4604 265 4661 tuo,
278 4597 323 4668 qui
332 4596 433 4652 bomini
447 4598 480 4652 de
492 4597 560 4652 lalso
572 4598 644 4653 bono
654 4598 764 4668 placere
773 4599 876 4664 studes,
891 4597 925 4654 de
977 4606 1012 4650 let
1027 4597 1231 4667 curruptionem.
1248 4596 1304 4651 lloc
1319 4596 1385 4651 dicit
1408 4598 1441 4653 de
1455 4600 1621 4656 amatoribus
1643 4603 1766 4677 volupta-

138 4688 212 4749 malo
229 4704 293 4744 vero
305 4688 431 4758 displices
444 4689 510 4744 lieo.
978 4698 1035 4744 tum
1058 4688 1145 4758 magis
1171 4702 1253 4757 quatu
1267 4685 1325 4742 uei.
1342 4684 1464 4744 lucerne
1476 4691 1548 4744 enim
1564 4706 1612 4747 sua
1639 4695 1764 4762 seminat,

176 4777 359 4852 ornateque
372 4781 441 4834 euim
456 4795 520 4833 onus
531 4793 607 4832 suum
621 4779 745 4848 portabit.
763 4780 924 4836 llidetursu·
978 4778 1025 4849 qui
1036 4778 1126 4833 omnia
1147 4792 1208 4847 quae
1222 4775 1296 4844 lecit,
1311 4779 1419 4834 etiamsi
1444 4780 1512 4835 bona
1527 4781 1682 4851 videantur,
1697 4800 1762 4856 pro-

139 4871 292 4943 perioribus
312 4871 459 4936 contraire,
482 4870 527 4925 ubi
549 4869 607 4923 ait:
635 4867 707 4923 Alter
725 4869 833 4924 alteriue
844 4886 926 4925 onere
978 4876 1070 4938 pterea
1084 4875 1173 4922 tamen
1185 4866 1251 4922 lacit
1261 4875 1292 4922 ut
1300 4869 1445 4924 carnaliter
1459 4869 1563 4926 cibem
1575 4873 1619 4927 sil.

137 4975 250 5039 portate
266 4964 295 5021 Si
311 4965 383 5020 euim
403 4964 588 5034 uuusquisque
612 4978 681 5019 onus
693 4979 771 5019 suum
795 4964 924 5034 portabit,
1016 4958 1067 5024 Qui
1080 4967 1169 5012 ostem
1183 4959 1295 5012 seminat
1317 4959 1346 5013 in
1357 4960 1462 5030 piritu,
1480 4962 1513 5016 de
1528 4963 1622 5034 spirin
1638 4974 1716 5021 metet
1729 4969 1766 5023 oi-

138 5058 335 5116 fflflgltef'mg
348 5072 430 5115 opera
446 5067 555 5128 pomp-0
574 5073 626 5114 pon
641 5058 749 5127 poterit,
768 5056 822 5113 Sed
832 5057 926 5115 viden.
979 5061 1033 5105 lm
1059 5058 1193 5105 oeiel'illm.
1212 5047 1360 5104 56111111ὶῆ0
1374 5049 1401 5105 iu
1414 5053 1510 5121 111111111
1537 5062 1579 5109 esi
1593 5069 1627 5110 el
1642 5054 1694 5111 fide
1703 5071 1765 5113 clim

140 5151 217 5216 dum,
239 5149 362 5222 quodibi
385 5149 545 5220 preceperit
556 5157 585 5203 ut
598 5157 742 5218 peccantes
763 5149 791 5204 in
804 5150 855 5206 bac
869 5151 925 5205 rita
979 5145 1112 5200 charitato
1122 5143 1226 5200 seruire
1238 5143 1360 5214 justitiae,
1376 5151 1404 5198 et
1420 5158 1474 5199 uun
1497 5144 1608 5201 obedire
1621 5145 1765 5204 desideriis

138 5239 317 5297 noainvicem
331 5248 523 5303 sustentemus,
545 5248 574 5294 ει
586 5239 613 5293 iu
634 5241 760 5309 praesenti
782 5241 881 5298 saeculo
891 5241 928 5296 al-
979 5234 1092 5304 pouoati,
1105 5232 1272 5302 olemunde
1283 5231 1388 5286 morsali
1402 5246 1485 5287 carue
1496 5233 1683 5291 existentibus.
1699 5234 1767 5291 lter·

137 5331 500 5388 tarutmmauxiliosimus:
518 5330 563 5386 bie
585 5337 675 5385 ειιιειιι
688 5330 721 5386 de
736 5331 928 5387 bomiuidicat
979 5326 1120 5398 sinautem
1138 5324 1199 5379 rite
1221 5330 1329 5379 aeterne
1350 5337 1411 5378 cum
1432 5322 1540 5378 inimica
1563 5325 1767 5383 notissimede-

138 5418 168 5477 ia
185 5422 385 5479 resurroetioue
391 5420 507 5490 judicio,
525 5421 597 5491 quod
615 5435 668 5475 nou
681 5437 715 5477 ex
740 5422 853 5477 alteriue
864 5437 928 5492 pee-
978 5423 1098 5471 struatur
1124 5429 1209 5481 mors,
1224 5421 1252 5469 et
1274 5412 1463 5470 absorbebitur
1487 5414 1601 5471 mortale
1618 5430 1634 5471 a
1656 5416 1723 5484 rita,
1738 5425 1766 5471 et

137 5513 452 5582 eatoetcomparatioue
463 5511 616 5574 detcrloris,
638 5512 685 5567 sed
703 5509 781 5580 juxta
804 5519 926 5566 nostrum
977 5506 1152 5579 corruptibile
1169 5507 1221 5562 boc
1235 5506 1328 5562 induet
1345 5505 1583 5576 incorruptionem.
1599 5504 1628 5564 lu
1638 5508 1690 5566 uoc
1700 5522 1765 5579 ergo

136 5616 218 5675 opas,
229 5610 441 5674 autpeocatoreo
456 5600 531 5657 abeo
540 5601 702 5672 judicemur,
718 5609 766 5656 aut
779 5599 875 5663 ranei,
885 5614 928 5654 re·
978 5600 1058 5656 tertio
1070 5597 1165 5668 gradu,
1177 5611 1232 5668 quo
1241 5596 1291 5653 sub
1309 5597 1396 5669 gratla
1419 5611 1524 5664 sumus,
1535 5597 1669 5655 seminare
1683 5597 1767 5654 debo-

136 5692 259 5769 olpioute
275 5707 438 5766 unoquoque
449 5693 596 5748 secundum
609 5707 677 5764 opus
694 5708 782 5750 sirum.
806 5691 928 5749 obscure
979 5706 1038 5746 mua
1054 5705 1136 5764 opera
1146 5689 1218 5746 bona
1240 5703 1301 5762 que
1311 5702 1393 5762 supra
1407 5687 1465 5761 jam
1483 5689 1641 5773 dictasunt,
1657 5688 1764 5745 Aliter:

359 5804 497 5868 Parnon.
519 5803 598 5869 Clll.
851 5864 859 5873 ,
1511 5802 1558 5864 pp
