<?xml version="1.0" encoding="UTF-8"?>
<!DOCTYPE html PUBLIC "-//W3C//DTD XHTML 1.0 Transitional//EN"
    "http://www.w3.org/TR/xhtml1/DTD/xhtml1-transitional.dtd">
<html xmlns="http://www.w3.org/1999/xhtml" xml:lang="en" lang="en">
 <head>
  <title>
</title>
<meta http-equiv="Content-Type" content="text/html;charset=utf-8" />
  <meta name='ocr-system' content='tesseract 3.04.00' />
  <meta name='ocr-capabilities' content='ocr_page ocr_carea ocr_par ocr_line ocrx_word'/>
</head>
<body>
  <div class='ocr_page' id='page_1' title='image "./patrologiaecurs103migngoog/patrologiaecurs103migngoog_0116.png"; bbox 0 0 3832 6120; ppageno 0'>
   <div class='ocr_carea' id='block_1_1' title="bbox 128 301 180 362">
    <p class='ocr_par' dir='ltr' id='par_1_1' title="bbox 128 301 180 362">
     <span class='ocr_line' id='line_1_1' title="bbox 128 301 180 362; baseline -0.019 0"><span class='ocrx_word' id='word_1_1' title='bbox 128 301 180 362; x_wconf 55' lang='lat' dir='ltr'>‘til</span> 
     </span>
    </p>
   </div>
   <div class='ocr_carea' id='block_1_2' title="bbox 632 297 1256 364">
    <p class='ocr_par' dir='ltr' id='par_1_2' title="bbox 632 297 1256 364">
     <span class='ocr_line' id='line_1_2' title="bbox 632 297 1256 364; baseline 0.014 -9"><span class='ocrx_word' id='word_1_2' title='bbox 632 297 733 356; x_wconf 78' lang='lat' dir='ltr'>noun</span> <span class='ocrx_word' id='word_1_3' title='bbox 754 300 799 356; x_wconf 87' lang='lat' dir='ltr'>DE</span> <span class='ocrx_word' id='word_1_4' title='bbox 818 299 1019 359; x_wconf 78' lang='lat' dir='ltr'>tinettunus</span> <span class='ocrx_word' id='word_1_5' title='bbox 1037 300 1256 364; x_wconf 75' lang='lat' dir='ltr'>SANCTORUll</span> 
     </span>
    </p>
   </div>
   <div class='ocr_carea' id='block_1_3' title="bbox 1718 302 1774 360">
    <p class='ocr_par' dir='ltr' id='par_1_3' title="bbox 1718 302 1774 360">
     <span class='ocr_line' id='line_1_3' title="bbox 1718 302 1774 360; baseline 0.036 -2"><span class='ocrx_word' id='word_1_6' title='bbox 1718 302 1774 360; x_wconf 74' lang='lat' dir='ltr'>tet</span> 
     </span>
    </p>
   </div>
   <div class='ocr_carea' id='block_1_4' title="bbox 129 411 1775 486">
    <p class='ocr_par' dir='ltr' id='par_1_4' title="bbox 129 411 1775 486">
     <span class='ocr_line' id='line_1_4' title="bbox 129 411 1775 486; baseline -0.005 -6"><span class='ocrx_word' id='word_1_7' title='bbox 129 424 186 480; x_wconf 85' lang='lat' dir='ltr'>tius</span> <span class='ocrx_word' id='word_1_8' title='bbox 205 417 316 481; x_wconf 83' lang='lat' dir='ltr'>iaciant,</span> <span class='ocrx_word' id='word_1_9' title='bbox 339 430 420 486; x_wconf 90' lang='lat' dir='ltr'>quam</span> <span class='ocrx_word' id='word_1_10' title='bbox 438 413 472 468; x_wconf 88' lang='lat' dir='ltr'>al</span> <span class='ocrx_word' id='word_1_11' title='bbox 490 412 622 468; x_wconf 77' lang='lat' dir='ltr'>dauruonia</span> <span class='ocrx_word' id='word_1_12' title='bbox 636 412 799 468; x_wconf 80' lang='lat' dir='ltr'>consulenda</span> <span class='ocrx_word' id='word_1_13' title='bbox 812 426 925 465; x_wconf 88' lang='lat' dir='ltr'>rorrcrrr-</span> <span class='ocrx_word' id='word_1_14' title='bbox 939 413 1053 482; x_wconf 65' lang='lat' dir='ltr'>Aluum</span> <span class='ocrx_word' id='word_1_15' title='bbox 1074 411 1151 480; x_wconf 89' lang='lat' dir='ltr'>signa</span> <span class='ocrx_word' id='word_1_16' title='bbox 1168 411 1323 478; x_wconf 73' lang='lat' dir='ltr'>manifesta,</span> <span class='ocrx_word' id='word_1_17' title='bbox 1347 422 1376 468; x_wconf 86' lang='lat' dir='ltr'>et</span> <span class='ocrx_word' id='word_1_18' title='bbox 1389 427 1475 470; x_wconf 89' lang='lat' dir='ltr'>annos</span> <span class='ocrx_word' id='word_1_19' title='bbox 1489 412 1529 468; x_wconf 88' lang='lat' dir='ltr'>sol</span> <span class='ocrx_word' id='word_1_20' title='bbox 1543 412 1726 483; x_wconf 74' lang='lat' dir='ltr'>concluderet,</span> <span class='ocrx_word' id='word_1_21' title='bbox 1745 423 1775 473; x_wconf 89' lang='lat' dir='ltr'>et</span> 
     </span>
    </p>
   </div>
   <div class='ocr_carea' id='block_1_5' title="bbox 128 501 926 1390">
    <p class='ocr_par' dir='ltr' id='par_1_5' title="bbox 128 501 926 1390">
     <span class='ocr_line' id='line_1_5' title="bbox 130 501 924 574; baseline -0.021 -4"><span class='ocrx_word' id='word_1_22' title='bbox 130 521 210 573; x_wconf 86' lang='lat' dir='ltr'>rant,</span> <span class='ocrx_word' id='word_1_23' title='bbox 235 519 327 564; x_wconf 90' lang='lat' dir='ltr'>tamen</span> <span class='ocrx_word' id='word_1_24' title='bbox 348 507 431 561; x_wconf 85' lang='lat' dir='ltr'>etiam</span> <span class='ocrx_word' id='word_1_25' title='bbox 445 505 495 559; x_wconf 93' lang='lat' dir='ltr'>ista</span> <span class='ocrx_word' id='word_1_26' title='bbox 518 503 585 558; x_wconf 90' lang='lat' dir='ltr'>mihi</span> <span class='ocrx_word' id='word_1_27' title='bbox 602 503 726 574; x_wconf 92' lang='lat' dir='ltr'>displicet</span> <span class='ocrx_word' id='word_1_28' title='bbox 748 501 924 565; x_wconf 89' lang='lat' dir='ltr'>cousuetudo,</span> 
     </span>
     <span class='ocr_line' id='line_1_6' title="bbox 131 592 925 671; baseline -0.019 -13"><span class='ocrx_word' id='word_1_29' title='bbox 131 604 166 658; x_wconf 93' lang='lat' dir='ltr'>ad</span> <span class='ocrx_word' id='word_1_30' title='bbox 190 599 298 671; x_wconf 87' lang='lat' dir='ltr'>negotia</span> <span class='ocrx_word' id='word_1_31' title='bbox 320 594 461 651; x_wconf 76' lang='lat' dir='ltr'>scccuiaria</span> <span class='ocrx_word' id='word_1_32' title='bbox 486 592 568 649; x_wconf 91' lang='lat' dir='ltr'>etad</span> <span class='ocrx_word' id='word_1_33' title='bbox 591 593 653 648; x_wconf 80' lang='lat' dir='ltr'>rite</span> <span class='ocrx_word' id='word_1_34' title='bbox 674 592 755 661; x_wconf 86' lang='lat' dir='ltr'>hujus</span> <span class='ocrx_word' id='word_1_35' title='bbox 778 592 925 645; x_wconf 84' lang='lat' dir='ltr'>uanitatem</span> 
     </span>
     <span class='ocr_line' id='line_1_7' title="bbox 129 682 926 766; baseline -0.016 -16"><span class='ocrx_word' id='word_1_36' title='bbox 129 701 243 766; x_wconf 86' lang='lat' dir='ltr'>propter</span> <span class='ocrx_word' id='word_1_37' title='bbox 257 691 339 745; x_wconf 90' lang='lat' dir='ltr'>aliam</span> <span class='ocrx_word' id='word_1_38' title='bbox 362 689 444 743; x_wconf 84' lang='lat' dir='ltr'>uitam</span> <span class='ocrx_word' id='word_1_39' title='bbox 460 686 597 757; x_wconf 75' lang='lat' dir='ltr'>loquentia</span> <span class='ocrx_word' id='word_1_40' title='bbox 621 684 729 740; x_wconf 89' lang='lat' dir='ltr'>oracula</span> <span class='ocrx_word' id='word_1_41' title='bbox 753 684 843 738; x_wconf 86' lang='lat' dir='ltr'>diuina</span> <span class='ocrx_word' id='word_1_42' title='bbox 856 682 926 738; x_wconf 89' lang='lat' dir='ltr'>vello</span> 
     </span>
     <span class='ocr_line' id='line_1_8' title="bbox 130 771 926 844; baseline -0.023 -3"><span class='ocrx_word' id='word_1_43' title='bbox 130 790 332 842; x_wconf 84' lang='lat' dir='ltr'>conuertere.»</span> <span class='ocrx_word' id='word_1_44' title='bbox 363 776 410 832; x_wconf 89' lang='lat' dir='ltr'>Sic</span> <span class='ocrx_word' id='word_1_45' title='bbox 427 775 566 831; x_wconf 80' lang='lat' dir='ltr'><strong>consimile</strong></span> <span class='ocrx_word' id='word_1_46' title='bbox 588 775 652 844; x_wconf 89' lang='lat' dir='ltr'>quid</span> <span class='ocrx_word' id='word_1_47' title='bbox 675 775 769 829; x_wconf 90' lang='lat' dir='ltr'>beatus</span> <span class='ocrx_word' id='word_1_48' title='bbox 793 771 926 843; x_wconf 81' lang='lat' dir='ltr'>Hierony-</span> 
     </span>
     <span class='ocr_line' id='line_1_9' title="bbox 130 863 925 941; baseline -0.018 -12"><span class='ocrx_word' id='word_1_49' title='bbox 130 890 192 930; x_wconf 86' lang='lat' dir='ltr'>mus</span> <span class='ocrx_word' id='word_1_50' title='bbox 206 870 336 941; x_wconf 87' lang='lat' dir='ltr'>loquitur,</span> <span class='ocrx_word' id='word_1_51' title='bbox 352 882 414 922; x_wconf 91' lang='lat' dir='ltr'>cum</span> <span class='ocrx_word' id='word_1_52' title='bbox 426 865 507 920; x_wconf 87' lang='lat' dir='ltr'>rerba</span> <span class='ocrx_word' id='word_1_53' title='bbox 526 864 630 919; x_wconf 84' lang='lat' dir='ltr'>Domini</span> <span class='ocrx_word' id='word_1_54' title='bbox 650 863 695 918; x_wconf 91' lang='lat' dir='ltr'>illa</span> <span class='ocrx_word' id='word_1_55' title='bbox 710 871 850 926; x_wconf 72' lang='lat' dir='ltr'>tractaret,</span> <span class='ocrx_word' id='word_1_56' title='bbox 865 877 925 931; x_wconf 88' lang='lat' dir='ltr'>quau</span> 
     </span>
     <span class='ocr_line' id='line_1_10' title="bbox 130 952 925 1023; baseline -0.02 -3"><span class='ocrx_word' id='word_1_57' title='bbox 130 965 170 1019; x_wconf 90' lang='lat' dir='ltr'>ita</span> <span class='ocrx_word' id='word_1_58' title='bbox 193 979 221 1018; x_wconf 88' lang='lat' dir='ltr'>sc</span> <span class='ocrx_word' id='word_1_59' title='bbox 236 961 356 1016; x_wconf 88' lang='lat' dir='ltr'>habent:</span> <span class='ocrx_word' id='word_1_60' title='bbox 382 955 529 1010; x_wconf 79' lang='lat' dir='ltr'>‹Dilatant</span> <span class='ocrx_word' id='word_1_61' title='bbox 542 955 615 1009; x_wconf 90' lang='lat' dir='ltr'>enim</span> <span class='ocrx_word' id='word_1_62' title='bbox 630 952 797 1023; x_wconf 77' lang='lat' dir='ltr'>phylacteria</span> <span class='ocrx_word' id='word_1_63' title='bbox 817 967 877 1014; x_wconf 88' lang='lat' dir='ltr'>sua,</span> <span class='ocrx_word' id='word_1_64' title='bbox 898 957 925 1005; x_wconf 92' lang='lat' dir='ltr'>ot</span> 
     </span>
     <span class='ocr_line' id='line_1_11' title="bbox 129 1035 925 1126; baseline -0.019 -16"><span class='ocrx_word' id='word_1_65' title='bbox 129 1035 310 1126; x_wconf 78' lang='lat' dir='ltr'>magnificant</span> <span class='ocrx_word' id='word_1_66' title='bbox 324 1048 455 1102; x_wconf 79' lang='lat' dir='ltr'>Artabrias.</span> <span class='ocrx_word' id='word_1_67' title='bbox 479 1044 632 1110; x_wconf 86' lang='lat' dir='ltr'>Pittaciola,</span> <span class='ocrx_word' id='word_1_68' title='bbox 658 1044 755 1113; x_wconf 87' lang='lat' dir='ltr'>inquit,</span> <span class='ocrx_word' id='word_1_69' title='bbox 779 1042 823 1097; x_wconf 90' lang='lat' dir='ltr'>illa</span> <span class='ocrx_word' id='word_1_70' title='bbox 846 1042 925 1098; x_wconf 90' lang='lat' dir='ltr'>deca·</span> 
     </span>
     <span class='ocr_line' id='line_1_12' title="bbox 129 1131 926 1216; baseline -0.02 -15"><span class='ocrx_word' id='word_1_71' title='bbox 129 1145 184 1216; x_wconf 94' lang='lat' dir='ltr'>logi</span> <span class='ocrx_word' id='word_1_72' title='bbox 197 1140 364 1215; x_wconf 80' lang='lat' dir='ltr'>phylacteria</span> <span class='ocrx_word' id='word_1_73' title='bbox 380 1137 533 1192; x_wconf 85' lang='lat' dir='ltr'>uocabant:</span> <span class='ocrx_word' id='word_1_74' title='bbox 558 1134 630 1205; x_wconf 92' lang='lat' dir='ltr'>quod</span> <span class='ocrx_word' id='word_1_75' title='bbox 644 1135 797 1204; x_wconf 84' lang='lat' dir='ltr'>quicunque</span> <span class='ocrx_word' id='word_1_76' title='bbox 814 1131 926 1187; x_wconf 90' lang='lat' dir='ltr'>babuis-</span> 
     </span>
     <span class='ocr_line' id='line_1_13' title="bbox 130 1223 925 1301; baseline -0.02 -8"><span class='ocrx_word' id='word_1_77' title='bbox 130 1244 175 1293; x_wconf 89' lang='lat' dir='ltr'>set</span> <span class='ocrx_word' id='word_1_78' title='bbox 194 1250 236 1300; x_wconf 91' lang='lat' dir='ltr'>ea,</span> <span class='ocrx_word' id='word_1_79' title='bbox 259 1232 337 1301; x_wconf 85' lang='lat' dir='ltr'>quasi</span> <span class='ocrx_word' id='word_1_80' title='bbox 352 1230 386 1285; x_wconf 93' lang='lat' dir='ltr'>ob</span> <span class='ocrx_word' id='word_1_81' title='bbox 400 1225 550 1284; x_wconf 81' lang='lat' dir='ltr'>custodiam</span> <span class='ocrx_word' id='word_1_82' title='bbox 564 1237 592 1281; x_wconf 90' lang='lat' dir='ltr'>et</span> <span class='ocrx_word' id='word_1_83' title='bbox 612 1227 808 1280; x_wconf 77' lang='lat' dir='ltr'>munimentum</span> <span class='ocrx_word' id='word_1_84' title='bbox 822 1223 863 1278; x_wconf 91' lang='lat' dir='ltr'>sui</span> <span class='ocrx_word' id='word_1_85' title='bbox 876 1223 925 1278; x_wconf 92' lang='lat' dir='ltr'>ha·</span> 
     </span>
     <span class='ocr_line' id='line_1_14' title="bbox 128 1313 924 1390; baseline -0.019 -8"><span class='ocrx_word' id='word_1_86' title='bbox 128 1327 226 1390; x_wconf 89' lang='lat' dir='ltr'>beret;</span> <span class='ocrx_word' id='word_1_87' title='bbox 249 1338 305 1377; x_wconf 89' lang='lat' dir='ltr'>non</span> <span class='ocrx_word' id='word_1_88' title='bbox 328 1317 541 1389; x_wconf 79' lang='lat' dir='ltr'>intelligentibus</span> <span class='ocrx_word' id='word_1_89' title='bbox 565 1315 708 1371; x_wconf 81' lang='lat' dir='ltr'>Pharisaeis</span> <span class='ocrx_word' id='word_1_90' title='bbox 723 1314 795 1384; x_wconf 90' lang='lat' dir='ltr'>quod</span> <span class='ocrx_word' id='word_1_91' title='bbox 817 1315 874 1368; x_wconf 89' lang='lat' dir='ltr'>haec</span> <span class='ocrx_word' id='word_1_92' title='bbox 895 1313 924 1368; x_wconf 89' lang='lat' dir='ltr'>in</span> 
     </span>
    </p>
   </div>
   <div class='ocr_carea' id='block_1_6' title="bbox 974 501 1773 1205">
    <p class='ocr_par' dir='ltr' id='par_1_6' title="bbox 974 501 1773 1205">
     <span class='ocr_line' id='line_1_15' title="bbox 978 501 1772 578; baseline 0.014 -27"><span class='ocrx_word' id='word_1_93' title='bbox 978 514 1085 555; x_wconf 82' lang='lat' dir='ltr'>menses</span> <span class='ocrx_word' id='word_1_94' title='bbox 1099 501 1161 554; x_wconf 88' lang='lat' dir='ltr'>luna</span> <span class='ocrx_word' id='word_1_95' title='bbox 1175 511 1327 557; x_wconf 84' lang='lat' dir='ltr'>renouaret.</span> <span class='ocrx_word' id='word_1_96' title='bbox 1346 503 1448 571; x_wconf 84' lang='lat' dir='ltr'>Quarto</span> <span class='ocrx_word' id='word_1_97' title='bbox 1464 518 1591 574; x_wconf 89' lang='lat' dir='ltr'>namque,</span> <span class='ocrx_word' id='word_1_98' title='bbox 1605 513 1636 561; x_wconf 89' lang='lat' dir='ltr'>ut</span> <span class='ocrx_word' id='word_1_99' title='bbox 1647 505 1772 578; x_wconf 83' lang='lat' dir='ltr'>legimus,</span> 
     </span>
     <span class='ocr_line' id='line_1_16' title="bbox 976 591 1771 665; baseline 0.009 -19"><span class='ocrx_word' id='word_1_100' title='bbox 976 592 1019 646; x_wconf 91' lang='lat' dir='ltr'>die</span> <span class='ocrx_word' id='word_1_101' title='bbox 1033 592 1102 647; x_wconf 79' lang='lat' dir='ltr'>dixit</span> <span class='ocrx_word' id='word_1_102' title='bbox 1115 592 1205 647; x_wconf 82' lang='lat' dir='ltr'>Deris:</span> <span class='ocrx_word' id='word_1_103' title='bbox 1224 591 1247 645; x_wconf 83' lang='lat' dir='ltr'><em>F</em></span> <span class='ocrx_word' id='word_1_104' title='bbox 1250 596 1304 647; x_wconf 90' lang='lat' dir='ltr'>innt</span> <span class='ocrx_word' id='word_1_105' title='bbox 1317 593 1462 649; x_wconf 83' lang='lat' dir='ltr'>lurrtinnrio</span> <span class='ocrx_word' id='word_1_106' title='bbox 1482 595 1511 651; x_wconf 89' lang='lat' dir='ltr'>in</span> <span class='ocrx_word' id='word_1_107' title='bbox 1525 596 1690 665; x_wconf 73' lang='lat' dir='ltr'>finnnmcnto</span> <span class='ocrx_word' id='word_1_108' title='bbox 1703 595 1771 664; x_wconf 80' lang='lat' dir='ltr'>coelt,</span> 
     </span>
     <span class='ocr_line' id='line_1_17' title="bbox 976 680 1772 752; baseline 0.01 -17"><span class='ocrx_word' id='word_1_109' title='bbox 976 691 1000 735; x_wconf 91' lang='lat' dir='ltr'>et</span> <span class='ocrx_word' id='word_1_110' title='bbox 1014 680 1117 735; x_wconf 84' lang='lat' dir='ltr'>lrtccnut</span> <span class='ocrx_word' id='word_1_111' title='bbox 1133 699 1211 752; x_wconf 84' lang='lat' dir='ltr'>super</span> <span class='ocrx_word' id='word_1_112' title='bbox 1223 691 1332 748; x_wconf 85' lang='lat' dir='ltr'>terrum,</span> <span class='ocrx_word' id='word_1_113' title='bbox 1349 694 1374 738; x_wconf 88' lang='lat' dir='ltr'>et</span> <span class='ocrx_word' id='word_1_114' title='bbox 1387 685 1506 738; x_wconf 80' lang='lat' dir='ltr'>dividant</span> <span class='ocrx_word' id='word_1_115' title='bbox 1520 695 1588 739; x_wconf 78' lang='lat' dir='ltr'>anter</span> <span class='ocrx_word' id='word_1_116' title='bbox 1601 686 1672 741; x_wconf 84' lang='lat' dir='ltr'>diem</span> <span class='ocrx_word' id='word_1_117' title='bbox 1685 696 1709 742; x_wconf 86' lang='lat' dir='ltr'>et</span> <span class='ocrx_word' id='word_1_118' title='bbox 1720 704 1772 743; x_wconf 85' lang='lat' dir='ltr'>no·</span> 
     </span>
     <span class='ocr_line' id='line_1_18' title="bbox 976 772 1770 842; baseline 0.011 -19"><span class='ocrx_word' id='word_1_119' title='bbox 976 780 1050 835; x_wconf 80' lang='lat' dir='ltr'>cient,</span> <span class='ocrx_word' id='word_1_120' title='bbox 1075 780 1098 824; x_wconf 91' lang='lat' dir='ltr'>et</span> <span class='ocrx_word' id='word_1_121' title='bbox 1113 772 1164 825; x_wconf 83' lang='lat' dir='ltr'>sint</span> <span class='ocrx_word' id='word_1_122' title='bbox 1181 772 1208 824; x_wconf 89' lang='lat' dir='ltr'>in</span> <span class='ocrx_word' id='word_1_123' title='bbox 1221 772 1296 841; x_wconf 84' lang='lat' dir='ltr'>sique</span> <span class='ocrx_word' id='word_1_124' title='bbox 1311 782 1334 826; x_wconf 89' lang='lat' dir='ltr'>et</span> <span class='ocrx_word' id='word_1_125' title='bbox 1349 781 1476 842; x_wconf 82' lang='lat' dir='ltr'>tempore,</span> <span class='ocrx_word' id='word_1_126' title='bbox 1490 784 1514 828; x_wconf 89' lang='lat' dir='ltr'>ct</span> <span class='ocrx_word' id='word_1_127' title='bbox 1529 775 1557 829; x_wconf 91' lang='lat' dir='ltr'>in</span> <span class='ocrx_word' id='word_1_128' title='bbox 1569 775 1624 830; x_wconf 84' lang='lat' dir='ltr'>dics</span> <span class='ocrx_word' id='word_1_129' title='bbox 1638 786 1663 831; x_wconf 89' lang='lat' dir='ltr'>ct</span> <span class='ocrx_word' id='word_1_130' title='bbox 1677 777 1705 830; x_wconf 82' lang='lat' dir='ltr'>ln</span> <span class='ocrx_word' id='word_1_131' title='bbox 1719 793 1770 832; x_wconf 85' lang='lat' dir='ltr'>att-</span> 
     </span>
     <span class='ocr_line' id='line_1_19' title="bbox 976 863 1772 940; baseline 0.011 -25"><span class='ocrx_word' id='word_1_132' title='bbox 976 877 1031 925; x_wconf 87' lang='lat' dir='ltr'>noa,</span> <span class='ocrx_word' id='word_1_133' title='bbox 1045 873 1069 916; x_wconf 89' lang='lat' dir='ltr'>et</span> <span class='ocrx_word' id='word_1_134' title='bbox 1083 864 1134 916; x_wconf 83' lang='lat' dir='ltr'>sint</span> <span class='ocrx_word' id='word_1_135' title='bbox 1152 864 1180 916; x_wconf 86' lang='lat' dir='ltr'>in</span> <span class='ocrx_word' id='word_1_136' title='bbox 1196 863 1362 932; x_wconf 78' lang='lat' dir='ltr'>firrnnmentn</span> <span class='ocrx_word' id='word_1_137' title='bbox 1383 865 1450 931; x_wconf 72' lang='lat' dir='ltr'>caeli,</span> <span class='ocrx_word' id='word_1_138' title='bbox 1465 875 1489 920; x_wconf 91' lang='lat' dir='ltr'>et</span> <span class='ocrx_word' id='word_1_139' title='bbox 1510 865 1613 922; x_wconf 87' lang='lat' dir='ltr'>luceant</span> <span class='ocrx_word' id='word_1_140' title='bbox 1631 885 1709 940; x_wconf 84' lang='lat' dir='ltr'>snper</span> <span class='ocrx_word' id='word_1_141' title='bbox 1722 878 1772 924; x_wconf 88' lang='lat' dir='ltr'>tet·-</span> 
     </span>
     <span class='ocr_line' id='line_1_20' title="bbox 975 953 1773 1030; baseline 0.015 -27"><span class='ocrx_word' id='word_1_142' title='bbox 975 966 1043 1005; x_wconf 87' lang='lat' dir='ltr'>ram.</span> <span class='ocrx_word' id='word_1_143' title='bbox 1062 953 1268 1024; x_wconf 81' lang='lat' dir='ltr'>Expergisecre,</span> <span class='ocrx_word' id='word_1_144' title='bbox 1283 956 1402 1021; x_wconf 86' lang='lat' dir='ltr'>oiromo,</span> <span class='ocrx_word' id='word_1_145' title='bbox 1417 963 1445 1010; x_wconf 91' lang='lat' dir='ltr'>ct</span> <span class='ocrx_word' id='word_1_146' title='bbox 1455 954 1614 1027; x_wconf 87' lang='lat' dir='ltr'>dignitatem</span> <span class='ocrx_word' id='word_1_147' title='bbox 1629 967 1680 1014; x_wconf 80' lang='lat' dir='ltr'>tuae</span> <span class='ocrx_word' id='word_1_148' title='bbox 1692 975 1773 1030; x_wconf 80' lang='lat' dir='ltr'>agno</span> 
     </span>
     <span class='ocr_line' id='line_1_21' title="bbox 975 1044 1771 1119; baseline 0.016 -25"><span class='ocrx_word' id='word_1_149' title='bbox 975 1055 1021 1095; x_wconf 90' lang='lat' dir='ltr'>sce</span> <span class='ocrx_word' id='word_1_150' title='bbox 1033 1050 1146 1096; x_wconf 74' lang='lat' dir='ltr'>natura.</span> <span class='ocrx_word' id='word_1_151' title='bbox 1172 1044 1326 1099; x_wconf 76' lang='lat' dir='ltr'>Recordare</span> <span class='ocrx_word' id='word_1_152' title='bbox 1342 1055 1368 1100; x_wconf 92' lang='lat' dir='ltr'>te</span> <span class='ocrx_word' id='word_1_153' title='bbox 1382 1046 1481 1101; x_wconf 85' lang='lat' dir='ltr'>iactum</span> <span class='ocrx_word' id='word_1_154' title='bbox 1496 1049 1530 1103; x_wconf 89' lang='lat' dir='ltr'>ad</span> <span class='ocrx_word' id='word_1_155' title='bbox 1543 1048 1688 1119; x_wconf 73' lang='lat' dir='ltr'>imaginem</span> <span class='ocrx_word' id='word_1_156' title='bbox 1702 1049 1750 1106; x_wconf 83' lang='lat' dir='ltr'>liei</span> <span class='ocrx_word' id='word_1_157' title='bbox 1768 1067 1771 1072; x_wconf 83' lang='lat'><strong>·</strong></span> 
     </span>
     <span class='ocr_line' id='line_1_22' title="bbox 974 1131 1769 1205; baseline 0.015 -20"><span class='ocrx_word' id='word_1_158' title='bbox 974 1146 1035 1201; x_wconf 78' lang='lat' dir='ltr'>quae</span> <span class='ocrx_word' id='word_1_159' title='bbox 1048 1131 1098 1186; x_wconf 91' lang='lat' dir='ltr'>etsi</span> <span class='ocrx_word' id='word_1_160' title='bbox 1115 1132 1142 1186; x_wconf 92' lang='lat' dir='ltr'>in</span> <span class='ocrx_word' id='word_1_161' title='bbox 1156 1132 1240 1187; x_wconf 88' lang='lat' dir='ltr'>Adam</span> <span class='ocrx_word' id='word_1_162' title='bbox 1253 1144 1391 1205; x_wconf 87' lang='lat' dir='ltr'>corrupta,</span> <span class='ocrx_word' id='word_1_163' title='bbox 1406 1135 1432 1190; x_wconf 93' lang='lat' dir='ltr'>in</span> <span class='ocrx_word' id='word_1_164' title='bbox 1447 1134 1556 1194; x_wconf 83' lang='lat' dir='ltr'>Christo</span> <span class='ocrx_word' id='word_1_165' title='bbox 1572 1145 1661 1193; x_wconf 89' lang='lat' dir='ltr'>tamen</span> <span class='ocrx_word' id='word_1_166' title='bbox 1676 1147 1769 1197; x_wconf 82' lang='lat' dir='ltr'>estre</span> 
     </span>
    </p>
   </div>
   <div class='ocr_carea' id='block_1_7' title="bbox 974 1221 1771 1384">
    <p class='ocr_par' dir='ltr' id='par_1_7' title="bbox 974 1221 1771 1384">
     <span class='ocr_line' id='line_1_23' title="bbox 974 1221 1771 1294; baseline 0.016 -18"><span class='ocrx_word' id='word_1_167' title='bbox 974 1221 1102 1278; x_wconf 81' lang='lat' dir='ltr'>iorrrrata.</span> <span class='ocrx_word' id='word_1_168' title='bbox 1133 1224 1214 1280; x_wconf 86' lang='lat' dir='ltr'>Utere</span> <span class='ocrx_word' id='word_1_169' title='bbox 1237 1228 1371 1294; x_wconf 90' lang='lat' dir='ltr'>quomodo</span> <span class='ocrx_word' id='word_1_170' title='bbox 1397 1229 1526 1283; x_wconf 92' lang='lat' dir='ltr'>utendum</span> <span class='ocrx_word' id='word_1_171' title='bbox 1551 1238 1593 1284; x_wconf 89' lang='lat' dir='ltr'>est</span> <span class='ocrx_word' id='word_1_172' title='bbox 1619 1231 1771 1289; x_wconf 76' lang='lat' dir='ltr'>visibilibus</span> 
     </span>
     <span class='ocr_line' id='line_1_24' title="bbox 974 1313 1771 1384; baseline 0.01 -17"><span class='ocrx_word' id='word_1_173' title='bbox 974 1313 1126 1377; x_wconf 85' lang='lat' dir='ltr'>creaturis,</span> <span class='ocrx_word' id='word_1_174' title='bbox 1142 1314 1210 1367; x_wconf 91' lang='lat' dir='ltr'>sicut</span> <span class='ocrx_word' id='word_1_175' title='bbox 1224 1316 1311 1369; x_wconf 88' lang='lat' dir='ltr'>uteris</span> <span class='ocrx_word' id='word_1_176' title='bbox 1325 1324 1409 1381; x_wconf 90' lang='lat' dir='ltr'>terra,</span> <span class='ocrx_word' id='word_1_177' title='bbox 1422 1317 1502 1382; x_wconf 90' lang='lat' dir='ltr'>mari,</span> <span class='ocrx_word' id='word_1_178' title='bbox 1521 1318 1601 1383; x_wconf 86' lang='lat' dir='ltr'>eaelo,</span> <span class='ocrx_word' id='word_1_179' title='bbox 1621 1334 1696 1384; x_wconf 89' lang='lat' dir='ltr'>aere,</span> <span class='ocrx_word' id='word_1_180' title='bbox 1712 1319 1771 1376; x_wconf 81' lang='lat' dir='ltr'>Aru·</span> 
     </span>
    </p>
   </div>
   <div class='ocr_carea' id='block_1_8' title="bbox 130 1399 1772 1484">
    <p class='ocr_par' dir='ltr' id='par_1_8' title="bbox 130 1399 1772 1484">
     <span class='ocr_line' id='line_1_25' title="bbox 130 1399 1772 1484; baseline -0.009 -12"><span class='ocrx_word' id='word_1_181' title='bbox 130 1417 212 1471; x_wconf 88' lang='lat' dir='ltr'>corde</span> <span class='ocrx_word' id='word_1_182' title='bbox 224 1411 355 1484; x_wconf 90' lang='lat' dir='ltr'>portanda</span> <span class='ocrx_word' id='word_1_183' title='bbox 370 1410 434 1472; x_wconf 88' lang='lat' dir='ltr'>sint,</span> <span class='ocrx_word' id='word_1_184' title='bbox 448 1423 502 1464; x_wconf 92' lang='lat' dir='ltr'>non</span> <span class='ocrx_word' id='word_1_185' title='bbox 517 1407 544 1462; x_wconf 93' lang='lat' dir='ltr'>in</span> <span class='ocrx_word' id='word_1_186' title='bbox 559 1422 673 1476; x_wconf 90' lang='lat' dir='ltr'>corpore</span> <span class='ocrx_word' id='word_1_187' title='bbox 686 1421 693 1460; x_wconf 79' lang='lat' dir='ltr'>t</span> <span class='ocrx_word' id='word_1_188' title='bbox 708 1405 827 1475; x_wconf 90' lang='lat' dir='ltr'>alioquin</span> <span class='ocrx_word' id='word_1_189' title='bbox 843 1413 871 1461; x_wconf 91' lang='lat' dir='ltr'>et</span> <span class='ocrx_word' id='word_1_190' title='bbox 884 1420 925 1459; x_wconf 92' lang='lat' dir='ltr'>ar·</span> <span class='ocrx_word' id='word_1_191' title='bbox 975 1399 1057 1465; x_wconf 80' lang='lat' dir='ltr'>tibus,</span> <span class='ocrx_word' id='word_1_192' title='bbox 1073 1407 1157 1469; x_wconf 73' lang='lat' dir='ltr'>aisque</span> <span class='ocrx_word' id='word_1_193' title='bbox 1167 1399 1323 1457; x_wconf 83' lang='lat' dir='ltr'>numinibus</span> <span class='ocrx_word' id='word_1_194' title='bbox 1335 1418 1342 1462; x_wconf 75' lang='lat' dir='ltr'><strong><em>z</em></strong></span> <span class='ocrx_word' id='word_1_195' title='bbox 1356 1409 1384 1457; x_wconf 82' lang='lat' dir='ltr'>et</span> <span class='ocrx_word' id='word_1_196' title='bbox 1392 1403 1521 1474; x_wconf 84' lang='lat' dir='ltr'>quidquid</span> <span class='ocrx_word' id='word_1_197' title='bbox 1534 1405 1562 1459; x_wconf 92' lang='lat' dir='ltr'>in</span> <span class='ocrx_word' id='word_1_198' title='bbox 1576 1406 1616 1461; x_wconf 89' lang='lat' dir='ltr'>eis</span> <span class='ocrx_word' id='word_1_199' title='bbox 1627 1407 1772 1476; x_wconf 82' lang='lat' dir='ltr'>pulchrum</span> 
     </span>
    </p>
   </div>
   <div class='ocr_carea' id='block_1_9' title="bbox 128 1490 1773 1754">
    <p class='ocr_par' dir='ltr' id='par_1_9' title="bbox 128 1490 1773 1754">
     <span class='ocr_line' id='line_1_26' title="bbox 129 1490 1772 1567; baseline -0.009 -5"><span class='ocrx_word' id='word_1_200' title='bbox 129 1506 218 1562; x_wconf 88' lang='lat' dir='ltr'>maria</span> <span class='ocrx_word' id='word_1_201' title='bbox 231 1512 260 1559; x_wconf 93' lang='lat' dir='ltr'>et</span> <span class='ocrx_word' id='word_1_202' title='bbox 271 1517 340 1557; x_wconf 73' lang='lat' dir='ltr'>areae</span> <span class='ocrx_word' id='word_1_203' title='bbox 354 1500 454 1555; x_wconf 90' lang='lat' dir='ltr'>habent</span> <span class='ocrx_word' id='word_1_204' title='bbox 466 1498 560 1564; x_wconf 91' lang='lat' dir='ltr'>libros,</span> <span class='ocrx_word' id='word_1_205' title='bbox 574 1504 602 1552; x_wconf 92' lang='lat' dir='ltr'>et</span> <span class='ocrx_word' id='word_1_206' title='bbox 615 1496 663 1551; x_wconf 86' lang='lat' dir='ltr'>Dei</span> <span class='ocrx_word' id='word_1_207' title='bbox 676 1496 801 1551; x_wconf 88' lang='lat' dir='ltr'>notitiam</span> <span class='ocrx_word' id='word_1_208' title='bbox 812 1511 866 1551; x_wconf 91' lang='lat' dir='ltr'>non</span> <span class='ocrx_word' id='word_1_209' title='bbox 880 1495 926 1550; x_wconf 93' lang='lat' dir='ltr'>ha-</span> <span class='ocrx_word' id='word_1_210' title='bbox 974 1499 1054 1561; x_wconf 89' lang='lat' dir='ltr'>atque</span> <span class='ocrx_word' id='word_1_211' title='bbox 1068 1491 1193 1547; x_wconf 90' lang='lat' dir='ltr'>mirabile</span> <span class='ocrx_word' id='word_1_212' title='bbox 1205 1500 1259 1559; x_wconf 90' lang='lat' dir='ltr'>est,</span> <span class='ocrx_word' id='word_1_213' title='bbox 1280 1490 1352 1547; x_wconf 86' lang='lat' dir='ltr'>reler</span> <span class='ocrx_word' id='word_1_214' title='bbox 1364 1493 1399 1548; x_wconf 87' lang='lat' dir='ltr'>ad</span> <span class='ocrx_word' id='word_1_215' title='bbox 1414 1493 1520 1550; x_wconf 89' lang='lat' dir='ltr'>laudem</span> <span class='ocrx_word' id='word_1_216' title='bbox 1536 1503 1564 1551; x_wconf 87' lang='lat' dir='ltr'>ct</span> <span class='ocrx_word' id='word_1_217' title='bbox 1577 1495 1691 1567; x_wconf 88' lang='lat' dir='ltr'>gloriam</span> <span class='ocrx_word' id='word_1_218' title='bbox 1707 1511 1772 1553; x_wconf 87' lang='lat' dir='ltr'>ooa-</span> 
     </span>
     <span class='ocr_line' id='line_1_27' title="bbox 128 1584 1773 1670; baseline -0.011 -20"><span class='ocrx_word' id='word_1_219' title='bbox 128 1595 207 1650; x_wconf 88' lang='lat' dir='ltr'>bent.</span> <span class='ocrx_word' id='word_1_220' title='bbox 223 1589 280 1647; x_wconf 87' lang='lat' dir='ltr'>iloc</span> <span class='ocrx_word' id='word_1_221' title='bbox 292 1587 363 1660; x_wconf 90' lang='lat' dir='ltr'>apud</span> <span class='ocrx_word' id='word_1_222' title='bbox 378 1603 427 1643; x_wconf 90' lang='lat' dir='ltr'>nos</span> <span class='ocrx_word' id='word_1_223' title='bbox 436 1586 631 1656; x_wconf 84' lang='lat' dir='ltr'>superstitiosae</span> <span class='ocrx_word' id='word_1_224' title='bbox 646 1584 812 1641; x_wconf 76' lang='lat' dir='ltr'>muliercule</span> <span class='ocrx_word' id='word_1_225' title='bbox 824 1586 851 1640; x_wconf 90' lang='lat' dir='ltr'>in</span> <span class='ocrx_word' id='word_1_226' title='bbox 864 1600 926 1655; x_wconf 89' lang='lat' dir='ltr'>par·</span> <span class='ocrx_word' id='word_1_227' title='bbox 974 1587 1081 1642; x_wconf 91' lang='lat' dir='ltr'>ditoris.</span> <span class='ocrx_word' id='word_1_228' title='bbox 1105 1585 1236 1643; x_wconf 80' lang='lat' dir='ltr'>danesse</span> <span class='ocrx_word' id='word_1_229' title='bbox 1250 1587 1357 1643; x_wconf 89' lang='lat' dir='ltr'>deditus</span> <span class='ocrx_word' id='word_1_230' title='bbox 1373 1589 1398 1642; x_wconf 91' lang='lat' dir='ltr'>ei</span> <span class='ocrx_word' id='word_1_231' title='bbox 1412 1587 1519 1670; x_wconf 90' lang='lat' dir='ltr'>lumini,</span> <span class='ocrx_word' id='word_1_232' title='bbox 1539 1605 1593 1659; x_wconf 88' lang='lat' dir='ltr'>quo</span> <span class='ocrx_word' id='word_1_233' title='bbox 1607 1589 1732 1645; x_wconf 69' lang='lat' dir='ltr'>volueres</span> <span class='ocrx_word' id='word_1_234' title='bbox 1744 1597 1773 1646; x_wconf 61' lang='lat' dir='ltr'>er</span> 
     </span>
     <span class='ocr_line' id='line_1_28' title="bbox 128 1675 1772 1754; baseline -0.009 -16"><span class='ocrx_word' id='word_1_235' title='bbox 128 1686 201 1740; x_wconf 76' lang='lat' dir='ltr'>ruiis</span> <span class='ocrx_word' id='word_1_236' title='bbox 212 1681 369 1754; x_wconf 87' lang='lat' dir='ltr'>evangeliis,</span> <span class='ocrx_word' id='word_1_237' title='bbox 392 1679 419 1733; x_wconf 90' lang='lat' dir='ltr'>in</span> <span class='ocrx_word' id='word_1_238' title='bbox 431 1677 521 1733; x_wconf 90' lang='lat' dir='ltr'>erucis</span> <span class='ocrx_word' id='word_1_239' title='bbox 535 1675 622 1748; x_wconf 88' lang='lat' dir='ltr'>liguo,</span> <span class='ocrx_word' id='word_1_240' title='bbox 637 1685 665 1732; x_wconf 91' lang='lat' dir='ltr'>et</span> <span class='ocrx_word' id='word_1_241' title='bbox 678 1676 706 1731; x_wconf 92' lang='lat' dir='ltr'>in</span> <span class='ocrx_word' id='word_1_242' title='bbox 721 1676 872 1731; x_wconf 84' lang='lat' dir='ltr'>istiusmodi</span> <span class='ocrx_word' id='word_1_243' title='bbox 886 1690 926 1730; x_wconf 88' lang='lat' dir='ltr'>re-</span> <span class='ocrx_word' id='word_1_244' title='bbox 974 1686 1126 1749; x_wconf 68' lang='lat' dir='ltr'>serpentes</span> <span class='ocrx_word' id='word_1_245' title='bbox 1150 1693 1204 1749; x_wconf 93' lang='lat' dir='ltr'>quo</span> <span class='ocrx_word' id='word_1_246' title='bbox 1226 1678 1320 1734; x_wconf 74' lang='lat' dir='ltr'>bestiae</span> <span class='ocrx_word' id='word_1_247' title='bbox 1332 1686 1360 1733; x_wconf 90' lang='lat' dir='ltr'>ct</span> <span class='ocrx_word' id='word_1_248' title='bbox 1372 1680 1498 1749; x_wconf 89' lang='lat' dir='ltr'>pecudes,</span> <span class='ocrx_word' id='word_1_249' title='bbox 1520 1694 1574 1750; x_wconf 87' lang='lat' dir='ltr'>quo</span> <span class='ocrx_word' id='word_1_250' title='bbox 1586 1695 1686 1736; x_wconf 79' lang='lat' dir='ltr'>muscae</span> <span class='ocrx_word' id='word_1_251' title='bbox 1699 1679 1772 1736; x_wconf 60' lang='lat' dir='ltr'>dele.</span> 
     </span>
    </p>
   </div>
   <div class='ocr_carea' id='block_1_10' title="bbox 125 1766 1773 3308">
    <p class='ocr_par' dir='ltr' id='par_1_10' title="bbox 129 1766 1773 1934">
     <span class='ocr_line' id='line_1_29' title="bbox 129 1766 1773 1844; baseline -0.001 -15"><span class='ocrx_word' id='word_1_252' title='bbox 129 1775 182 1829; x_wconf 90' lang='lat' dir='ltr'>bus</span> <span class='ocrx_word' id='word_1_253' title='bbox 204 1772 262 1843; x_wconf 91' lang='lat' dir='ltr'>(qui</span> <span class='ocrx_word' id='word_1_254' title='bbox 284 1772 385 1826; x_wconf 89' lang='lat' dir='ltr'>habent</span> <span class='ocrx_word' id='word_1_255' title='bbox 407 1768 516 1838; x_wconf 88' lang='lat' dir='ltr'>quidem</span> <span class='ocrx_word' id='word_1_256' title='bbox 532 1766 619 1822; x_wconf 88' lang='lat' dir='ltr'>zelum</span> <span class='ocrx_word' id='word_1_257' title='bbox 635 1767 695 1831; x_wconf 88' lang='lat' dir='ltr'>bei,</span> <span class='ocrx_word' id='word_1_258' title='bbox 719 1767 766 1821; x_wconf 92' lang='lat' dir='ltr'>sed</span> <span class='ocrx_word' id='word_1_259' title='bbox 781 1783 834 1822; x_wconf 88' lang='lat' dir='ltr'>nou</span> <span class='ocrx_word' id='word_1_260' title='bbox 847 1766 923 1837; x_wconf 81' lang='lat' dir='ltr'>juxta</span> <span class='ocrx_word' id='word_1_261' title='bbox 938 1773 962 1832; x_wconf 76' lang='grc' dir='ltr'>Β</span> <span class='ocrx_word' id='word_1_262' title='bbox 975 1775 1093 1832; x_wconf 86' lang='lat' dir='ltr'>etautur,</span> <span class='ocrx_word' id='word_1_263' title='bbox 1119 1775 1147 1823; x_wconf 87' lang='lat' dir='ltr'>et</span> <span class='ocrx_word' id='word_1_264' title='bbox 1160 1783 1277 1824; x_wconf 86' lang='lat' dir='ltr'>uermes.</span> <span class='ocrx_word' id='word_1_265' title='bbox 1300 1769 1399 1825; x_wconf 88' lang='lat' dir='ltr'>Lucem</span> <span class='ocrx_word' id='word_1_266' title='bbox 1421 1785 1580 1841; x_wconf 88' lang='lat' dir='ltr'>corpoream</span> <span class='ocrx_word' id='word_1_267' title='bbox 1595 1787 1676 1828; x_wconf 89' lang='lat' dir='ltr'>sensu</span> <span class='ocrx_word' id='word_1_268' title='bbox 1693 1782 1773 1844; x_wconf 82' lang='lat' dir='ltr'>tange</span> 
     </span>
     <span class='ocr_line' id='line_1_30' title="bbox 129 1857 1771 1934; baseline -0.001 -13"><span class='ocrx_word' id='word_1_269' title='bbox 129 1862 282 1934; x_wconf 84' lang='lat' dir='ltr'>scientiam)</span> <span class='ocrx_word' id='word_1_270' title='bbox 296 1872 382 1930; x_wconf 85' lang='lat' dir='ltr'>usque</span> <span class='ocrx_word' id='word_1_271' title='bbox 399 1859 479 1915; x_wconf 90' lang='lat' dir='ltr'>hodic</span> <span class='ocrx_word' id='word_1_272' title='bbox 494 1857 629 1913; x_wconf 83' lang='lat' dir='ltr'>iactitant.</span> <span class='ocrx_word' id='word_1_273' title='bbox 648 1877 657 1910; x_wconf 83' lang='lat' dir='ltr'>r</span> <span class='ocrx_word' id='word_1_274' title='bbox 976 1873 1124 1928; x_wconf 89' lang='lat' dir='ltr'>corporeo;</span> <span class='ocrx_word' id='word_1_275' title='bbox 1143 1868 1171 1915; x_wconf 91' lang='lat' dir='ltr'>et</span> <span class='ocrx_word' id='word_1_276' title='bbox 1185 1867 1240 1915; x_wconf 89' lang='lat' dir='ltr'>toto</span> <span class='ocrx_word' id='word_1_277' title='bbox 1258 1862 1358 1916; x_wconf 90' lang='lat' dir='ltr'>mentis</span> <span class='ocrx_word' id='word_1_278' title='bbox 1370 1860 1467 1917; x_wconf 79' lang='lat' dir='ltr'>affectu</span> <span class='ocrx_word' id='word_1_279' title='bbox 1490 1862 1554 1918; x_wconf 92' lang='lat' dir='ltr'>iliud</span> <span class='ocrx_word' id='word_1_280' title='bbox 1573 1877 1667 1918; x_wconf 81' lang='lat' dir='ltr'>rerum</span> <span class='ocrx_word' id='word_1_281' title='bbox 1680 1863 1771 1919; x_wconf 90' lang='lat' dir='ltr'>iumen</span> 
     </span>
    </p>

    <p class='ocr_par' dir='ltr' id='par_1_11' title="bbox 125 1946 1772 3308">
     <span class='ocr_line' id='line_1_31' title="bbox 168 1946 1771 2020; baseline 0 -12"><span class='ocrx_word' id='word_1_282' title='bbox 168 1952 270 2008; x_wconf 75' lang='lat' dir='ltr'>nxttt.</span> <span class='ocrx_word' id='word_1_283' title='bbox 300 1950 363 2005; x_wconf 78' lang='lat' dir='ltr'>ebe</span> <span class='ocrx_word' id='word_1_284' title='bbox 388 1949 488 2004; x_wconf 91' lang='lat' dir='ltr'>talibus</span> <span class='ocrx_word' id='word_1_285' title='bbox 503 1947 636 2002; x_wconf 88' lang='lat' dir='ltr'>institutis</span> <span class='ocrx_word' id='word_1_286' title='bbox 659 1946 701 2020; x_wconf 88' lang='lat' dir='ltr'>(ut</span> <span class='ocrx_word' id='word_1_287' title='bbox 718 1946 792 2001; x_wconf 89' lang='lat' dir='ltr'>beati</span> <span class='ocrx_word' id='word_1_288' title='bbox 817 1961 925 2018; x_wconf 89' lang='lat' dir='ltr'>quoque</span> <span class='ocrx_word' id='word_1_289' title='bbox 975 1947 1138 2017; x_wconf 83' lang='lat' dir='ltr'>amplectere</span> <span class='ocrx_word' id='word_1_290' title='bbox 1150 1950 1223 2019; x_wconf 92' lang='lat' dir='ltr'>quod</span> <span class='ocrx_word' id='word_1_291' title='bbox 1236 1949 1369 2005; x_wconf 89' lang='lat' dir='ltr'>illuminat</span> <span class='ocrx_word' id='word_1_292' title='bbox 1384 1967 1492 2006; x_wconf 90' lang='lat' dir='ltr'>omnem</span> <span class='ocrx_word' id='word_1_293' title='bbox 1508 1953 1644 2007; x_wconf 88' lang='lat' dir='ltr'>hominem</span> <span class='ocrx_word' id='word_1_294' title='bbox 1663 1954 1771 2009; x_wconf 85' lang='lat' dir='ltr'>venien·</span> 
     </span>
     <span class='ocr_line' id='line_1_32' title="bbox 130 2032 1769 2115; baseline 0 -15"><span class='ocrx_word' id='word_1_295' title='bbox 130 2046 229 2101; x_wconf 80' lang='lat' dir='ltr'>Leonis</span> <span class='ocrx_word' id='word_1_296' title='bbox 244 2058 319 2115; x_wconf 75' lang='lat' dir='ltr'>pape</span> <span class='ocrx_word' id='word_1_297' title='bbox 328 2043 411 2097; x_wconf 86' lang='lat' dir='ltr'>rerba</span> <span class='ocrx_word' id='word_1_298' title='bbox 424 2055 556 2112; x_wconf 86' lang='lat' dir='ltr'>ponamus</span> <span class='ocrx_word' id='word_1_299' title='bbox 571 2032 670 2104; x_wconf 77' lang='lat' dir='ltr'>[Serm.</span> <span class='ocrx_word' id='word_1_300' title='bbox 683 2038 923 2113; x_wconf 81' lang='lat' dir='ltr'>iinNat.1)om.])</span> <span class='ocrx_word' id='word_1_301' title='bbox 975 2046 1029 2093; x_wconf 92' lang='lat' dir='ltr'>tem</span> <span class='ocrx_word' id='word_1_302' title='bbox 1053 2040 1080 2094; x_wconf 91' lang='lat' dir='ltr'>in</span> <span class='ocrx_word' id='word_1_303' title='bbox 1095 2039 1167 2094; x_wconf 90' lang='lat' dir='ltr'>bunc</span> <span class='ocrx_word' id='word_1_304' title='bbox 1189 2042 1330 2106; x_wconf 92' lang='lat' dir='ltr'>muudum,</span> <span class='ocrx_word' id='word_1_305' title='bbox 1353 2050 1381 2097; x_wconf 92' lang='lat' dir='ltr'>et</span> <span class='ocrx_word' id='word_1_306' title='bbox 1401 2043 1435 2098; x_wconf 91' lang='lat' dir='ltr'>de</span> <span class='ocrx_word' id='word_1_307' title='bbox 1456 2056 1510 2113; x_wconf 94' lang='lat' dir='ltr'>quo</span> <span class='ocrx_word' id='word_1_308' title='bbox 1523 2044 1587 2099; x_wconf 92' lang='lat' dir='ltr'>dicit</span> <span class='ocrx_word' id='word_1_309' title='bbox 1610 2044 1748 2115; x_wconf 89' lang='lat' dir='ltr'>Propheta</span> <span class='ocrx_word' id='word_1_310' title='bbox 1763 2065 1769 2101; x_wconf 92' lang='lat'>:</span> 
     </span>
     <span class='ocr_line' id='line_1_33' title="bbox 127 2130 1771 2205; baseline 0.001 -14"><span class='ocrx_word' id='word_1_311' title='bbox 127 2137 211 2192; x_wconf 88' lang='lat' dir='ltr'>ctiam</span> <span class='ocrx_word' id='word_1_312' title='bbox 233 2135 278 2190; x_wconf 89' lang='lat' dir='ltr'>iila</span> <span class='ocrx_word' id='word_1_313' title='bbox 301 2140 446 2205; x_wconf 86' lang='lat' dir='ltr'>generatur</span> <span class='ocrx_word' id='word_1_314' title='bbox 469 2131 610 2200; x_wconf 88' lang='lat' dir='ltr'>impietas,</span> <span class='ocrx_word' id='word_1_315' title='bbox 638 2139 669 2185; x_wconf 90' lang='lat' dir='ltr'>ut</span> <span class='ocrx_word' id='word_1_316' title='bbox 689 2130 729 2186; x_wconf 92' lang='lat' dir='ltr'>sol</span> <span class='ocrx_word' id='word_1_317' title='bbox 753 2131 925 2187; x_wconf 84' lang='lat' dir='ltr'>inchoatione</span> <span class='ocrx_word' id='word_1_318' title='bbox 975 2131 1096 2186; x_wconf 84' lang='lat' dir='ltr'>Accedite</span> <span class='ocrx_word' id='word_1_319' title='bbox 1109 2132 1144 2186; x_wconf 85' lang='lat' dir='ltr'>nd</span> <span class='ocrx_word' id='word_1_320' title='bbox 1155 2149 1225 2198; x_wconf 82' lang='lat' dir='ltr'>crim,</span> <span class='ocrx_word' id='word_1_321' title='bbox 1240 2143 1265 2187; x_wconf 86' lang='lat' dir='ltr'>et</span> <span class='ocrx_word' id='word_1_322' title='bbox 1277 2133 1475 2198; x_wconf 84' lang='lat' dir='ltr'>illuminamini,</span> <span class='ocrx_word' id='word_1_323' title='bbox 1490 2144 1513 2189; x_wconf 82' lang='lat' dir='ltr'>et</span> <span class='ocrx_word' id='word_1_324' title='bbox 1532 2136 1706 2192; x_wconf 83' lang='lat' dir='ltr'>unitnseestri</span> <span class='ocrx_word' id='word_1_325' title='bbox 1719 2155 1771 2193; x_wconf 86' lang='lat' dir='ltr'>non</span> 
     </span>
     <span class='ocr_line' id='line_1_34' title="bbox 126 2222 1772 2300; baseline 0.001 -17"><span class='ocrx_word' id='word_1_326' title='bbox 126 2227 306 2291; x_wconf 80' lang='lat' dir='ltr'>diurnaeiucis</span> <span class='ocrx_word' id='word_1_327' title='bbox 317 2238 477 2292; x_wconf 72' lang='lat' dir='ltr'>exsurgens,</span> <span class='ocrx_word' id='word_1_328' title='bbox 490 2240 504 2277; x_wconf 89' lang='lat' dir='ltr'>a</span> <span class='ocrx_word' id='word_1_329' title='bbox 516 2222 676 2294; x_wconf 89' lang='lat' dir='ltr'>quibusdam</span> <span class='ocrx_word' id='word_1_330' title='bbox 690 2223 925 2293; x_wconf 84' lang='lat' dir='ltr'>insipientioribus</span> <span class='ocrx_word' id='word_1_331' title='bbox 974 2222 1134 2276; x_wconf 76' lang='lat' dir='ltr'>erubescent.</span> <span class='ocrx_word' id='word_1_332' title='bbox 1158 2222 1186 2278; x_wconf 87' lang='lat' dir='ltr'>Si</span> <span class='ocrx_word' id='word_1_333' title='bbox 1203 2223 1277 2278; x_wconf 86' lang='lat' dir='ltr'>eninr</span> <span class='ocrx_word' id='word_1_334' title='bbox 1298 2224 1428 2296; x_wconf 88' lang='lat' dir='ltr'>tempium</span> <span class='ocrx_word' id='word_1_335' title='bbox 1444 2225 1490 2282; x_wconf 88' lang='lat' dir='ltr'>Dei</span> <span class='ocrx_word' id='word_1_336' title='bbox 1505 2242 1617 2291; x_wconf 85' lang='lat' dir='ltr'>sumus,</span> <span class='ocrx_word' id='word_1_337' title='bbox 1643 2235 1670 2283; x_wconf 85' lang='lat' dir='ltr'>et</span> <span class='ocrx_word' id='word_1_338' title='bbox 1692 2229 1772 2300; x_wconf 86' lang='lat' dir='ltr'>spiri·</span> 
     </span>
     <span class='ocr_line' id='line_1_35' title="bbox 126 2312 1772 2390; baseline 0.003 -20"><span class='ocrx_word' id='word_1_339' title='bbox 126 2318 162 2372; x_wconf 86' lang='lat' dir='ltr'>de</span> <span class='ocrx_word' id='word_1_340' title='bbox 187 2317 255 2372; x_wconf 91' lang='lat' dir='ltr'>locis</span> <span class='ocrx_word' id='word_1_341' title='bbox 280 2312 506 2371; x_wconf 84' lang='lat' dir='ltr'>eminentioribus</span> <span class='ocrx_word' id='word_1_342' title='bbox 530 2314 677 2370; x_wconf 88' lang='lat' dir='ltr'>adoretur:</span> <span class='ocrx_word' id='word_1_343' title='bbox 707 2314 778 2384; x_wconf 91' lang='lat' dir='ltr'>quod</span> <span class='ocrx_word' id='word_1_344' title='bbox 803 2316 924 2374; x_wconf 84' lang='lat' dir='ltr'>norrnuiii</span> <span class='ocrx_word' id='word_1_345' title='bbox 975 2321 1018 2367; x_wconf 93' lang='lat' dir='ltr'>tus</span> <span class='ocrx_word' id='word_1_346' title='bbox 1032 2313 1079 2368; x_wconf 78' lang='lat' dir='ltr'>oei</span> <span class='ocrx_word' id='word_1_347' title='bbox 1099 2313 1243 2369; x_wconf 89' lang='lat' dir='ltr'>habitatin</span> <span class='ocrx_word' id='word_1_348' title='bbox 1257 2316 1354 2383; x_wconf 90' lang='lat' dir='ltr'>nubis;</span> <span class='ocrx_word' id='word_1_349' title='bbox 1379 2317 1440 2387; x_wconf 91' lang='lat' dir='ltr'>plus</span> <span class='ocrx_word' id='word_1_350' title='bbox 1453 2326 1495 2372; x_wconf 87' lang='lat' dir='ltr'>est</span> <span class='ocrx_word' id='word_1_351' title='bbox 1515 2320 1586 2389; x_wconf 90' lang='lat' dir='ltr'>quod</span> <span class='ocrx_word' id='word_1_352' title='bbox 1601 2319 1772 2390; x_wconf 82' lang='lat' dir='ltr'>fidelisqtris·</span> 
     </span>
     <span class='ocr_line' id='line_1_36' title="bbox 125 2404 1771 2479; baseline -0.004 -11"><span class='ocrx_word' id='word_1_353' title='bbox 125 2413 211 2468; x_wconf 87' lang='lat' dir='ltr'>etiam</span> <span class='ocrx_word' id='word_1_354' title='bbox 227 2409 375 2467; x_wconf 83' lang='lat' dir='ltr'>Citristiani</span> <span class='ocrx_word' id='word_1_355' title='bbox 397 2408 507 2463; x_wconf 87' lang='lat' dir='ltr'>adcoso</span> <span class='ocrx_word' id='word_1_356' title='bbox 525 2408 650 2477; x_wconf 77' lang='lat' dir='ltr'>religiose</span> <span class='ocrx_word' id='word_1_357' title='bbox 664 2408 754 2464; x_wconf 87' lang='lat' dir='ltr'>iacere</span> <span class='ocrx_word' id='word_1_358' title='bbox 776 2418 881 2479; x_wconf 91' lang='lat' dir='ltr'>putant,</span> <span class='ocrx_word' id='word_1_359' title='bbox 895 2418 925 2465; x_wconf 88' lang='lat' dir='ltr'>ut</span> <span class='ocrx_word' id='word_1_360' title='bbox 974 2417 1027 2472; x_wconf 77' lang='lat' dir='ltr'>(tue</span> <span class='ocrx_word' id='word_1_361' title='bbox 1050 2404 1078 2458; x_wconf 86' lang='lat' dir='ltr'>in</span> <span class='ocrx_word' id='word_1_362' title='bbox 1104 2418 1152 2459; x_wconf 84' lang='lat' dir='ltr'>suo</span> <span class='ocrx_word' id='word_1_363' title='bbox 1175 2405 1257 2460; x_wconf 82' lang='lat' dir='ltr'>habet</span> <span class='ocrx_word' id='word_1_364' title='bbox 1280 2407 1383 2472; x_wconf 85' lang='lat' dir='ltr'>aniuto,</span> <span class='ocrx_word' id='word_1_365' title='bbox 1409 2423 1488 2476; x_wconf 90' lang='lat' dir='ltr'>quam</span> <span class='ocrx_word' id='word_1_366' title='bbox 1510 2409 1581 2478; x_wconf 89' lang='lat' dir='ltr'>qnod</span> <span class='ocrx_word' id='word_1_367' title='bbox 1606 2411 1721 2465; x_wconf 87' lang='lat' dir='ltr'>miratur</span> <span class='ocrx_word' id='word_1_368' title='bbox 1743 2411 1771 2466; x_wconf 85' lang='lat' dir='ltr'>in</span> 
     </span>
     <span class='ocr_line' id='line_1_37' title="bbox 125 2493 1772 2573; baseline 0.002 -19"><span class='ocrx_word' id='word_1_369' title='bbox 125 2504 288 2573; x_wconf 84' lang='lat' dir='ltr'>priusquam</span> <span class='ocrx_word' id='word_1_370' title='bbox 312 2498 346 2554; x_wconf 91' lang='lat' dir='ltr'>ad</span> <span class='ocrx_word' id='word_1_371' title='bbox 359 2499 432 2554; x_wconf 89' lang='lat' dir='ltr'>beati</span> <span class='ocrx_word' id='word_1_372' title='bbox 457 2497 531 2554; x_wconf 90' lang='lat' dir='ltr'>Petri</span> <span class='ocrx_word' id='word_1_373' title='bbox 551 2496 663 2569; x_wconf 86' lang='lat' dir='ltr'>apastoli</span> <span class='ocrx_word' id='word_1_374' title='bbox 680 2500 840 2568; x_wconf 88' lang='lat' dir='ltr'>basilicam,</span> <span class='ocrx_word' id='word_1_375' title='bbox 864 2518 925 2573; x_wconf 77' lang='lat' dir='ltr'>quae</span> <span class='ocrx_word' id='word_1_376' title='bbox 974 2494 1052 2550; x_wconf 90' lang='lat' dir='ltr'>eoelo.</span> <span class='ocrx_word' id='word_1_377' title='bbox 1068 2493 1128 2550; x_wconf 87' lang='lat' dir='ltr'>Non</span> <span class='ocrx_word' id='word_1_378' title='bbox 1140 2495 1232 2565; x_wconf 91' lang='lat' dir='ltr'>itaque</span> <span class='ocrx_word' id='word_1_379' title='bbox 1246 2497 1334 2563; x_wconf 90' lang='lat' dir='ltr'>robis,</span> <span class='ocrx_word' id='word_1_380' title='bbox 1353 2499 1533 2566; x_wconf 86' lang='lat' dir='ltr'>dilectissimi,</span> <span class='ocrx_word' id='word_1_381' title='bbox 1547 2502 1599 2556; x_wconf 92' lang='lat' dir='ltr'>boc</span> <span class='ocrx_word' id='word_1_382' title='bbox 1617 2509 1664 2555; x_wconf 91' lang='lat' dir='ltr'>aut</span> <span class='ocrx_word' id='word_1_383' title='bbox 1676 2500 1772 2558; x_wconf 89' lang='lat' dir='ltr'>indici-</span> 
     </span>
     <span class='ocr_line' id='line_1_38' title="bbox 126 2587 1771 2665; baseline 0.001 -16"><span class='ocrx_word' id='word_1_384' title='bbox 126 2595 176 2649; x_wconf 90' lang='lat' dir='ltr'>uni</span> <span class='ocrx_word' id='word_1_385' title='bbox 191 2593 247 2648; x_wconf 87' lang='lat' dir='ltr'>Deo</span> <span class='ocrx_word' id='word_1_386' title='bbox 261 2605 327 2647; x_wconf 87' lang='lat' dir='ltr'>rere</span> <span class='ocrx_word' id='word_1_387' title='bbox 338 2598 366 2646; x_wconf 90' lang='lat' dir='ltr'>ct</span> <span class='ocrx_word' id='word_1_388' title='bbox 377 2591 438 2645; x_wconf 82' lang='lat' dir='ltr'>viro</span> <span class='ocrx_word' id='word_1_389' title='bbox 454 2589 577 2646; x_wconf 89' lang='lat' dir='ltr'>dedicata</span> <span class='ocrx_word' id='word_1_390' title='bbox 590 2596 643 2657; x_wconf 87' lang='lat' dir='ltr'>cst,</span> <span class='ocrx_word' id='word_1_391' title='bbox 655 2592 828 2660; x_wconf 80' lang='lat' dir='ltr'>perueniant,</span> <span class='ocrx_word' id='word_1_392' title='bbox 847 2609 926 2665; x_wconf 91' lang='lat' dir='ltr'>supe·</span> <span class='ocrx_word' id='word_1_393' title='bbox 974 2601 1045 2651; x_wconf 76' lang='grc'>111111,</span> <span class='ocrx_word' id='word_1_394' title='bbox 1067 2594 1114 2640; x_wconf 74' lang='grc'>1111</span> <span class='ocrx_word' id='word_1_395' title='bbox 1134 2587 1293 2652; x_wconf 63' lang='lat' dir='ltr'>suademus,</span> <span class='ocrx_word' id='word_1_396' title='bbox 1316 2596 1347 2643; x_wconf 74' lang='lat'>1¹1</span> <span class='ocrx_word' id='word_1_397' title='bbox 1360 2589 1518 2661; x_wconf 89' lang='lat' dir='ltr'>despiciatis</span> <span class='ocrx_word' id='word_1_398' title='bbox 1543 2606 1625 2661; x_wconf 80' lang='lat' dir='ltr'>opera</span> <span class='ocrx_word' id='word_1_399' title='bbox 1640 2590 1698 2657; x_wconf 83' lang='lat' dir='ltr'>Del,</span> <span class='ocrx_word' id='word_1_400' title='bbox 1723 2599 1771 2647; x_wconf 85' lang='lat' dir='ltr'>aut</span> 
     </span>
     <span class='ocr_line' id='line_1_39' title="bbox 127 2677 1770 2754; baseline 0.002 -15"><span class='ocrx_word' id='word_1_401' title='bbox 127 2685 196 2740; x_wconf 91' lang='lat' dir='ltr'>ratis</span> <span class='ocrx_word' id='word_1_402' title='bbox 208 2681 352 2754; x_wconf 79' lang='lat' dir='ltr'>gradibus,</span> <span class='ocrx_word' id='word_1_403' title='bbox 368 2681 466 2751; x_wconf 91' lang='lat' dir='ltr'>quibus</span> <span class='ocrx_word' id='word_1_404' title='bbox 484 2680 518 2735; x_wconf 88' lang='lat' dir='ltr'>ad</span> <span class='ocrx_word' id='word_1_405' title='bbox 532 2691 688 2752; x_wconf 84' lang='lat' dir='ltr'>suggestum</span> <span class='ocrx_word' id='word_1_406' title='bbox 706 2697 761 2738; x_wconf 76' lang='lat' dir='ltr'>arce</span> <span class='ocrx_word' id='word_1_407' title='bbox 775 2683 924 2752; x_wconf 90' lang='lat' dir='ltr'>superioris</span> <span class='ocrx_word' id='word_1_408' title='bbox 973 2677 1139 2733; x_wconf 89' lang='lat' dir='ltr'>contrarium</span> <span class='ocrx_word' id='word_1_409' title='bbox 1160 2679 1262 2750; x_wconf 89' lang='lat' dir='ltr'>aliquid</span> <span class='ocrx_word' id='word_1_410' title='bbox 1276 2679 1337 2736; x_wconf 82' lang='lat' dir='ltr'>{idei</span> <span class='ocrx_word' id='word_1_411' title='bbox 1352 2682 1489 2737; x_wconf 74' lang='lat' dir='ltr'>vestraein</span> <span class='ocrx_word' id='word_1_412' title='bbox 1506 2683 1548 2738; x_wconf 91' lang='lat' dir='ltr'>bis</span> <span class='ocrx_word' id='word_1_413' title='bbox 1562 2698 1623 2753; x_wconf 79' lang='lat' dir='ltr'>quae</span> <span class='ocrx_word' id='word_1_414' title='bbox 1638 2686 1709 2742; x_wconf 85' lang='lat' dir='ltr'>Deus</span> <span class='ocrx_word' id='word_1_415' title='bbox 1723 2688 1770 2742; x_wconf 89' lang='lat' dir='ltr'>bo-</span> 
     </span>
     <span class='ocr_line' id='line_1_40' title="bbox 127 2770 1770 2842; baseline 0.004 -10"><span class='ocrx_word' id='word_1_416' title='bbox 127 2776 293 2840; x_wconf 88' lang='lat' dir='ltr'>aseenditur,</span> <span class='ocrx_word' id='word_1_417' title='bbox 309 2785 443 2828; x_wconf 81' lang='lat' dir='ltr'>converso</span> <span class='ocrx_word' id='word_1_418' title='bbox 454 2787 569 2842; x_wconf 90' lang='lat' dir='ltr'>corpore</span> <span class='ocrx_word' id='word_1_419' title='bbox 582 2772 615 2826; x_wconf 89' lang='lat' dir='ltr'>ad</span> <span class='ocrx_word' id='word_1_420' title='bbox 627 2782 786 2830; x_wconf 89' lang='lat' dir='ltr'>nascentem</span> <span class='ocrx_word' id='word_1_421' title='bbox 798 2788 828 2829; x_wconf 92' lang='lat' dir='ltr'>se</span> <span class='ocrx_word' id='word_1_422' title='bbox 838 2774 923 2830; x_wconf 89' lang='lat' dir='ltr'>solem</span> <span class='ocrx_word' id='word_1_423' title='bbox 973 2784 1024 2824; x_wconf 75' lang='lat' dir='ltr'>nus</span> <span class='ocrx_word' id='word_1_424' title='bbox 1037 2770 1106 2825; x_wconf 76' lang='lat' dir='ltr'>b0¹¹³</span> <span class='ocrx_word' id='word_1_425' title='bbox 1118 2770 1238 2825; x_wconf 64' lang='lat' dir='ltr'>condidit</span> <span class='ocrx_word' id='word_1_426' title='bbox 1251 2771 1390 2828; x_wconf 65' lang='grc'>(1811111115</span> <span class='ocrx_word' id='word_1_427' title='bbox 1403 2789 1410 2838; x_wconf 85' lang='grc'>;</span> <span class='ocrx_word' id='word_1_428' title='bbox 1434 2775 1482 2828; x_wconf 70' lang='lat' dir='ltr'>sed</span> <span class='ocrx_word' id='word_1_429' title='bbox 1500 2783 1529 2829; x_wconf 74' lang='lat' dir='ltr'>ul</span> <span class='ocrx_word' id='word_1_430' title='bbox 1542 2775 1616 2829; x_wconf 73' lang='lat' dir='ltr'>omni</span> <span class='ocrx_word' id='word_1_431' title='bbox 1630 2784 1770 2832; x_wconf 70' lang='grc'>111111111-</span> 
     </span>
     <span class='ocr_line' id='line_1_41' title="bbox 126 2861 1766 2936; baseline 0.002 -17"><span class='ocrx_word' id='word_1_432' title='bbox 126 2865 285 2930; x_wconf 81' lang='lat' dir='ltr'>reflectant,</span> <span class='ocrx_word' id='word_1_433' title='bbox 313 2871 341 2919; x_wconf 89' lang='lat' dir='ltr'>et</span> <span class='ocrx_word' id='word_1_434' title='bbox 362 2865 482 2919; x_wconf 88' lang='lat' dir='ltr'>curratis</span> <span class='ocrx_word' id='word_1_435' title='bbox 506 2863 659 2918; x_wconf 87' lang='lat' dir='ltr'>cervicibus</span> <span class='ocrx_word' id='word_1_436' title='bbox 682 2863 709 2918; x_wconf 90' lang='lat' dir='ltr'>in</span> <span class='ocrx_word' id='word_1_437' title='bbox 735 2863 866 2919; x_wconf 89' lang='lat' dir='ltr'>honorem</span> <span class='ocrx_word' id='word_1_438' title='bbox 892 2871 927 2922; x_wconf 75' lang='lat' dir='ltr'>se·</span> <span class='ocrx_word' id='word_1_439' title='bbox 973 2875 1033 2914; x_wconf 88' lang='lat' dir='ltr'>rum</span> <span class='ocrx_word' id='word_1_440' title='bbox 1047 2861 1137 2931; x_wconf 91' lang='lat' dir='ltr'>specie</span> <span class='ocrx_word' id='word_1_441' title='bbox 1150 2869 1178 2916; x_wconf 91' lang='lat' dir='ltr'>et</span> <span class='ocrx_word' id='word_1_442' title='bbox 1196 2861 1322 2917; x_wconf 82' lang='lat' dir='ltr'>uniuerso</span> <span class='ocrx_word' id='word_1_443' title='bbox 1337 2864 1429 2919; x_wconf 90' lang='lat' dir='ltr'>mundi</span> <span class='ocrx_word' id='word_1_444' title='bbox 1445 2865 1525 2936; x_wconf 77' lang='lat' dir='ltr'>hujus</span> <span class='ocrx_word' id='word_1_445' title='bbox 1537 2876 1635 2921; x_wconf 88' lang='lat' dir='ltr'>ornatu</span> <span class='ocrx_word' id='word_1_446' title='bbox 1648 2868 1766 2923; x_wconf 80' lang='lat' dir='ltr'>rationa-</span> 
     </span>
     <span class='ocr_line' id='line_1_42' title="bbox 125 2950 1766 3029; baseline 0.001 -16"><span class='ocrx_word' id='word_1_447' title='bbox 125 2957 261 3029; x_wconf 88' lang='lat' dir='ltr'>splendidi</span> <span class='ocrx_word' id='word_1_448' title='bbox 274 2956 348 3011; x_wconf 88' lang='lat' dir='ltr'>orbis</span> <span class='ocrx_word' id='word_1_449' title='bbox 363 2954 511 3009; x_wconf 87' lang='lat' dir='ltr'>inclinent:</span> <span class='ocrx_word' id='word_1_450' title='bbox 530 2954 601 3023; x_wconf 93' lang='lat' dir='ltr'>quod</span> <span class='ocrx_word' id='word_1_451' title='bbox 612 2953 671 3008; x_wconf 89' lang='lat' dir='ltr'>beri</span> <span class='ocrx_word' id='word_1_452' title='bbox 684 2955 783 3024; x_wconf 88' lang='lat' dir='ltr'>partim</span> <span class='ocrx_word' id='word_1_453' title='bbox 799 2955 924 3027; x_wconf 90' lang='lat' dir='ltr'>ignoran-</span> <span class='ocrx_word' id='word_1_454' title='bbox 972 2950 1065 3007; x_wconf 89' lang='lat' dir='ltr'>biliter</span> <span class='ocrx_word' id='word_1_455' title='bbox 1078 2962 1106 3007; x_wconf 90' lang='lat' dir='ltr'>et</span> <span class='ocrx_word' id='word_1_456' title='bbox 1119 2959 1302 3024; x_wconf 88' lang='lat' dir='ltr'>temperanter</span> <span class='ocrx_word' id='word_1_457' title='bbox 1317 2956 1440 3010; x_wconf 89' lang='lat' dir='ltr'>utamini.</span> <span class='ocrx_word' id='word_1_458' title='bbox 1468 2956 1533 3024; x_wconf 80' lang='lat' dir='ltr'>Qun</span> <span class='ocrx_word' id='word_1_459' title='bbox 1551 2961 1619 3013; x_wconf 83' lang='lat' dir='ltr'>eninr</span> <span class='ocrx_word' id='word_1_460' title='bbox 1635 2960 1766 3024; x_wconf 84' lang='lat' dir='ltr'>uidentur,</span> 
     </span>
     <span class='ocr_line' id='line_1_43' title="bbox 126 3041 1767 3123; baseline 0.002 -20"><span class='ocrx_word' id='word_1_461' title='bbox 126 3047 262 3111; x_wconf 76' lang='lat' dir='ltr'>cicuitio,</span> <span class='ocrx_word' id='word_1_462' title='bbox 284 3045 383 3115; x_wconf 87' lang='lat' dir='ltr'>partim</span> <span class='ocrx_word' id='word_1_463' title='bbox 400 3042 565 3114; x_wconf 84' lang='lat' dir='ltr'>paganitatis</span> <span class='ocrx_word' id='word_1_464' title='bbox 586 3043 696 3112; x_wconf 88' lang='lat' dir='ltr'>spiritu,</span> <span class='ocrx_word' id='word_1_465' title='bbox 714 3041 827 3098; x_wconf 90' lang='lat' dir='ltr'>multum</span> <span class='ocrx_word' id='word_1_466' title='bbox 848 3044 924 3099; x_wconf 88' lang='lat' dir='ltr'>tabe·</span> <span class='ocrx_word' id='word_1_467' title='bbox 973 3047 1042 3101; x_wconf 91' lang='lat' dir='ltr'>sicet</span> <span class='ocrx_word' id='word_1_468' title='bbox 1057 3047 1095 3101; x_wconf 91' lang='lat' dir='ltr'>ait</span> <span class='ocrx_word' id='word_1_469' title='bbox 1107 3046 1262 3118; x_wconf 89' lang='lat' dir='ltr'>Apostolus,</span> <span class='ocrx_word' id='word_1_470' title='bbox 1277 3049 1432 3119; x_wconf 84' lang='lat' dir='ltr'>temporalia</span> <span class='ocrx_word' id='word_1_471' title='bbox 1446 3062 1528 3116; x_wconf 83' lang='lat' dir='ltr'>runt,·</span> <span class='ocrx_word' id='word_1_472' title='bbox 1543 3062 1700 3123; x_wconf 71' lang='lat' dir='ltr'>quincuncem</span> <span class='ocrx_word' id='word_1_473' title='bbox 1714 3070 1767 3107; x_wconf 90' lang='lat' dir='ltr'>non</span> 
     </span>
     <span class='ocr_line' id='line_1_44' title="bbox 125 3121 1766 3211; baseline 0.001 -16"><span class='ocrx_word' id='word_1_474' title='bbox 125 3141 227 3196; x_wconf 87' lang='lat' dir='ltr'>scimus</span> <span class='ocrx_word' id='word_1_475' title='bbox 240 3145 268 3194; x_wconf 92' lang='lat' dir='ltr'>et</span> <span class='ocrx_word' id='word_1_476' title='bbox 288 3136 420 3192; x_wconf 89' lang='lat' dir='ltr'>dolemus.</span> <span class='ocrx_word' id='word_1_477' title='bbox 444 3134 512 3201; x_wconf 84' lang='lat' dir='ltr'>Quia</span> <span class='ocrx_word' id='word_1_478' title='bbox 534 3133 586 3189; x_wconf 90' lang='lat' dir='ltr'>etsi</span> <span class='ocrx_word' id='word_1_479' title='bbox 601 3134 712 3203; x_wconf 89' lang='lat' dir='ltr'>quidam</span> <span class='ocrx_word' id='word_1_480' title='bbox 733 3135 803 3190; x_wconf 85' lang='lat' dir='ltr'>lbrte</span> <span class='ocrx_word' id='word_1_481' title='bbox 815 3121 956 3190; x_wconf 83' lang='lat' dir='ltr'>creato-C</span> <span class='ocrx_word' id='word_1_482' title='bbox 973 3136 1100 3202; x_wconf 81' lang='lat' dir='ltr'>ridentur,</span> <span class='ocrx_word' id='word_1_483' title='bbox 1123 3146 1221 3192; x_wconf 79' lang='lat' dir='ltr'>eterna</span> <span class='ocrx_word' id='word_1_484' title='bbox 1234 3149 1305 3192; x_wconf 83' lang='lat' dir='ltr'>curu.</span> <span class='ocrx_word' id='word_1_485' title='bbox 1334 3138 1410 3194; x_wconf 88' lang='lat' dir='ltr'>Unde</span> <span class='ocrx_word' id='word_1_486' title='bbox 1425 3140 1488 3210; x_wconf 94' lang='lat' dir='ltr'>quia</span> <span class='ocrx_word' id='word_1_487' title='bbox 1503 3141 1537 3195; x_wconf 92' lang='lat' dir='ltr'>ad</span> <span class='ocrx_word' id='word_1_488' title='bbox 1559 3144 1702 3211; x_wconf 78' lang='lat' dir='ltr'>prasentia</span> <span class='ocrx_word' id='word_1_489' title='bbox 1721 3158 1766 3197; x_wconf 91' lang='lat' dir='ltr'>su·</span> 
     </span>
     <span class='ocr_line' id='line_1_45' title="bbox 125 3226 1766 3308; baseline 0 -21"><span class='ocrx_word' id='word_1_490' title='bbox 125 3247 184 3287; x_wconf 91' lang='lat' dir='ltr'>rem</span> <span class='ocrx_word' id='word_1_491' title='bbox 205 3231 295 3308; x_wconf 91' lang='lat' dir='ltr'>potius</span> <span class='ocrx_word' id='word_1_492' title='bbox 316 3229 423 3299; x_wconf 85' lang='lat' dir='ltr'>pulchri</span> <span class='ocrx_word' id='word_1_493' title='bbox 446 3227 575 3293; x_wconf 90' lang='lat' dir='ltr'>luminis,</span> <span class='ocrx_word' id='word_1_494' title='bbox 600 3241 681 3296; x_wconf 91' lang='lat' dir='ltr'>quam</span> <span class='ocrx_word' id='word_1_495' title='bbox 705 3227 794 3296; x_wconf 89' lang='lat' dir='ltr'>ipsum</span> <span class='ocrx_word' id='word_1_496' title='bbox 817 3226 920 3304; x_wconf 83' lang='lat' dir='ltr'>lumen,</span> <span class='ocrx_word' id='word_1_497' title='bbox 971 3227 1107 3291; x_wconf 90' lang='lat' dir='ltr'>musnati,</span> <span class='ocrx_word' id='word_1_498' title='bbox 1122 3229 1155 3283; x_wconf 92' lang='lat' dir='ltr'>ad</span> <span class='ocrx_word' id='word_1_499' title='bbox 1169 3227 1362 3283; x_wconf 86' lang='lat' dir='ltr'>luturaautem</span> <span class='ocrx_word' id='word_1_500' title='bbox 1375 3230 1482 3297; x_wconf 89' lang='lat' dir='ltr'>renati;</span> <span class='ocrx_word' id='word_1_501' title='bbox 1508 3246 1562 3286; x_wconf 92' lang='lat' dir='ltr'>non</span> <span class='ocrx_word' id='word_1_502' title='bbox 1574 3231 1766 3302; x_wconf 87' lang='lat' dir='ltr'>temporalibus</span> 
     </span>
    </p>
   </div>
   <div class='ocr_carea' id='block_1_11' title="bbox 124 3319 923 4209">
    <p class='ocr_par' dir='ltr' id='par_1_12' title="bbox 124 3319 923 4209">
     <span class='ocr_line' id='line_1_46' title="bbox 124 3319 921 3394; baseline -0.008 -14"><span class='ocrx_word' id='word_1_503' title='bbox 124 3325 198 3394; x_wconf 89' lang='lat' dir='ltr'>quod</span> <span class='ocrx_word' id='word_1_504' title='bbox 212 3335 255 3378; x_wconf 88' lang='lat' dir='ltr'>est</span> <span class='ocrx_word' id='word_1_505' title='bbox 273 3331 408 3388; x_wconf 88' lang='lat' dir='ltr'>ereatura,</span> <span class='ocrx_word' id='word_1_506' title='bbox 420 3328 606 3386; x_wconf 83' lang='lat' dir='ltr'>venerantnr;</span> <span class='ocrx_word' id='word_1_507' title='bbox 631 3319 818 3375; x_wconf 89' lang='lat' dir='ltr'>abstinendum</span> <span class='ocrx_word' id='word_1_508' title='bbox 831 3328 921 3376; x_wconf 89' lang='lat' dir='ltr'>tamen</span> 
     </span>
     <span class='ocr_line' id='line_1_47' title="bbox 125 3409 922 3485; baseline -0.006 -15"><span class='ocrx_word' id='word_1_509' title='bbox 125 3423 168 3470; x_wconf 89' lang='lat' dir='ltr'>est</span> <span class='ocrx_word' id='word_1_510' title='bbox 179 3415 214 3470; x_wconf 93' lang='lat' dir='ltr'>ab</span> <span class='ocrx_word' id='word_1_511' title='bbox 228 3416 285 3484; x_wconf 90' lang='lat' dir='ltr'>ipsa</span> <span class='ocrx_word' id='word_1_512' title='bbox 300 3414 390 3485; x_wconf 88' lang='lat' dir='ltr'>specie</span> <span class='ocrx_word' id='word_1_513' title='bbox 404 3412 486 3481; x_wconf 77' lang='lat' dir='ltr'>huius</span> <span class='ocrx_word' id='word_1_514' title='bbox 497 3409 595 3475; x_wconf 80' lang='lat' dir='ltr'>officii3</span> <span class='ocrx_word' id='word_1_515' title='bbox 611 3425 691 3480; x_wconf 74' lang='lat' dir='ltr'>(quam</span> <span class='ocrx_word' id='word_1_516' title='bbox 705 3425 767 3463; x_wconf 91' lang='lat' dir='ltr'>eum</span> <span class='ocrx_word' id='word_1_517' title='bbox 780 3410 807 3464; x_wconf 90' lang='lat' dir='ltr'>in</span> <span class='ocrx_word' id='word_1_518' title='bbox 822 3409 922 3465; x_wconf 88' lang='lat' dir='ltr'>nostris</span> 
     </span>
     <span class='ocr_line' id='line_1_48' title="bbox 125 3502 920 3578; baseline -0.008 -17"><span class='ocrx_word' id='word_1_519' title='bbox 125 3507 281 3576; x_wconf 77' lang='lat' dir='ltr'>invenitqui</span> <span class='ocrx_word' id='word_1_520' title='bbox 289 3505 401 3561; x_wconf 88' lang='lat' dir='ltr'>deorum</span> <span class='ocrx_word' id='word_1_521' title='bbox 413 3505 515 3559; x_wconf 91' lang='lat' dir='ltr'>cultum</span> <span class='ocrx_word' id='word_1_522' title='bbox 527 3502 646 3578; x_wconf 87' lang='lat' dir='ltr'>reliquit,</span> <span class='ocrx_word' id='word_1_523' title='bbox 654 3517 743 3556; x_wconf 82' lang='lat' dir='ltr'>rronuc</span> <span class='ocrx_word' id='word_1_524' title='bbox 752 3503 821 3557; x_wconf 90' lang='lat' dir='ltr'>hanc</span> <span class='ocrx_word' id='word_1_525' title='bbox 831 3517 920 3556; x_wconf 89' lang='lat' dir='ltr'>secum</span> 
     </span>
     <span class='ocr_line' id='line_1_49' title="bbox 124 3594 923 3669; baseline -0.005 -16"><span class='ocrx_word' id='word_1_526' title='bbox 124 3607 231 3669; x_wconf 88' lang='lat' dir='ltr'>partem</span> <span class='ocrx_word' id='word_1_527' title='bbox 242 3598 378 3668; x_wconf 89' lang='lat' dir='ltr'>opinionis</span> <span class='ocrx_word' id='word_1_528' title='bbox 389 3603 500 3651; x_wconf 71' lang='lat' dir='ltr'>uetustae</span> <span class='ocrx_word' id='word_1_529' title='bbox 514 3604 640 3666; x_wconf 91' lang='lat' dir='ltr'>tanquam</span> <span class='ocrx_word' id='word_1_530' title='bbox 653 3594 822 3664; x_wconf 87' lang='lat' dir='ltr'>probabilem</span> <span class='ocrx_word' id='word_1_531' title='bbox 835 3603 923 3649; x_wconf 86' lang='lat' dir='ltr'>reten-</span> 
     </span>
     <span class='ocr_line' id='line_1_50' title="bbox 125 3689 922 3767; baseline -0.006 -20"><span class='ocrx_word' id='word_1_532' title='bbox 125 3692 206 3757; x_wconf 87' lang='lat' dir='ltr'>tabit,</span> <span class='ocrx_word' id='word_1_533' title='bbox 218 3707 298 3761; x_wconf 88' lang='lat' dir='ltr'>quam</span> <span class='ocrx_word' id='word_1_534' title='bbox 306 3690 468 3746; x_wconf 88' lang='lat' dir='ltr'>Christianis</span> <span class='ocrx_word' id='word_1_535' title='bbox 483 3697 511 3743; x_wconf 90' lang='lat' dir='ltr'>et</span> <span class='ocrx_word' id='word_1_536' title='bbox 520 3689 609 3758; x_wconf 89' lang='lat' dir='ltr'>impiis</span> <span class='ocrx_word' id='word_1_537' title='bbox 620 3689 717 3767; x_wconf 63' lang='lat' dir='ltr'>trident</span> <span class='ocrx_word' id='word_1_538' title='bbox 729 3704 789 3744; x_wconf 88' lang='lat' dir='ltr'>csse</span> <span class='ocrx_word' id='word_1_539' title='bbox 801 3704 922 3743; x_wconf 88' lang='lat' dir='ltr'>commu-</span> 
     </span>
     <span class='ocr_line' id='line_1_51' title="bbox 126 3777 922 3852; baseline -0.001 -16"><span class='ocrx_word' id='word_1_540' title='bbox 126 3781 210 3836; x_wconf 81' lang='lat' dir='ltr'>nem?</span> <span class='ocrx_word' id='word_1_541' title='bbox 223 3781 372 3852; x_wconf 84' lang='lat' dir='ltr'>Abjiciatur</span> <span class='ocrx_word' id='word_1_542' title='bbox 391 3794 456 3850; x_wconf 90' lang='lat' dir='ltr'>crgo</span> <span class='ocrx_word' id='word_1_543' title='bbox 471 3795 486 3833; x_wconf 90' lang='lat' dir='ltr'>a</span> <span class='ocrx_word' id='word_1_544' title='bbox 500 3779 695 3834; x_wconf 87' lang='lat' dir='ltr'>consuetudine</span> <span class='ocrx_word' id='word_1_545' title='bbox 710 3777 830 3835; x_wconf 86' lang='lat' dir='ltr'>bdelium</span> <span class='ocrx_word' id='word_1_546' title='bbox 847 3780 922 3835; x_wconf 85' lang='lat' dir='ltr'>darn-</span> 
     </span>
     <span class='ocr_line' id='line_1_52' title="bbox 125 3871 923 3943; baseline -0.005 -13"><span class='ocrx_word' id='word_1_547' title='bbox 125 3875 216 3930; x_wconf 87' lang='lat' dir='ltr'>nanda</span> <span class='ocrx_word' id='word_1_548' title='bbox 226 3873 400 3943; x_wconf 83' lang='lat' dir='ltr'>peruersitas,</span> <span class='ocrx_word' id='word_1_549' title='bbox 414 3888 465 3928; x_wconf 90' lang='lat' dir='ltr'>nec</span> <span class='ocrx_word' id='word_1_550' title='bbox 477 3872 563 3928; x_wconf 91' lang='lat' dir='ltr'>honor</span> <span class='ocrx_word' id='word_1_551' title='bbox 572 3872 618 3926; x_wconf 92' lang='lat' dir='ltr'>uni</span> <span class='ocrx_word' id='word_1_552' title='bbox 630 3871 686 3927; x_wconf 78' lang='lat' dir='ltr'>lieo</span> <span class='ocrx_word' id='word_1_553' title='bbox 698 3872 812 3936; x_wconf 89' lang='lat' dir='ltr'>debitus,</span> <span class='ocrx_word' id='word_1_554' title='bbox 828 3888 923 3935; x_wconf 85' lang='lat' dir='ltr'>corum</span> 
     </span>
     <span class='ocr_line' id='line_1_53' title="bbox 125 3962 922 4035; baseline -0.003 -16"><span class='ocrx_word' id='word_1_555' title='bbox 125 3966 234 4031; x_wconf 87' lang='lat' dir='ltr'>ritibus,</span> <span class='ocrx_word' id='word_1_556' title='bbox 250 3964 433 4035; x_wconf 80' lang='lat' dir='ltr'>quiereaturis</span> <span class='ocrx_word' id='word_1_557' title='bbox 447 3964 579 4029; x_wconf 86' lang='lat' dir='ltr'>seruiunt,</span> <span class='ocrx_word' id='word_1_558' title='bbox 592 3964 751 4017; x_wconf 87' lang='lat' dir='ltr'>misceatur.</span> <span class='ocrx_word' id='word_1_559' title='bbox 767 3963 839 4016; x_wconf 85' lang='lat' dir='ltr'>Dicit</span> <span class='ocrx_word' id='word_1_560' title='bbox 849 3962 922 4017; x_wconf 92' lang='lat' dir='ltr'>enim</span> 
     </span>
     <span class='ocr_line' id='line_1_54' title="bbox 127 4048 922 4126; baseline -0.008 -15"><span class='ocrx_word' id='word_1_561' title='bbox 127 4055 268 4126; x_wconf 87' lang='lat' dir='ltr'>Scriptura</span> <span class='ocrx_word' id='word_1_562' title='bbox 286 4055 376 4110; x_wconf 72' lang='lat' dir='ltr'>divina</span> <span class='ocrx_word' id='word_1_563' title='bbox 401 4074 407 4109; x_wconf 92' lang='lat'><strong>:</strong></span> <span class='ocrx_word' id='word_1_564' title='bbox 437 4053 580 4108; x_wconf 75' lang='lat' dir='ltr'>bominum</span> <span class='ocrx_word' id='word_1_565' title='bbox 604 4051 688 4106; x_wconf 86' lang='lat' dir='ltr'>Dcunt</span> <span class='ocrx_word' id='word_1_566' title='bbox 706 4059 780 4104; x_wconf 84' lang='lat' dir='ltr'>luant</span> <span class='ocrx_word' id='word_1_567' title='bbox 799 4048 922 4107; x_wconf 81' lang='lat' dir='ltr'>adorabit</span> 
     </span>
     <span class='ocr_line' id='line_1_55' title="bbox 124 4138 920 4209; baseline -0.004 -13"><span class='ocrx_word' id='word_1_568' title='bbox 124 4152 149 4196; x_wconf 88' lang='lat' dir='ltr'>et</span> <span class='ocrx_word' id='word_1_569' title='bbox 163 4142 266 4197; x_wconf 72' lang='lat' dir='ltr'>illitati</span> <span class='ocrx_word' id='word_1_570' title='bbox 284 4143 389 4198; x_wconf 79' lang='lat' dir='ltr'>remica.</span> <span class='ocrx_word' id='word_1_571' title='bbox 407 4143 441 4197; x_wconf 86' lang='lat' dir='ltr'>Et</span> <span class='ocrx_word' id='word_1_572' title='bbox 451 4142 544 4197; x_wconf 89' lang='lat' dir='ltr'>beatus</span> <span class='ocrx_word' id='word_1_573' title='bbox 556 4141 617 4206; x_wconf 85' lang='lat' dir='ltr'>lob,</span> <span class='ocrx_word' id='word_1_574' title='bbox 631 4141 713 4195; x_wconf 90' lang='lat' dir='ltr'>homo</span> <span class='ocrx_word' id='word_1_575' title='bbox 725 4139 784 4194; x_wconf 89' lang='lat' dir='ltr'>sine</span> <span class='ocrx_word' id='word_1_576' title='bbox 798 4138 920 4209; x_wconf 90' lang='lat' dir='ltr'>querela,</span> 
     </span>
    </p>
   </div>
   <div class='ocr_carea' id='block_1_12' title="bbox 971 3317 1766 4210">
    <p class='ocr_par' dir='ltr' id='par_1_13' title="bbox 971 3317 1766 4210">
     <span class='ocr_line' id='line_1_56' title="bbox 971 3317 1764 3393; baseline 0.01 -23"><span class='ocrx_word' id='word_1_577' title='bbox 971 3317 1049 3372; x_wconf 89' lang='lat' dir='ltr'>bonis</span> <span class='ocrx_word' id='word_1_578' title='bbox 1061 3317 1153 3384; x_wconf 87' lang='lat' dir='ltr'>dediti,</span> <span class='ocrx_word' id='word_1_579' title='bbox 1168 3319 1215 3374; x_wconf 92' lang='lat' dir='ltr'>scd</span> <span class='ocrx_word' id='word_1_580' title='bbox 1236 3321 1346 3375; x_wconf 82' lang='lat' dir='ltr'>aeternis</span> <span class='ocrx_word' id='word_1_581' title='bbox 1369 3321 1453 3376; x_wconf 89' lang='lat' dir='ltr'>simus</span> <span class='ocrx_word' id='word_1_582' title='bbox 1468 3322 1575 3376; x_wconf 85' lang='lat' dir='ltr'>intenti.</span> <span class='ocrx_word' id='word_1_583' title='bbox 1600 3323 1634 3377; x_wconf 87' lang='lat' dir='ltr'>Et</span> <span class='ocrx_word' id='word_1_584' title='bbox 1647 3331 1677 3377; x_wconf 89' lang='lat' dir='ltr'>ut</span> <span class='ocrx_word' id='word_1_585' title='bbox 1689 3339 1764 3393; x_wconf 85' lang='lat' dir='ltr'>spent</span> 
     </span>
     <span class='ocr_line' id='line_1_57' title="bbox 972 3412 1766 3485; baseline 0.01 -22"><span class='ocrx_word' id='word_1_586' title='bbox 972 3418 1091 3464; x_wconf 82' lang='lat' dir='ltr'>nostram</span> <span class='ocrx_word' id='word_1_587' title='bbox 1114 3412 1249 3481; x_wconf 89' lang='lat' dir='ltr'>possimus</span> <span class='ocrx_word' id='word_1_588' title='bbox 1270 3413 1381 3483; x_wconf 91' lang='lat' dir='ltr'>propius</span> <span class='ocrx_word' id='word_1_589' title='bbox 1402 3415 1522 3480; x_wconf 87' lang='lat' dir='ltr'>intueri,</span> <span class='ocrx_word' id='word_1_590' title='bbox 1547 3415 1574 3471; x_wconf 89' lang='lat' dir='ltr'>in</span> <span class='ocrx_word' id='word_1_591' title='bbox 1596 3417 1655 3485; x_wconf 89' lang='lat' dir='ltr'>ipso</span> <span class='ocrx_word' id='word_1_592' title='bbox 1674 3431 1766 3472; x_wconf 88' lang='lat' dir='ltr'>sacra·</span> 
     </span>
     <span class='ocr_line' id='line_1_58' title="bbox 971 3503 1766 3576; baseline 0.015 -24"><span class='ocrx_word' id='word_1_593' title='bbox 971 3509 1063 3556; x_wconf 86' lang='lat' dir='ltr'>mento</span> <span class='ocrx_word' id='word_1_594' title='bbox 1075 3503 1171 3557; x_wconf 89' lang='lat' dir='ltr'>natalis</span> <span class='ocrx_word' id='word_1_595' title='bbox 1185 3504 1291 3558; x_wconf 85' lang='lat' dir='ltr'>Domini</span> <span class='ocrx_word' id='word_1_596' title='bbox 1306 3505 1456 3576; x_wconf 88' lang='lat' dir='ltr'>cogitemus</span> <span class='ocrx_word' id='word_1_597' title='bbox 1468 3507 1532 3575; x_wconf 83' lang='lat' dir='ltr'>quid</span> <span class='ocrx_word' id='word_1_598' title='bbox 1549 3517 1652 3563; x_wconf 74' lang='lat' dir='ltr'>natiuae</span> <span class='ocrx_word' id='word_1_599' title='bbox 1666 3518 1766 3564; x_wconf 74' lang='lat' dir='ltr'>nostre</span> 
     </span>
     <span class='ocr_line' id='line_1_59' title="bbox 972 3591 1765 3667; baseline 0.013 -23"><span class='ocrx_word' id='word_1_600' title='bbox 972 3591 1057 3662; x_wconf 90' lang='lat' dir='ltr'>gratia</span> <span class='ocrx_word' id='word_1_601' title='bbox 1067 3592 1156 3646; x_wconf 85' lang='lat' dir='ltr'>diuina</span> <span class='ocrx_word' id='word_1_602' title='bbox 1169 3593 1324 3648; x_wconf 89' lang='lat' dir='ltr'>contulerit.</span> <span class='ocrx_word' id='word_1_603' title='bbox 1345 3595 1492 3652; x_wconf 74' lang='lat' dir='ltr'>Audiamus</span> <span class='ocrx_word' id='word_1_604' title='bbox 1504 3596 1663 3667; x_wconf 76' lang='lat' dir='ltr'>Apostolum</span> <span class='ocrx_word' id='word_1_605' title='bbox 1676 3598 1765 3654; x_wconf 87' lang='lat' dir='ltr'>dicen-</span> 
     </span>
     <span class='ocr_line' id='line_1_60' title="bbox 973 3684 1764 3748; baseline 0.006 -9"><span class='ocrx_word' id='word_1_606' title='bbox 973 3693 1046 3740; x_wconf 88' lang='lat' dir='ltr'>tem:</span> <span class='ocrx_word' id='word_1_607' title='bbox 1063 3684 1163 3739; x_wconf 85' lang='lat' dir='ltr'>llortui</span> <span class='ocrx_word' id='word_1_608' title='bbox 1175 3688 1243 3740; x_wconf 88' lang='lat' dir='ltr'>enim</span> <span class='ocrx_word' id='word_1_609' title='bbox 1258 3689 1329 3748; x_wconf 84' lang='lat' dir='ltr'>estis,</span> <span class='ocrx_word' id='word_1_610' title='bbox 1344 3699 1369 3742; x_wconf 90' lang='lat' dir='ltr'>et</span> <span class='ocrx_word' id='word_1_611' title='bbox 1389 3688 1439 3742; x_wconf 87' lang='lat' dir='ltr'>rite</span> <span class='ocrx_word' id='word_1_612' title='bbox 1455 3698 1539 3742; x_wconf 85' lang='lat' dir='ltr'>uestra</span> <span class='ocrx_word' id='word_1_613' title='bbox 1555 3689 1707 3742; x_wconf 80' lang='lat' dir='ltr'>abscondita</span> <span class='ocrx_word' id='word_1_614' title='bbox 1727 3701 1764 3744; x_wconf 82' lang='lat' dir='ltr'>eat</span> 
     </span>
     <span class='ocr_line' id='line_1_61' title="bbox 972 3777 1764 3850; baseline 0.005 -17"><span class='ocrx_word' id='word_1_615' title='bbox 972 3795 1030 3833; x_wconf 89' lang='lat' dir='ltr'>cum</span> <span class='ocrx_word' id='word_1_616' title='bbox 1045 3777 1148 3833; x_wconf 79' lang='lat' dir='ltr'>Christo</span> <span class='ocrx_word' id='word_1_617' title='bbox 1169 3780 1196 3833; x_wconf 86' lang='lat' dir='ltr'>in</span> <span class='ocrx_word' id='word_1_618' title='bbox 1214 3779 1279 3833; x_wconf 81' lang='lat' dir='ltr'>neo.</span> <span class='ocrx_word' id='word_1_619' title='bbox 1305 3778 1370 3834; x_wconf 83' lang='lat' dir='ltr'>Catu</span> <span class='ocrx_word' id='word_1_620' title='bbox 1389 3780 1509 3834; x_wconf 84' lang='lat' dir='ltr'>Christus</span> <span class='ocrx_word' id='word_1_621' title='bbox 1524 3781 1645 3850; x_wconf 83' lang='lat' dir='ltr'>apparuit</span> <span class='ocrx_word' id='word_1_622' title='bbox 1659 3781 1712 3833; x_wconf 84' lang='lat' dir='ltr'>uita</span> <span class='ocrx_word' id='word_1_623' title='bbox 1723 3798 1764 3836; x_wconf 86' lang='lat' dir='ltr'>rt·</span> 
     </span>
     <span class='ocr_line' id='line_1_62' title="bbox 971 3868 1697 3939; baseline -0.004 -15"><span class='ocrx_word' id='word_1_624' title='bbox 971 3877 1038 3932; x_wconf 79' lang='lat' dir='ltr'>stru,</span> <span class='ocrx_word' id='word_1_625' title='bbox 1052 3877 1115 3921; x_wconf 83' lang='lat' dir='ltr'>trtrrc</span> <span class='ocrx_word' id='word_1_626' title='bbox 1128 3877 1151 3921; x_wconf 88' lang='lat' dir='ltr'>ct</span> <span class='ocrx_word' id='word_1_627' title='bbox 1162 3884 1205 3921; x_wconf 84' lang='lat' dir='ltr'>eos</span> <span class='ocrx_word' id='word_1_628' title='bbox 1217 3868 1376 3938; x_wconf 75' lang='lat' dir='ltr'>apparebitis</span> <span class='ocrx_word' id='word_1_629' title='bbox 1391 3885 1450 3922; x_wconf 85' lang='lat' dir='ltr'>curn</span> <span class='ocrx_word' id='word_1_630' title='bbox 1464 3871 1520 3939; x_wconf 83' lang='lat' dir='ltr'>ipso</span> <span class='ocrx_word' id='word_1_631' title='bbox 1534 3870 1561 3922; x_wconf 89' lang='lat' dir='ltr'>iu</span> <span class='ocrx_word' id='word_1_632' title='bbox 1577 3869 1671 3938; x_wconf 78' lang='lat' dir='ltr'>gloria.</span> <span class='ocrx_word' id='word_1_633' title='bbox 1688 3890 1697 3921; x_wconf 86' lang='lat' dir='ltr'>r</span> 
     </span>
     <span class='ocr_line' id='line_1_63' title="bbox 1008 3954 1765 4028; baseline 0.007 -18"><span class='ocrx_word' id='word_1_634' title='bbox 1008 3954 1125 4010; x_wconf 72' lang='lat' dir='ltr'>xxviii.</span> <span class='ocrx_word' id='word_1_635' title='bbox 1135 3956 1164 4010; x_wconf 92' lang='lat' dir='ltr'>lu</span> <span class='ocrx_word' id='word_1_636' title='bbox 1175 3956 1273 4025; x_wconf 89' lang='lat' dir='ltr'>quibus</span> <span class='ocrx_word' id='word_1_637' title='bbox 1286 3957 1357 4011; x_wconf 90' lang='lat' dir='ltr'>beati</span> <span class='ocrx_word' id='word_1_638' title='bbox 1368 3973 1444 4028; x_wconf 85' lang='lat' dir='ltr'>papae</span> <span class='ocrx_word' id='word_1_639' title='bbox 1454 3966 1481 4013; x_wconf 92' lang='lat' dir='ltr'>et</span> <span class='ocrx_word' id='word_1_640' title='bbox 1491 3959 1635 4014; x_wconf 85' lang='lat' dir='ltr'>orthodoxi</span> <span class='ocrx_word' id='word_1_641' title='bbox 1646 3959 1765 4016; x_wconf 87' lang='lat' dir='ltr'>doctoris</span> 
     </span>
     <span class='ocr_line' id='line_1_64' title="bbox 972 4047 1762 4123; baseline 0.01 -22"><span class='ocrx_word' id='word_1_642' title='bbox 972 4047 1062 4103; x_wconf 90' lang='lat' dir='ltr'>rcrbis</span> <span class='ocrx_word' id='word_1_643' title='bbox 1087 4063 1259 4120; x_wconf 90' lang='lat' dir='ltr'>summopere</span> <span class='ocrx_word' id='word_1_644' title='bbox 1284 4050 1452 4120; x_wconf 84' lang='lat' dir='ltr'>perrsandum</span> <span class='ocrx_word' id='word_1_645' title='bbox 1475 4060 1528 4119; x_wconf 91' lang='lat' dir='ltr'>est,</span> <span class='ocrx_word' id='word_1_646' title='bbox 1549 4052 1612 4123; x_wconf 78' lang='lat' dir='ltr'>(quia</span> <span class='ocrx_word' id='word_1_647' title='bbox 1634 4053 1658 4108; x_wconf 92' lang='lat' dir='ltr'>si</span> <span class='ocrx_word' id='word_1_648' title='bbox 1680 4068 1762 4123; x_wconf 87' lang='lat' dir='ltr'>opera</span> 
     </span>
     <span class='ocr_line' id='line_1_65' title="bbox 973 4139 1761 4210; baseline 0.009 -15"><span class='ocrx_word' id='word_1_649' title='bbox 973 4153 1100 4195; x_wconf 90' lang='lat' dir='ltr'>manuum</span> <span class='ocrx_word' id='word_1_650' title='bbox 1113 4139 1162 4195; x_wconf 87' lang='lat' dir='ltr'>Dei</span> <span class='ocrx_word' id='word_1_651' title='bbox 1182 4154 1234 4195; x_wconf 90' lang='lat' dir='ltr'>nou</span> <span class='ocrx_word' id='word_1_652' title='bbox 1248 4150 1311 4197; x_wconf 90' lang='lat' dir='ltr'>sunt</span> <span class='ocrx_word' id='word_1_653' title='bbox 1328 4142 1464 4198; x_wconf 91' lang='lat' dir='ltr'>adoranda</span> <span class='ocrx_word' id='word_1_654' title='bbox 1480 4153 1507 4198; x_wconf 90' lang='lat' dir='ltr'>et</span> <span class='ocrx_word' id='word_1_655' title='bbox 1523 4144 1644 4210; x_wconf 90' lang='lat' dir='ltr'>colenda,</span> <span class='ocrx_word' id='word_1_656' title='bbox 1665 4160 1716 4201; x_wconf 90' lang='lat' dir='ltr'>nec</span> <span class='ocrx_word' id='word_1_657' title='bbox 1732 4145 1761 4201; x_wconf 89' lang='lat' dir='ltr'>in</span> 
     </span>
    </p>
   </div>
   <div class='ocr_carea' id='block_1_13' title="bbox 121 4231 1764 5031">
    <p class='ocr_par' dir='ltr' id='par_1_14' title="bbox 121 4231 1764 5031">
     <span class='ocr_line' id='line_1_66' title="bbox 124 4231 1764 4306; baseline 0.002 -18"><span class='ocrx_word' id='word_1_658' title='bbox 124 4243 154 4288; x_wconf 89' lang='lat' dir='ltr'>ut</span> <span class='ocrx_word' id='word_1_659' title='bbox 166 4234 205 4289; x_wconf 89' lang='lat' dir='ltr'>ait</span> <span class='ocrx_word' id='word_1_660' title='bbox 218 4234 358 4300; x_wconf 81' lang='lat' dir='ltr'>bantinus,</span> <span class='ocrx_word' id='word_1_661' title='bbox 382 4243 410 4290; x_wconf 91' lang='lat' dir='ltr'>ct</span> <span class='ocrx_word' id='word_1_662' title='bbox 421 4235 565 4290; x_wconf 87' lang='lat' dir='ltr'>continens</span> <span class='ocrx_word' id='word_1_663' title='bbox 587 4248 616 4289; x_wconf 90' lang='lat' dir='ltr'>se</span> <span class='ocrx_word' id='word_1_664' title='bbox 639 4231 674 4287; x_wconf 86' lang='lat' dir='ltr'>ab</span> <span class='ocrx_word' id='word_1_665' title='bbox 688 4231 763 4288; x_wconf 89' lang='lat' dir='ltr'>omni</span> <span class='ocrx_word' id='word_1_666' title='bbox 786 4246 816 4287; x_wconf 89' lang='lat' dir='ltr'>re</span> <span class='ocrx_word' id='word_1_667' title='bbox 830 4232 920 4286; x_wconf 90' lang='lat' dir='ltr'>mala:</span> <span class='ocrx_word' id='word_1_668' title='bbox 972 4231 1102 4287; x_wconf 92' lang='lat' dir='ltr'>bonorem</span> <span class='ocrx_word' id='word_1_669' title='bbox 1119 4232 1190 4299; x_wconf 86' lang='lat' dir='ltr'>Deo;</span> <span class='ocrx_word' id='word_1_670' title='bbox 1205 4242 1306 4302; x_wconf 93' lang='lat' dir='ltr'>quanto</span> <span class='ocrx_word' id='word_1_671' title='bbox 1324 4234 1411 4305; x_wconf 87' lang='lat' dir='ltr'>magis</span> <span class='ocrx_word' id='word_1_672' title='bbox 1431 4249 1513 4306; x_wconf 89' lang='lat' dir='ltr'>opera</span> <span class='ocrx_word' id='word_1_673' title='bbox 1528 4251 1657 4290; x_wconf 87' lang='lat' dir='ltr'>manuum</span> <span class='ocrx_word' id='word_1_674' title='bbox 1677 4236 1764 4292; x_wconf 85' lang='lat' dir='ltr'>borni·</span> 
     </span>
     <span class='ocr_line' id='line_1_67' title="bbox 124 4320 1760 4397; baseline 0.003 -18"><span class='ocrx_word' id='word_1_675' title='bbox 124 4323 255 4397; x_wconf 80' lang='lat' dir='ltr'>Natiquid</span> <span class='ocrx_word' id='word_1_676' title='bbox 268 4326 332 4391; x_wconf 81' lang='lat' dir='ltr'>ridi,</span> <span class='ocrx_word' id='word_1_677' title='bbox 353 4326 450 4396; x_wconf 89' lang='lat' dir='ltr'>inquit,</span> <span class='ocrx_word' id='word_1_678' title='bbox 467 4323 556 4388; x_wconf 82' lang='lat' dir='ltr'>rolern,</span> <span class='ocrx_word' id='word_1_679' title='bbox 574 4339 633 4378; x_wconf 81' lang='lat' dir='ltr'>cunr</span> <span class='ocrx_word' id='word_1_680' title='bbox 652 4324 774 4396; x_wconf 72' lang='lat' dir='ltr'>fulgeret,</span> <span class='ocrx_word' id='word_1_681' title='bbox 794 4331 817 4376; x_wconf 86' lang='lat' dir='ltr'>et</span> <span class='ocrx_word' id='word_1_682' title='bbox 831 4320 921 4375; x_wconf 86' lang='lat' dir='ltr'>lunum</span> <span class='ocrx_word' id='word_1_683' title='bbox 972 4340 1036 4379; x_wconf 86' lang='lat' dir='ltr'>nuru</span> <span class='ocrx_word' id='word_1_684' title='bbox 1058 4340 1112 4380; x_wconf 93' lang='lat' dir='ltr'>non</span> <span class='ocrx_word' id='word_1_685' title='bbox 1139 4333 1203 4380; x_wconf 90' lang='lat' dir='ltr'>sunt</span> <span class='ocrx_word' id='word_1_686' title='bbox 1233 4326 1370 4381; x_wconf 88' lang='lat' dir='ltr'>adoranda</span> <span class='ocrx_word' id='word_1_687' title='bbox 1384 4333 1412 4382; x_wconf 90' lang='lat' dir='ltr'>et</span> <span class='ocrx_word' id='word_1_688' title='bbox 1430 4327 1550 4392; x_wconf 87' lang='lat' dir='ltr'>colenda,</span> <span class='ocrx_word' id='word_1_689' title='bbox 1565 4343 1615 4383; x_wconf 89' lang='lat' dir='ltr'>nec</span> <span class='ocrx_word' id='word_1_690' title='bbox 1629 4328 1655 4382; x_wconf 92' lang='lat' dir='ltr'>in</span> <span class='ocrx_word' id='word_1_691' title='bbox 1674 4329 1760 4384; x_wconf 93' lang='lat' dir='ltr'>hono·</span> 
     </span>
     <span class='ocr_line' id='line_1_68' title="bbox 122 4413 1764 4486; baseline 0.002 -17"><span class='ocrx_word' id='word_1_692' title='bbox 122 4416 285 4471; x_wconf 85' lang='lat' dir='ltr'>incedentem</span> <span class='ocrx_word' id='word_1_693' title='bbox 305 4416 396 4482; x_wconf 85' lang='lat' dir='ltr'>clare,</span> <span class='ocrx_word' id='word_1_694' title='bbox 422 4425 445 4470; x_wconf 88' lang='lat' dir='ltr'>et</span> <span class='ocrx_word' id='word_1_695' title='bbox 464 4414 583 4469; x_wconf 78' lang='lat' dir='ltr'>lutatam</span> <span class='ocrx_word' id='word_1_696' title='bbox 602 4424 639 4468; x_wconf 85' lang='lat' dir='ltr'>cst</span> <span class='ocrx_word' id='word_1_697' title='bbox 658 4430 686 4468; x_wconf 90' lang='lat' dir='ltr'>tn</span> <span class='ocrx_word' id='word_1_698' title='bbox 706 4413 859 4469; x_wconf 83' lang='lat' dir='ltr'>abscondito</span> <span class='ocrx_word' id='word_1_699' title='bbox 876 4428 922 4469; x_wconf 89' lang='lat' dir='ltr'>cor</span> <span class='ocrx_word' id='word_1_700' title='bbox 973 4432 1030 4471; x_wconf 88' lang='lat' dir='ltr'>reru</span> <span class='ocrx_word' id='word_1_701' title='bbox 1052 4430 1145 4472; x_wconf 89' lang='lat' dir='ltr'>eorum</span> <span class='ocrx_word' id='word_1_702' title='bbox 1172 4431 1286 4486; x_wconf 89' lang='lat' dir='ltr'>quorum</span> <span class='ocrx_word' id='word_1_703' title='bbox 1309 4417 1500 4473; x_wconf 88' lang='lat' dir='ltr'>similitudines</span> <span class='ocrx_word' id='word_1_704' title='bbox 1529 4432 1589 4473; x_wconf 90' lang='lat' dir='ltr'>esse</span> <span class='ocrx_word' id='word_1_705' title='bbox 1616 4418 1764 4472; x_wconf 83' lang='lat' dir='ltr'>dicuntur?</span> 
     </span>
     <span class='ocr_line' id='line_1_69' title="bbox 122 4475 1763 4577; baseline 0 -17"><span class='ocrx_word' id='word_1_706' title='bbox 122 4524 222 4573; x_wconf 79' lang='lat' dir='ltr'>nucum,</span> <span class='ocrx_word' id='word_1_707' title='bbox 240 4517 264 4562; x_wconf 92' lang='lat' dir='ltr'>et</span> <span class='ocrx_word' id='word_1_708' title='bbox 277 4505 410 4562; x_wconf 83' lang='lat' dir='ltr'>osculatur</span> <span class='ocrx_word' id='word_1_709' title='bbox 422 4523 480 4562; x_wconf 78' lang='lat' dir='ltr'>surra</span> <span class='ocrx_word' id='word_1_710' title='bbox 491 4522 599 4559; x_wconf 75' lang='lat' dir='ltr'>inunum</span> <span class='ocrx_word' id='word_1_711' title='bbox 617 4523 721 4570; x_wconf 81' lang='lat' dir='ltr'>ancum,</span> <span class='ocrx_word' id='word_1_712' title='bbox 735 4506 805 4576; x_wconf 87' lang='lat' dir='ltr'>quod</span> <span class='ocrx_word' id='word_1_713' title='bbox 818 4517 856 4561; x_wconf 84' lang='lat' dir='ltr'>est</span> <span class='ocrx_word' id='word_1_714' title='bbox 870 4506 921 4561; x_wconf 90' lang='lat' dir='ltr'>ini-</span> <span class='ocrx_word' id='word_1_715' title='bbox 932 4475 959 4535; x_wconf 78' lang='lat' dir='ltr'>D</span> <span class='ocrx_word' id='word_1_716' title='bbox 971 4505 1039 4560; x_wconf 90' lang='lat' dir='ltr'>Nam</span> <span class='ocrx_word' id='word_1_717' title='bbox 1049 4506 1073 4561; x_wconf 90' lang='lat' dir='ltr'>si</span> <span class='ocrx_word' id='word_1_718' title='bbox 1090 4506 1144 4560; x_wconf 91' lang='lat' dir='ltr'>ulla</span> <span class='ocrx_word' id='word_1_719' title='bbox 1159 4506 1247 4577; x_wconf 89' lang='lat' dir='ltr'>imago</span> <span class='ocrx_word' id='word_1_720' title='bbox 1259 4515 1331 4561; x_wconf 87' lang='lat' dir='ltr'>esset</span> <span class='ocrx_word' id='word_1_721' title='bbox 1344 4506 1481 4562; x_wconf 82' lang='lat' dir='ltr'>adoranda</span> <span class='ocrx_word' id='word_1_722' title='bbox 1494 4505 1537 4560; x_wconf 88' lang='lat' dir='ltr'>rel</span> <span class='ocrx_word' id='word_1_723' title='bbox 1548 4506 1670 4569; x_wconf 89' lang='lat' dir='ltr'>colenda,</span> <span class='ocrx_word' id='word_1_724' title='bbox 1683 4521 1763 4561; x_wconf 88' lang='lat' dir='ltr'>crea·</span> 
     </span>
     <span class='ocr_line' id='line_1_70' title="bbox 121 4593 1760 4667; baseline -0.001 -17"><span class='ocrx_word' id='word_1_725' title='bbox 121 4597 210 4667; x_wconf 79' lang='lat' dir='ltr'>quites</span> <span class='ocrx_word' id='word_1_726' title='bbox 233 4597 359 4662; x_wconf 80' lang='lat' dir='ltr'>munima,</span> <span class='ocrx_word' id='word_1_727' title='bbox 383 4605 406 4650; x_wconf 91' lang='lat' dir='ltr'>et</span> <span class='ocrx_word' id='word_1_728' title='bbox 421 4595 524 4665; x_wconf 76' lang='lat' dir='ltr'>negatio</span> <span class='ocrx_word' id='word_1_729' title='bbox 545 4604 637 4648; x_wconf 85' lang='lat' dir='ltr'>corum</span> <span class='ocrx_word' id='word_1_730' title='bbox 653 4595 736 4649; x_wconf 77' lang='lat' dir='ltr'>Deum</span> <span class='ocrx_word' id='word_1_731' title='bbox 751 4594 918 4648; x_wconf 81' lang='lat' dir='ltr'>altissimum.</span> <span class='ocrx_word' id='word_1_732' title='bbox 970 4597 1037 4653; x_wconf 88' lang='lat' dir='ltr'>toris</span> <span class='ocrx_word' id='word_1_733' title='bbox 1053 4596 1144 4667; x_wconf 91' lang='lat' dir='ltr'>potius</span> <span class='ocrx_word' id='word_1_734' title='bbox 1158 4605 1229 4651; x_wconf 89' lang='lat' dir='ltr'>esset</span> <span class='ocrx_word' id='word_1_735' title='bbox 1245 4611 1327 4665; x_wconf 91' lang='lat' dir='ltr'>quam</span> <span class='ocrx_word' id='word_1_736' title='bbox 1343 4603 1485 4650; x_wconf 83' lang='lat' dir='ltr'>creaturae.</span> <span class='ocrx_word' id='word_1_737' title='bbox 1501 4593 1603 4664; x_wconf 85' lang='lat' dir='ltr'>Neurpe</span> <span class='ocrx_word' id='word_1_738' title='bbox 1623 4593 1760 4649; x_wconf 86' lang='lat' dir='ltr'>bominem</span> 
     </span>
     <span class='ocr_line' id='line_1_71' title="bbox 122 4681 1763 4758; baseline -0.001 -18"><span class='ocrx_word' id='word_1_739' title='bbox 122 4686 194 4754; x_wconf 86' lang='lat' dir='ltr'>Quid</span> <span class='ocrx_word' id='word_1_740' title='bbox 206 4696 249 4742; x_wconf 88' lang='lat' dir='ltr'>est</span> <span class='ocrx_word' id='word_1_741' title='bbox 263 4696 353 4742; x_wconf 89' lang='lat' dir='ltr'>autem</span> <span class='ocrx_word' id='word_1_742' title='bbox 374 4686 423 4751; x_wconf 87' lang='lat' dir='ltr'>soi,</span> <span class='ocrx_word' id='word_1_743' title='bbox 444 4686 487 4741; x_wconf 89' lang='lat' dir='ltr'>rei</span> <span class='ocrx_word' id='word_1_744' title='bbox 501 4685 564 4755; x_wconf 91' lang='lat' dir='ltr'>quid</span> <span class='ocrx_word' id='word_1_745' title='bbox 586 4693 629 4740; x_wconf 89' lang='lat' dir='ltr'>est</span> <span class='ocrx_word' id='word_1_746' title='bbox 643 4686 717 4751; x_wconf 89' lang='lat' dir='ltr'>iuna,</span> <span class='ocrx_word' id='word_1_747' title='bbox 741 4687 792 4742; x_wconf 90' lang='lat' dir='ltr'>nisi</span> <span class='ocrx_word' id='word_1_748' title='bbox 805 4685 919 4742; x_wconf 88' lang='lat' dir='ltr'>risibilis</span> <span class='ocrx_word' id='word_1_749' title='bbox 968 4687 1034 4743; x_wconf 87' lang='lat' dir='ltr'>iecit</span> <span class='ocrx_word' id='word_1_750' title='bbox 1049 4688 1120 4743; x_wconf 85' lang='lat' dir='ltr'>Deus</span> <span class='ocrx_word' id='word_1_751' title='bbox 1134 4687 1169 4742; x_wconf 88' lang='lat' dir='ltr'>ad</span> <span class='ocrx_word' id='word_1_752' title='bbox 1186 4687 1332 4758; x_wconf 86' lang='lat' dir='ltr'>imaginem</span> <span class='ocrx_word' id='word_1_753' title='bbox 1348 4694 1375 4740; x_wconf 90' lang='lat' dir='ltr'>et</span> <span class='ocrx_word' id='word_1_754' title='bbox 1395 4685 1606 4741; x_wconf 90' lang='lat' dir='ltr'>similitudinem·</span> <span class='ocrx_word' id='word_1_755' title='bbox 1625 4682 1683 4738; x_wconf 81' lang='lat' dir='ltr'>nei.</span> <span class='ocrx_word' id='word_1_756' title='bbox 1708 4681 1763 4739; x_wconf 87' lang='lat' dir='ltr'>lio-</span> 
     </span>
     <span class='ocr_line' id='line_1_72' title="bbox 122 4774 1760 4849; baseline -0.002 -16"><span class='ocrx_word' id='word_1_757' title='bbox 122 4788 258 4834; x_wconf 81' lang='lat' dir='ltr'>creaturae</span> <span class='ocrx_word' id='word_1_758' title='bbox 273 4787 301 4834; x_wconf 86' lang='lat' dir='ltr'>et</span> <span class='ocrx_word' id='word_1_759' title='bbox 319 4793 456 4849; x_wconf 72' lang='lat' dir='ltr'>corporeae</span> <span class='ocrx_word' id='word_1_760' title='bbox 472 4777 540 4831; x_wconf 90' lang='lat' dir='ltr'>lucis</span> <span class='ocrx_word' id='word_1_761' title='bbox 558 4791 702 4841; x_wconf 87' lang='lat' dir='ltr'>crementa,</span> <span class='ocrx_word' id='word_1_762' title='bbox 720 4792 835 4846; x_wconf 91' lang='lat' dir='ltr'>quorum</span> <span class='ocrx_word' id='word_1_763' title='bbox 850 4792 920 4832; x_wconf 86' lang='lat' dir='ltr'>urrus</span> <span class='ocrx_word' id='word_1_764' title='bbox 968 4795 1013 4834; x_wconf 83' lang='lat' dir='ltr'>nro</span> <span class='ocrx_word' id='word_1_765' title='bbox 1027 4787 1117 4834; x_wconf 91' lang='lat' dir='ltr'>autem</span> <span class='ocrx_word' id='word_1_766' title='bbox 1134 4777 1224 4834; x_wconf 86' lang='lat' dir='ltr'>lacere</span> <span class='ocrx_word' id='word_1_767' title='bbox 1240 4794 1294 4835; x_wconf 91' lang='lat' dir='ltr'>non</span> <span class='ocrx_word' id='word_1_768' title='bbox 1313 4786 1402 4848; x_wconf 87' lang='lat' dir='ltr'>potest</span> <span class='ocrx_word' id='word_1_769' title='bbox 1424 4777 1583 4847; x_wconf 86' lang='lat' dir='ltr'>quidquam,</span> <span class='ocrx_word' id='word_1_770' title='bbox 1600 4777 1627 4831; x_wconf 93' lang='lat' dir='ltr'>in</span> <span class='ocrx_word' id='word_1_771' title='bbox 1640 4790 1695 4845; x_wconf 95' lang='lat' dir='ltr'>quo</span> <span class='ocrx_word' id='word_1_772' title='bbox 1724 4774 1760 4830; x_wconf 91' lang='lat' dir='ltr'>sit</span> 
     </span>
     <span class='ocr_line' id='line_1_73' title="bbox 122 4865 1759 4937; baseline -0.001 -15"><span class='ocrx_word' id='word_1_773' title='bbox 122 4868 236 4937; x_wconf 84' lang='lat' dir='ltr'>majoris</span> <span class='ocrx_word' id='word_1_774' title='bbox 253 4869 397 4933; x_wconf 85' lang='lat' dir='ltr'>claritatis,</span> <span class='ocrx_word' id='word_1_775' title='bbox 414 4867 487 4923; x_wconf 89' lang='lat' dir='ltr'>aliud</span> <span class='ocrx_word' id='word_1_776' title='bbox 506 4866 619 4920; x_wconf 82' lang='lat' dir='ltr'>mitioris</span> <span class='ocrx_word' id='word_1_777' title='bbox 637 4875 680 4920; x_wconf 90' lang='lat' dir='ltr'>est</span> <span class='ocrx_word' id='word_1_778' title='bbox 697 4866 826 4921; x_wconf 79' lang='lat' dir='ltr'>luminis?</span> <span class='ocrx_word' id='word_1_779' title='bbox 841 4865 919 4922; x_wconf 83' lang='lat' dir='ltr'>Sicut</span> <span class='ocrx_word' id='word_1_780' title='bbox 967 4871 1115 4927; x_wconf 86' lang='lat' dir='ltr'>similitudo</span> <span class='ocrx_word' id='word_1_781' title='bbox 1129 4871 1246 4926; x_wconf 87' lang='lat' dir='ltr'>hominis</span> <span class='ocrx_word' id='word_1_782' title='bbox 1265 4872 1292 4925; x_wconf 93' lang='lat' dir='ltr'>in</span> <span class='ocrx_word' id='word_1_783' title='bbox 1310 4879 1400 4925; x_wconf 81' lang='lat' dir='ltr'>rnerrte</span> <span class='ocrx_word' id='word_1_784' title='bbox 1421 4870 1535 4924; x_wconf 87' lang='lat' dir='ltr'>ratione.</span> <span class='ocrx_word' id='word_1_785' title='bbox 1549 4867 1614 4922; x_wconf 84' lang='lat' dir='ltr'>Nam</span> <span class='ocrx_word' id='word_1_786' title='bbox 1630 4868 1652 4923; x_wconf 90' lang='lat' dir='ltr'>si</span> <span class='ocrx_word' id='word_1_787' title='bbox 1667 4867 1759 4935; x_wconf 79' lang='lat' dir='ltr'>expri-</span> 
     </span>
     <span class='ocr_line' id='line_1_74' title="bbox 121 4955 1760 5031; baseline -0.003 -18"><span class='ocrx_word' id='word_1_788' title='bbox 121 4960 196 5014; x_wconf 90' lang='lat' dir='ltr'>enim</span> <span class='ocrx_word' id='word_1_789' title='bbox 209 4959 261 5014; x_wconf 92' lang='lat' dir='ltr'>alia</span> <span class='ocrx_word' id='word_1_790' title='bbox 282 4960 390 5025; x_wconf 86' lang='lat' dir='ltr'>dirrrna,</span> <span class='ocrx_word' id='word_1_791' title='bbox 414 4959 466 5012; x_wconf 91' lang='lat' dir='ltr'>alia</span> <span class='ocrx_word' id='word_1_792' title='bbox 481 4966 613 5013; x_wconf 90' lang='lat' dir='ltr'>nocturna</span> <span class='ocrx_word' id='word_1_793' title='bbox 637 4963 698 5011; x_wconf 90' lang='lat' dir='ltr'>sunt</span> <span class='ocrx_word' id='word_1_794' title='bbox 722 4964 853 5026; x_wconf 89' lang='lat' dir='ltr'>tempora,</span> <span class='ocrx_word' id='word_1_795' title='bbox 877 4957 916 5012; x_wconf 89' lang='lat' dir='ltr'>ita</span> <span class='ocrx_word' id='word_1_796' title='bbox 969 4961 1018 5015; x_wconf 92' lang='lat' dir='ltr'>mit</span> <span class='ocrx_word' id='word_1_797' title='bbox 1030 4968 1167 5030; x_wconf 90' lang='lat' dir='ltr'>utcunque</span> <span class='ocrx_word' id='word_1_798' title='bbox 1186 4960 1333 5031; x_wconf 89' lang='lat' dir='ltr'>sculpendo</span> <span class='ocrx_word' id='word_1_799' title='bbox 1345 4959 1388 5013; x_wconf 86' lang='lat' dir='ltr'>rel</span> <span class='ocrx_word' id='word_1_800' title='bbox 1401 4959 1537 5029; x_wconf 90' lang='lat' dir='ltr'>pingendo</span> <span class='ocrx_word' id='word_1_801' title='bbox 1550 4957 1668 5027; x_wconf 88' lang='lat' dir='ltr'>aliquam</span> <span class='ocrx_word' id='word_1_802' title='bbox 1683 4955 1760 5009; x_wconf 91' lang='lat' dir='ltr'>simi·</span> 
     </span>
    </p>
   </div>
   <div class='ocr_carea' id='block_1_14' title="bbox 119 5046 919 5754">
    <p class='ocr_par' dir='ltr' id='par_1_15' title="bbox 119 5046 919 5754">
     <span class='ocr_line' id='line_1_75' title="bbox 120 5046 917 5118; baseline -0.003 -14"><span class='ocrx_word' id='word_1_803' title='bbox 120 5049 259 5106; x_wconf 82' lang='lat' dir='ltr'>diuersam</span> <span class='ocrx_word' id='word_1_804' title='bbox 284 5050 312 5105; x_wconf 88' lang='lat' dir='ltr'>in</span> <span class='ocrx_word' id='word_1_805' title='bbox 335 5048 514 5104; x_wconf 89' lang='lat' dir='ltr'>luminaribus</span> <span class='ocrx_word' id='word_1_806' title='bbox 531 5047 688 5118; x_wconf 86' lang='lat' dir='ltr'>qualitatem</span> <span class='ocrx_word' id='word_1_807' title='bbox 711 5046 825 5103; x_wconf 87' lang='lat' dir='ltr'>Creator</span> <span class='ocrx_word' id='word_1_808' title='bbox 839 5046 917 5102; x_wconf 91' lang='lat' dir='ltr'>iusti·</span> 
     </span>
     <span class='ocr_line' id='line_1_76' title="bbox 122 5136 917 5209; baseline -0.001 -13"><span class='ocrx_word' id='word_1_809' title='bbox 122 5142 196 5207; x_wconf 88' lang='lat' dir='ltr'>tuit;</span> <span class='ocrx_word' id='word_1_810' title='bbox 217 5157 280 5196; x_wconf 90' lang='lat' dir='ltr'>cum</span> <span class='ocrx_word' id='word_1_811' title='bbox 297 5149 388 5195; x_wconf 88' lang='lat' dir='ltr'>tamen</span> <span class='ocrx_word' id='word_1_812' title='bbox 401 5139 478 5209; x_wconf 92' lang='lat' dir='ltr'>prius</span> <span class='ocrx_word' id='word_1_813' title='bbox 500 5154 582 5209; x_wconf 85' lang='lat' dir='ltr'>quam</span> <span class='ocrx_word' id='word_1_814' title='bbox 600 5139 659 5194; x_wconf 77' lang='lat' dir='ltr'>haee</span> <span class='ocrx_word' id='word_1_815' title='bbox 683 5138 791 5202; x_wconf 90' lang='lat' dir='ltr'>tierent,</span> <span class='ocrx_word' id='word_1_816' title='bbox 810 5145 839 5192; x_wconf 88' lang='lat' dir='ltr'>et</span> <span class='ocrx_word' id='word_1_817' title='bbox 858 5136 917 5195; x_wconf 88' lang='lat' dir='ltr'>dics</span> 
     </span>
     <span class='ocr_line' id='line_1_77' title="bbox 119 5230 919 5300; baseline -0.001 -13"><span class='ocrx_word' id='word_1_818' title='bbox 119 5233 182 5288; x_wconf 86' lang='lat' dir='ltr'>sine</span> <span class='ocrx_word' id='word_1_819' title='bbox 194 5233 260 5289; x_wconf 90' lang='lat' dir='ltr'>solis</span> <span class='ocrx_word' id='word_1_820' title='bbox 271 5232 368 5297; x_wconf 83' lang='lat' dir='ltr'>obicio,</span> <span class='ocrx_word' id='word_1_821' title='bbox 385 5241 414 5287; x_wconf 92' lang='lat' dir='ltr'>et</span> <span class='ocrx_word' id='word_1_822' title='bbox 426 5239 518 5287; x_wconf 87' lang='lat' dir='ltr'>noctes</span> <span class='ocrx_word' id='word_1_823' title='bbox 532 5231 591 5286; x_wconf 85' lang='lat' dir='ltr'>sine</span> <span class='ocrx_word' id='word_1_824' title='bbox 601 5231 673 5285; x_wconf 81' lang='lat' dir='ltr'>luuae</span> <span class='ocrx_word' id='word_1_825' title='bbox 685 5230 836 5286; x_wconf 85' lang='lat' dir='ltr'>ministerio</span> <span class='ocrx_word' id='word_1_826' title='bbox 849 5243 919 5300; x_wconf 77' lang='lat' dir='ltr'>prte-</span> 
     </span>
     <span class='ocr_line' id='line_1_78' title="bbox 121 5318 916 5382; baseline 0.001 -6"><span class='ocrx_word' id='word_1_827' title='bbox 121 5323 280 5382; x_wconf 84' lang='lat' dir='ltr'>cessissent.</span> <span class='ocrx_word' id='word_1_828' title='bbox 300 5322 353 5379; x_wconf 88' lang='lat' dir='ltr'>Sed</span> <span class='ocrx_word' id='word_1_829' title='bbox 376 5319 560 5378; x_wconf 89' lang='lat' dir='ltr'>condebantur</span> <span class='ocrx_word' id='word_1_830' title='bbox 581 5321 632 5374; x_wconf 87' lang='lat' dir='ltr'>ista</span> <span class='ocrx_word' id='word_1_831' title='bbox 647 5318 680 5373; x_wconf 91' lang='lat' dir='ltr'>ad</span> <span class='ocrx_word' id='word_1_832' title='bbox 695 5318 846 5376; x_wconf 78' lang='lat' dir='ltr'>taciendam</span> <span class='ocrx_word' id='word_1_833' title='bbox 868 5321 916 5377; x_wconf 94' lang='lat' dir='ltr'>bo·</span> 
     </span>
     <span class='ocr_line' id='line_1_79' title="bbox 122 5410 916 5479; baseline -0.004 -11"><span class='ocrx_word' id='word_1_834' title='bbox 122 5414 204 5470; x_wconf 69' lang='lat' dir='ltr'>‚rriuis</span> <span class='ocrx_word' id='word_1_835' title='bbox 214 5415 370 5479; x_wconf 86' lang='lat' dir='ltr'>utilitatem,</span> <span class='ocrx_word' id='word_1_836' title='bbox 384 5421 415 5468; x_wconf 89' lang='lat' dir='ltr'>ut</span> <span class='ocrx_word' id='word_1_837' title='bbox 427 5410 558 5467; x_wconf 81' lang='lat' dir='ltr'>radonale</span> <span class='ocrx_word' id='word_1_838' title='bbox 573 5410 685 5476; x_wconf 90' lang='lat' dir='ltr'>animal,</span> <span class='ocrx_word' id='word_1_839' title='bbox 708 5411 800 5466; x_wconf 91' lang='lat' dir='ltr'>necin</span> <span class='ocrx_word' id='word_1_840' title='bbox 821 5410 916 5465; x_wconf 91' lang='lat' dir='ltr'>distin-</span> 
     </span>
     <span class='ocr_line' id='line_1_80' title="bbox 122 5503 915 5570; baseline 0.001 -13"><span class='ocrx_word' id='word_1_841' title='bbox 122 5506 213 5560; x_wconf 85' lang='lat' dir='ltr'>ctione</span> <span class='ocrx_word' id='word_1_842' title='bbox 232 5506 378 5570; x_wconf 85' lang='lat' dir='ltr'>mensium,</span> <span class='ocrx_word' id='word_1_843' title='bbox 400 5519 450 5559; x_wconf 92' lang='lat' dir='ltr'>nec</span> <span class='ocrx_word' id='word_1_844' title='bbox 472 5503 498 5557; x_wconf 91' lang='lat' dir='ltr'>in</span> <span class='ocrx_word' id='word_1_845' title='bbox 518 5518 629 5557; x_wconf 87' lang='lat' dir='ltr'>recursu</span> <span class='ocrx_word' id='word_1_846' title='bbox 651 5517 804 5567; x_wconf 79' lang='lat' dir='ltr'>annorum,</span> <span class='ocrx_word' id='word_1_847' title='bbox 822 5504 915 5558; x_wconf 88' lang='lat' dir='ltr'>necin</span> 
     </span>
     <span class='ocr_line' id='line_1_81' title="bbox 123 5592 916 5665; baseline 0.004 -19"><span class='ocrx_word' id='word_1_848' title='bbox 123 5594 339 5650; x_wconf 87' lang='lat' dir='ltr'>dinumeratione</span> <span class='ocrx_word' id='word_1_849' title='bbox 358 5601 510 5665; x_wconf 87' lang='lat' dir='ltr'>temporum</span> <span class='ocrx_word' id='word_1_850' title='bbox 525 5592 683 5659; x_wconf 79' lang='lat' dir='ltr'>falleretur3</span> <span class='ocrx_word' id='word_1_851' title='bbox 707 5609 768 5647; x_wconf 88' lang='lat' dir='ltr'>eum</span> <span class='ocrx_word' id='word_1_852' title='bbox 783 5609 832 5664; x_wconf 89' lang='lat' dir='ltr'>per</span> <span class='ocrx_word' id='word_1_853' title='bbox 851 5595 916 5649; x_wconf 75' lang='lat' dir='ltr'>inac-</span> 
     </span>
     <span class='ocr_line' id='line_1_82' title="bbox 123 5684 915 5754; baseline 0 -16"><span class='ocrx_word' id='word_1_854' title='bbox 123 5685 244 5753; x_wconf 85' lang='lat' dir='ltr'>qualium</span> <span class='ocrx_word' id='word_1_855' title='bbox 258 5685 385 5741; x_wconf 84' lang='lat' dir='ltr'>horarum</span> <span class='ocrx_word' id='word_1_856' title='bbox 400 5685 515 5754; x_wconf 76' lang='lat' dir='ltr'>impunes</span> <span class='ocrx_word' id='word_1_857' title='bbox 529 5698 629 5750; x_wconf 80' lang='lat' dir='ltr'>iuraras,</span> <span class='ocrx_word' id='word_1_858' title='bbox 645 5692 673 5739; x_wconf 86' lang='lat' dir='ltr'>ct</span> <span class='ocrx_word' id='word_1_859' title='bbox 687 5684 857 5740; x_wconf 84' lang='lat' dir='ltr'>dissimilium</span> <span class='ocrx_word' id='word_1_860' title='bbox 871 5700 915 5741; x_wconf 91' lang='lat' dir='ltr'>or-</span> 
     </span>
    </p>
   </div>
   <div class='ocr_carea' id='block_1_15' title="bbox 965 5044 1761 5757">
    <p class='ocr_par' dir='ltr' id='par_1_16' title="bbox 965 5044 1761 5757">
     <span class='ocr_line' id='line_1_83' title="bbox 968 5044 1761 5121; baseline -0.008 -17"><span class='ocrx_word' id='word_1_861' title='bbox 968 5050 1109 5107; x_wconf 89' lang='lat' dir='ltr'>litudiuem</span> <span class='ocrx_word' id='word_1_862' title='bbox 1134 5051 1257 5121; x_wconf 88' lang='lat' dir='ltr'>corporis</span> <span class='ocrx_word' id='word_1_863' title='bbox 1283 5058 1330 5104; x_wconf 91' lang='lat' dir='ltr'>aut</span> <span class='ocrx_word' id='word_1_864' title='bbox 1358 5050 1558 5114; x_wconf 68' lang='lat' dir='ltr'>membrorum</span> <span class='ocrx_word' id='word_1_865' title='bbox 1587 5048 1639 5102; x_wconf 91' lang='lat' dir='ltr'>boc</span> <span class='ocrx_word' id='word_1_866' title='bbox 1667 5044 1761 5115; x_wconf 90' lang='lat' dir='ltr'>utique</span> 
     </span>
     <span class='ocr_line' id='line_1_84' title="bbox 969 5138 1760 5213; baseline -0.006 -15"><span class='ocrx_word' id='word_1_867' title='bbox 969 5142 1096 5213; x_wconf 76' lang='lat' dir='ltr'>exprimit</span> <span class='ocrx_word' id='word_1_868' title='bbox 1117 5143 1190 5212; x_wconf 93' lang='lat' dir='ltr'>quod</span> <span class='ocrx_word' id='word_1_869' title='bbox 1215 5142 1357 5197; x_wconf 87' lang='lat' dir='ltr'>minimum</span> <span class='ocrx_word' id='word_1_870' title='bbox 1372 5150 1414 5197; x_wconf 89' lang='lat' dir='ltr'>est</span> <span class='ocrx_word' id='word_1_871' title='bbox 1436 5142 1462 5196; x_wconf 91' lang='lat' dir='ltr'>iu</span> <span class='ocrx_word' id='word_1_872' title='bbox 1478 5141 1597 5203; x_wconf 75' lang='lat' dir='ltr'>hertuinc,</span> <span class='ocrx_word' id='word_1_873' title='bbox 1619 5154 1673 5192; x_wconf 92' lang='lat' dir='ltr'>uon</span> <span class='ocrx_word' id='word_1_874' title='bbox 1687 5138 1760 5207; x_wconf 91' lang='lat' dir='ltr'>quod</span> 
     </span>
     <span class='ocr_line' id='line_1_85' title="bbox 970 5228 1761 5294; baseline -0.004 -7"><span class='ocrx_word' id='word_1_875' title='bbox 970 5233 1129 5287; x_wconf 83' lang='lat' dir='ltr'>maximum.</span> <span class='ocrx_word' id='word_1_876' title='bbox 1149 5231 1229 5288; x_wconf 87' lang='lat' dir='ltr'>Certe</span> <span class='ocrx_word' id='word_1_877' title='bbox 1243 5232 1266 5288; x_wconf 92' lang='lat' dir='ltr'>si</span> <span class='ocrx_word' id='word_1_878' title='bbox 1285 5232 1415 5287; x_wconf 89' lang='lat' dir='ltr'>adorandi</span> <span class='ocrx_word' id='word_1_879' title='bbox 1429 5230 1546 5285; x_wconf 83' lang='lat' dir='ltr'>luissent</span> <span class='ocrx_word' id='word_1_880' title='bbox 1564 5228 1699 5294; x_wconf 88' lang='lat' dir='ltr'>homines,</span> <span class='ocrx_word' id='word_1_881' title='bbox 1722 5229 1761 5284; x_wconf 83' lang='lat' dir='ltr'>ri·</span> 
     </span>
     <span class='ocr_line' id='line_1_86' title="bbox 969 5318 1760 5394; baseline 0.001 -18"><span class='ocrx_word' id='word_1_882' title='bbox 969 5324 994 5379; x_wconf 85' lang='lat' dir='ltr'>ri</span> <span class='ocrx_word' id='word_1_883' title='bbox 1008 5324 1094 5393; x_wconf 89' lang='lat' dir='ltr'>magis</span> <span class='ocrx_word' id='word_1_884' title='bbox 1111 5339 1191 5393; x_wconf 92' lang='lat' dir='ltr'>quam</span> <span class='ocrx_word' id='word_1_885' title='bbox 1204 5323 1281 5394; x_wconf 89' lang='lat' dir='ltr'>picti,</span> <span class='ocrx_word' id='word_1_886' title='bbox 1300 5326 1327 5378; x_wconf 90' lang='lat' dir='ltr'>id</span> <span class='ocrx_word' id='word_1_887' title='bbox 1345 5329 1398 5389; x_wconf 86' lang='lat' dir='ltr'>est,</span> <span class='ocrx_word' id='word_1_888' title='bbox 1412 5322 1459 5376; x_wconf 92' lang='lat' dir='ltr'>ubi</span> <span class='ocrx_word' id='word_1_889' title='bbox 1480 5318 1686 5375; x_wconf 85' lang='lat' dir='ltr'>similitudinem</span> <span class='ocrx_word' id='word_1_890' title='bbox 1710 5320 1760 5377; x_wconf 81' lang='lat' dir='ltr'>he·</span> 
     </span>
     <span class='ocr_line' id='line_1_87' title="bbox 965 5411 1759 5485; baseline -0.004 -16"><span class='ocrx_word' id='word_1_891' title='bbox 965 5412 1098 5476; x_wconf 83' lang='lat' dir='ltr'>benthei,</span> <span class='ocrx_word' id='word_1_892' title='bbox 1115 5429 1168 5470; x_wconf 92' lang='lat' dir='ltr'>non</span> <span class='ocrx_word' id='word_1_893' title='bbox 1180 5415 1226 5470; x_wconf 91' lang='lat' dir='ltr'>ubi</span> <span class='ocrx_word' id='word_1_894' title='bbox 1245 5428 1384 5485; x_wconf 90' lang='lat' dir='ltr'>pecorum,</span> <span class='ocrx_word' id='word_1_895' title='bbox 1407 5411 1460 5476; x_wconf 86' lang='lat' dir='ltr'>rel,</span> <span class='ocrx_word' id='word_1_896' title='bbox 1480 5411 1552 5480; x_wconf 92' lang='lat' dir='ltr'>quod</span> <span class='ocrx_word' id='word_1_897' title='bbox 1583 5413 1673 5468; x_wconf 82' lang='lat' dir='ltr'>uerius</span> <span class='ocrx_word' id='word_1_898' title='bbox 1703 5421 1759 5478; x_wconf 87' lang='lat' dir='ltr'>eet,</span> 
     </span>
     <span class='ocr_line' id='line_1_88' title="bbox 966 5503 1759 5576; baseline -0.001 -17"><span class='ocrx_word' id='word_1_899' title='bbox 966 5504 1084 5576; x_wconf 85' lang='lat' dir='ltr'>lapidum</span> <span class='ocrx_word' id='word_1_900' title='bbox 1099 5505 1157 5562; x_wconf 87' lang='lat' dir='ltr'>sire</span> <span class='ocrx_word' id='word_1_901' title='bbox 1179 5506 1323 5575; x_wconf 89' lang='lat' dir='ltr'>lignorum,</span> <span class='ocrx_word' id='word_1_902' title='bbox 1341 5504 1406 5568; x_wconf 86' lang='lat' dir='ltr'>rita,</span> <span class='ocrx_word' id='word_1_903' title='bbox 1429 5518 1510 5559; x_wconf 79' lang='lat' dir='ltr'>sensu</span> <span class='ocrx_word' id='word_1_904' title='bbox 1535 5512 1563 5558; x_wconf 93' lang='lat' dir='ltr'>et</span> <span class='ocrx_word' id='word_1_905' title='bbox 1584 5503 1690 5558; x_wconf 90' lang='lat' dir='ltr'>ratione</span> <span class='ocrx_word' id='word_1_906' title='bbox 1713 5519 1759 5558; x_wconf 91' lang='lat' dir='ltr'>ea-</span> 
     </span>
     <span class='ocr_line' id='line_1_89' title="bbox 966 5593 1758 5665; baseline -0.003 -15"><span class='ocrx_word' id='word_1_907' title='bbox 966 5599 1094 5652; x_wconf 87' lang='lat' dir='ltr'>rcminrn.</span> <span class='ocrx_word' id='word_1_908' title='bbox 1114 5597 1186 5652; x_wconf 84' lang='lat' dir='ltr'>Dicit</span> <span class='ocrx_word' id='word_1_909' title='bbox 1198 5598 1230 5651; x_wconf 93' lang='lat' dir='ltr'>de</span> <span class='ocrx_word' id='word_1_910' title='bbox 1242 5595 1285 5651; x_wconf 90' lang='lat' dir='ltr'>bis</span> <span class='ocrx_word' id='word_1_911' title='bbox 1302 5596 1397 5650; x_wconf 91' lang='lat' dir='ltr'>beatus</span> <span class='ocrx_word' id='word_1_912' title='bbox 1420 5593 1587 5665; x_wconf 80' lang='lat' dir='ltr'>Augustinus</span> <span class='ocrx_word' id='word_1_913' title='bbox 1601 5593 1652 5649; x_wconf 89' lang='lat' dir='ltr'>hoc</span> <span class='ocrx_word' id='word_1_914' title='bbox 1678 5594 1758 5648; x_wconf 88' lang='lat' dir='ltr'>modo</span> 
     </span>
     <span class='ocr_line' id='line_1_90' title="bbox 967 5680 1756 5757; baseline -0.004 -16"><span class='ocrx_word' id='word_1_915' title='bbox 967 5686 993 5741; x_wconf 92' lang='lat' dir='ltr'>in</span> <span class='ocrx_word' id='word_1_916' title='bbox 1006 5686 1074 5740; x_wconf 88' lang='lat' dir='ltr'>libro</span> <span class='ocrx_word' id='word_1_917' title='bbox 1094 5685 1126 5739; x_wconf 86' lang='lat' dir='ltr'>de</span> <span class='ocrx_word' id='word_1_918' title='bbox 1141 5701 1204 5739; x_wconf 85' lang='lat' dir='ltr'>rem</span> <span class='ocrx_word' id='word_1_919' title='bbox 1220 5682 1360 5755; x_wconf 78' lang='lat' dir='ltr'>Religioue</span> <span class='ocrx_word' id='word_1_920' title='bbox 1372 5684 1447 5757; x_wconf 78' lang='lat' dir='ltr'>(Cap.</span> <span class='ocrx_word' id='word_1_921' title='bbox 1464 5683 1490 5755; x_wconf 72' lang='lat'>5)</span> <span class='ocrx_word' id='word_1_922' title='bbox 1517 5701 1523 5738; x_wconf 92' lang='lat'>:</span> <span class='ocrx_word' id='word_1_923' title='bbox 1551 5700 1560 5732; x_wconf 81' lang='lat' dir='ltr'>r</span> <span class='ocrx_word' id='word_1_924' title='bbox 1578 5680 1647 5739; x_wconf 82' lang='lat' dir='ltr'>lusti</span> <span class='ocrx_word' id='word_1_925' title='bbox 1665 5690 1756 5738; x_wconf 85' lang='lat' dir='ltr'>atttern</span> 
     </span>
    </p>
   </div>
   <div class='ocr_carea' id='block_1_16' title="bbox 0 0 1920 6118">
    <p class='ocr_par' dir='ltr' id='par_1_17' title="bbox 0 0 1920 6118">
     <span class='ocr_line' id='line_1_91' title="bbox 0 0 1920 6118; baseline 0 0"><span class='ocrx_word' id='word_1_926' title='bbox 0 0 1920 6118; x_wconf 95' lang='lat' dir='ltr'> </span> 
     </span>
    </p>
   </div>
  </div>
 </body>
</html>
