3832 6120
137 255 192 324 loo
459 251 692 329 bllAEsletlEs
710 245 784 312 iiiii
804 242 919 309 suberi
937 235 1060 304 tiosos
1080 234 1211 312 usqua.
1230 276 1265 286 -
1282 235 1384 302 tuso
1402 234 1434 299 il.
1707 226 1758 296 lio

134 398 186 458 per
202 381 282 438 iidcni
295 378 434 434 successit.
449 389 462 417 ι
477 377 528 432 Alii
551 376 678 441 Absalon,
691 373 788 429 ludam
806 371 918 426 tradito·
933 367 1081 426 Adeitera
1096 373 1216 421 mentum
1237 365 1358 429 Amasis,
1382 361 1459 433 qnasi
1473 357 1600 416 osculatis
1619 361 1697 426 crim,
1712 351 1759 430 qul

136 489 195 531 rem
208 469 353 540 accipiunt,
371 483 451 538 quem
465 477 539 522 tanta
558 476 585 521 et
606 475 661 521 tam
680 461 856 537 (miseranda)
874 461 924 515 mi·
974 458 1108 528 percussit
1120 472 1183 512 euin
1196 457 1223 511 iii
1233 454 1330 519 latere,
1343 462 1372 508 et
1382 458 1504 507 mortuus
1513 460 1565 507 est.
1580 449 1594 491 ἃ
1611 469 1622 502 i
1637 450 1707 518 Quid
1717 458 1762 506 est

135 562 221 620 randa
235 559 365 633 patientia
383 557 510 614 Ghristos
529 557 640 628 pertulit
658 565 786 626 tanquam
806 555 922 614 bonum,
974 549 1045 620 qood
1058 547 1258 604 lnabmentum
1270 546 1376 600 Amasae
1394 545 1488 599 dextra
1512 543 1612 609 ιιιιιιὶι,
1634 542 1682 598 sed
1696 543 1762 598 sini-

135 669 197 710 eum
211 651 269 720 eius
284 649 461 721 cogitationes
475 664 528 704 non
546 648 700 719 ignoraret:
721 662 783 703 com
802 644 926 702 adhibuit
974 648 1059 695 stram
1072 639 1106 694 ad
1120 637 1239 709 gladium
1256 637 1372 691 latenter
1383 632 1571 704 mittensque
1582 633 1687 689 viscera
1696 633 1763 688 elio·

86 732 89 748 '
136 742 170 798 ad
183 739 347 802 conuitium,
361 738 388 792 iii
403 752 458 808 quo
472 738 632 807 eorporiset
653 736 792 807 sanguinis
805 735 845 790 siii
860 734 925 806 ligii·
974 729 1034 786 diti
1052 728 1103 783 nisi
1117 730 1180 794 hoc,
1197 727 1268 798 quod
1282 733 1406 798 patenter
1424 725 1504 780 datur
1516 723 1638 794 intelligi.
1662 722 1762 779 Deitra

134 847 194 892 ram
209 830 349 900 discipulis
371 828 569 884 commendarit
583 835 610 883 et
623 824 924 893 tradidiqbQiiodde-
974 833 1091 890 attmquc
1109 826 1228 874 mentum
1251 827 1359 883 tenere,
1382 825 1425 872 est
1444 815 1521 886 quasi
1540 830 1574 870 ex
1597 815 1764 885 benignitate

134 927 217 997 nique
231 925 258 978 in
274 923 331 993 ipsa
350 921 509 987 traditione,
530 928 558 976 et
579 918 701 976 osculum
719 920 840 989 accepit,
857 917 925 972 bene
974 908 1109 966 blandiri:
1125 909 1173 966 sed
1188 909 1327 965 sinistram
1340 907 1373 963 ad
1386 908 1503 979 gladium
1513 907 1608 972 mittit,
1618 907 1664 976 qui
1678 907 1764 963 lateii·

134 1014 294 1082 intelligitur
305 1010 441 1066 Christum
453 1024 548 1079 pacem
562 1008 717 1064 exhibuisse
730 1006 854 1062 traditori
864 1020 924 1071 siro,
976 1014 1017 1064 ter
1031 1020 1064 1064 ex
1079 1002 1180 1063 malitia
1192 1007 1317 1077 percutit.

134 1103 261 1175 quamvis
278 1101 323 1156 ille
337 1110 391 1155 tam
406 1099 543 1155 scelerata
553 1099 722 1171 cogitationis
735 1099 843 1152 interno
855 1096 925 1152 bello
1013 1115 1023 1149 i
1042 1109 1053 1137 ι
1068 1097 1197 1168 Sequitur
1209 1095 1328 1166 psalmus
1342 1094 1473 1166 septimos
1485 1094 1616 1158 decimus,
1629 1101 1656 1148 et
1666 1095 1764 1150 merito

134 1204 310 1252 vastaretur:
326 1201 354 1248 et
368 1191 428 1248 ideo
440 1191 558 1248 Absalon
569 1191 656 1262 patris
670 1205 722 1260 pax
736 1188 846 1253 dicitur,
862 1189 925 1258 quia
975 1189 1115 1257 quaritur,
1131 1204 1180 1243 ciir
1193 1188 1266 1242 solus
1277 1186 1328 1241 iste
1341 1186 1461 1255 psalmus
1472 1187 1499 1240 iii
1511 1185 1588 1240 libris
1606 1185 1709 1255 Regum
1723 1199 1765 1241 re-

135 1294 214 1354 pater
225 1283 319 1338 habuit
332 1295 438 1352 pacem,
451 1297 531 1351 quam
546 1279 591 1336 ilie
603 1295 657 1336 oon
669 1280 773 1335 habuit.
974 1279 1095 1349 periatur
1109 1276 1297 1347 conscriptos:
1313 1292 1364 1332 nec
1379 1277 1516 1331 immerito
1526 1278 1647 1346 psalmus
1659 1277 1710 1331 istc
1723 1292 1766 1331 re·

171 1389 185 1416 e
205 1395 215 1428 i
238 1375 292 1431 Sed
312 1374 429 1430 sortasse
443 1375 505 1445 quis
521 1373 608 1439 dieat,
629 1374 651 1428 si
675 1373 760 1428 David
780 1370 925 1443 imaginem
975 1384 1090 1441 guarum
1103 1369 1179 1425 libris
1192 1368 1264 1423 solus
1276 1368 1428 1433 inreiiitur,
1444 1367 1507 1437 quia
1523 1381 1635 1438 regnum
1648 1366 1711 1421 illud
1725 1367 1763 1421 si·

135 1469 237 1525 christi
250 1466 378 1538 gerebat,
399 1465 534 1536 quomodo
550 1453 648 1520 multas
661 1479 759 1519 uxores
778 1469 806 1520 et
824 1478 924 1519 conell-
975 1458 1135 1531 giiihcatur,
1161 1458 1207 1512 uhi
1229 1459 1412 1512 adversarium
1430 1471 1483 1513 non
1498 1457 1639 1512 habemus.
1660 1457 1768 1513 Titulus

137 1560 216 1616 binas
237 1555 365 1612 habuisse
385 1555 533 1610 scribitur:
551 1570 612 1611 cum
633 1555 683 1610 lias
698 1569 742 1609 res
756 1554 880 1609 Christus
897 1561 925 1609 et
974 1551 1046 1607 enini
1058 1550 1117 1622 ejus
1129 1558 1189 1604 est:
1206 1551 1233 1604 ln
1250 1549 1309 1615 die,
1324 1565 1376 1619 qua
1397 1550 1491 1620 eripuit
1511 1565 1570 1603 eum
1590 1548 1718 1602 Dominus
1732 1549 1766 1602 dc

136 1647 287 1709 horrescat,
299 1654 327 1702 ιι
339 1645 468 1701 damnet?
484 1646 535 1700 hoc
547 1647 619 1699 enirn
633 1645 660 1698 iii
674 1645 813 1715 prephetia
832 1643 922 1699 tiebat.
974 1658 1055 1696 manu
1077 1643 1193 1696 amidam
1216 1642 1384 1695 inimicorum
1405 1641 1477 1711 ejus,
1500 1651 1524 1694 ct
1542 1641 1574 1694 de
1591 1657 1671 1693 mauu
1687 1639 1763 1695 Sniil.

137 1741 227 1797 lAultie
252 1740 323 1794 enini
344 1749 445 1794 otiores
463 1737 564 1804 David,
588 1736 735 1792 multarum
757 1736 875 1808 gentium
898 1738 926 1790 ct
940 1713 963 1773 Β
977 1731 1044 1799 Quis
1056 1732 1127 1788 enirn
1143 1731 1275 1804 oguraim
1288 1732 1314 1786 in
1332 1732 1429 1798 David,
1444 1732 1494 1786 nisi
1518 1731 1562 1786 ille
1579 1732 1624 1800 qui
1637 1731 1710 1786 venit
1722 1746 1766 1785 ιι-

137 1833 277 1889 nationum
293 1829 437 1900 imaginem
450 1828 616 1893 indicabant,
629 1842 689 1898 quae
701 1838 750 1897 per
759 1826 839 1881 lideiii
849 1823 926 1880 Chri·
976 1824 1093 1880 eundum
1107 1838 1217 1879 carnem
1231 1838 1264 1878 eii
1279 1823 1382 1879 semine
1394 1822 1489 1887 David,
1504 1822 1549 1892 qui
1564 1822 1657 1890 utique
1668 1822 1694 1875 iii
1705 1837 1766 1876 cor-

137 1924 172 1979 sti
185 1920 322 1977 consortio
341 1919 509 1990 jungentur:
524 1919 682 1974 concubinae
693 1932 758 1973 iero
771 1913 829 1986 ejus
843 1915 926 1987 signi-
975 1928 1042 1986 pore
1052 1927 1113 1979 suo,
1129 1913 1201 1983 quod
1212 1921 1253 1968 est
1265 1912 1396 1977 Ecclesia,
1412 1913 1499 1968 adhuc
1509 1912 1612 1982 patitur
1625 1912 1766 1967 inimicos?

137 2014 222 2070 licant
243 2012 432 2068 haereticorum
451 2011 597 2077 ecclesias,
620 2026 681 2082 quae
695 2010 744 2065 sub
758 2008 859 2064 Christi
878 2021 926 2062 ao-
976 2005 1053 2063 Unde
1066 2005 1111 2061 ille
1134 2004 1319 2076 persecutori,
1344 2020 1424 2074 quem
1440 2019 1506 2060 uoce
1528 2004 1666 2069 mactarit,
1691 2011 1719 2059 et
1739 2005 1765 2059 iii

137 2102 218 2158 iiiinis
231 2102 308 2156 titulo
321 2116 432 2156 manere
444 2117 475 2157 ιι
488 2101 647 2173 gloriantur.
663 2099 719 2155 Sed
731 2100 794 2170 quia
817 2107 928 2170 propter
976 2111 1054 2153 suuni
1066 2112 1164 2167 corpus
1179 2096 1334 2167 trajiciens,
1356 2096 1553 2166 quodammodo
1571 2095 1763 2151 manducauit:

136 2193 256 2250 carnalia
268 2193 343 2248 luera
356 2200 496 2247 sectantur
505 2191 652 2255 Christum,
667 2207 722 2246 nori
734 2189 927 2260 coniuges,sed
976 2185 1095 2242 insonuit
1109 2187 1143 2241 de
1154 2187 1233 2243 coelo.
1250 2187 1318 2257 (Act.
1334 2201 1373 2251 ix,
1388 2185 1415 2258 l)
1429 2185 1521 2253 Saule,
1535 2185 1625 2251 Saule,
1645 2186 1708 2257 quid
1726 2203 1767 2241 uie

136 2283 294 2338 concubinae
310 2288 447 2336 iocantur.
466 2281 587 2349 Denique
603 2295 675 2333 nunc
694 2294 789 2349 reges,
803 2278 928 2348 sipiares
976 2277 1157 2346 persequeris?
1168 2276 1281 2344 Quando
1295 2284 1385 2331 autem
1397 2285 1517 2332 meretur
1529 2278 1633 2346 eripere
1646 2277 1697 2333 hoc
1706 2293 1767 2333 cor·

137 2373 239 2427 liabent
251 2387 360 2436 uxores,
377 2370 420 2426 uel
431 2371 605 2435 concubinas,
619 2370 721 2425 crimen
733 2378 789 2424 est:
802 2369 928 2439 quiajam
977 2380 1027 2435 pus
1039 2366 1073 2420 de
1088 2381 1168 2420 manu
1181 2367 1354 2420 inimicorum
1367 2365 1444 2433 ejus?
1463 2366 1513 2420 nisi
1528 2382 1589 2421 coni
1610 2375 1638 2420 et
1657 2366 1701 2421 illa
1716 2384 1766 2421 iio-

139 2467 304 2520 transierunt
316 2463 417 2534 ligure,
434 2477 484 2534 pro
497 2463 596 2532 quibus
606 2475 722 2516 iiiiorum
734 2461 776 2515 uel
799 2460 928 2515 concubi·
977 2455 1088 2510 tissima
1102 2456 1211 2511 inimica
1225 2455 1380 2511 destruetur
1392 2470 1481 2521 mors,
1495 2463 1525 2509 nt
1538 2457 1713 2525 perveniatur
1733 2458 1767 2512 ad

139 2572 237 2611 narum
258 2556 337 2611 uenia
359 2555 574 2611 concedebatur:
600 2562 627 2608 at
648 2568 729 2618 nunc,
752 2552 814 2622 quia
837 2551 929 2622 ligiirae
979 2556 1092 2612 lesbum
1106 2544 1194 2598 Dei·

140 2647 318 2711 transierunt,
334 2647 411 2701 venia
425 2646 498 2700 nulla
511 2646 599 2702 datur.
617 2665 628 2696 s
1016 2631 1027 2672 ¹
1042 2633 1157 2705 Diligam
1170 2643 1195 2689 ιι
1205 2635 1287 2690 uirtus
1297 2651 1365 2690 ineu.
1381 2653 1391 2686 ι
1408 2634 1524 2708 Diligam
1533 2643 1571 2703 te,
1583 2636 1707 2703 Domine,
1720 2654 1769 2708 per

177 2732 254 2804 (dap.
269 2734 314 2798 ιθ,
327 2751 350 2788 υ.
365 2734 391 2798 t,
406 2745 429 2788 et
441 2733 555 2804 subseq.)
573 2733 705 2789 Percussa
718 2732 852 2798 Absalon,
866 2746 928 2786 com
979 2738 1060 2794 qoem
1074 2724 1152 2780 lortis
1166 2741 1236 2780 sum.
1251 2745 1261 2778 ι

139 2836 267 2879 reversus
281 2835 352 2880 esset
368 2825 450 2880 Dauid
465 2826 492 2879 in
504 2823 662 2888 ierusalem,
678 2822 746 2878 dixit
763 2823 883 2889 Amasae,
898 2830 929 2877 ut
1014 2815 1136 2883 Domine,
1150 2817 1342 2886 firmamentum
1355 2822 1464 2886 meum,
1474 2829 1498 2874 et
1514 2820 1644 2893 refugiunt
1665 2835 1767 2890 metim,

139 2923 316 2984 congregaret
329 2929 424 2971 omnes
445 2915 519 2970 viros
531 2912 600 2969 luda
616 2914 644 2967 iii
664 2913 736 2967 diem
756 2911 882 2977 tertium,
901 2919 929 2965 et
979 2916 1003 2962 et
1018 2909 1143 2963 liberator
1164 2925 1246 2965 meus.
1265 2927 1275 2961 i
1293 2909 1421 2975 Domine,
1437 2910 1482 2979 qui
1507 2928 1550 2968 me
1567 2911 1689 2981 firmasti,
1705 2915 1768 2986 quia

139 3004 387 3061 constituereteum
397 3005 545 3075 principem
555 3018 605 3073 pro
615 2999 927 3057 leahlloranteAmasa
980 2996 1065 3070 relegi
1079 3000 1114 3054 ad
1126 3006 1171 3053 te:
1190 2996 1275 3069 reiugi
1289 3006 1389 3064 autem,
1403 2999 1466 3069 quia
1480 2999 1602 3058 liberasti
1617 3019 1670 3060 me.
1688 3024 1699 3059 i

139 3102 215 3149 eitra
233 3095 377 3164 placitum,
400 3097 528 3166 precepit
549 3093 632 3150 Dauid
644 3092 721 3157 leals,
734 3101 763 3147 ιι
774 3092 880 3157 Abisai,
898 3067 965 3146 utC
1015 3087 1086 3142 Deus
1098 3089 1296 3159 meua,udjutor
1306 3097 1420 3156 meus,ct
1430 3092 1539 3161 sperato
1552 3095 1580 3148 in
1589 3111 1658 3149 eum.
1673 3114 1683 3147 ι
1698 3095 1769 3152 Deus

139 3184 211 3239 irent
227 3193 254 3240 et
275 3185 509 3255 apprehenderent
522 3183 614 3239 Sibero
628 3182 712 3237 lilium
724 3181 832 3237 Docbri.
847 3180 928 3237 Cum·
979 3198 1066 3251 meus,
1079 3186 1124 3254 qui
1136 3187 1201 3241 milii
1214 3185 1377 3258 adjutorium
1390 3188 1466 3257 prius
1477 3187 1626 3244 vocationis
1639 3196 1692 3245 tuae
1700 3203 1769 3261 prae·

139 3289 192 3344 qne
204 3275 350 3333 inuenisset
361 3275 430 3332 loab
451 3277 478 3330 in
499 3275 626 3340 Gabaon,
648 3274 716 3331 tsab
738 3275 825 3330 tenmt
847 3289 928 3330 maiia
980 3273 1085 3341 stitisti,
1098 3284 1128 3331 ot
1140 3291 1250 3348 sperare
1261 3277 1288 3332 iii
1304 3278 1452 3349 tepossim.
1472 3299 1482 3332 ι

175 3447 189 3475 ι
205 3433 273 3488 llide
285 3448 344 3514 qoae
357 3431 438 3511 tradit
448 3429 518 3500 Aug.
526 3446 556 3483 ii.
565 3431 581 3484 l
591 3430 779 3487 Enariationis
790 3431 817 3487 iii
863 3450 924 3489 .iii.
980 3434 1015 3490 ad
1035 3436 1107 3506 quod
1131 3435 1260 3491 lectorem
1282 3435 1411 3502 amando,
1435 3436 1494 3493 haec
1510 3444 1616 3492 tantum
1630 3440 1766 3511 seligens:

175 3503 313 3586 hjlerruit
327 3501 402 3557 locus
424 3509 475 3581 iste
490 3500 589 3555 inultos
611 3515 645 3555 eii
668 3502 786 3565 nostris;
807 3517 822 3556 a
841 3518 875 3558 eo
896 3513 927 3559 ut
982 3524 992 3556 i
1013 3506 1131 3561 lllustrat
1147 3505 1314 3560 baniraiicus
1334 3520 1392 3560 rem
1414 3514 1499 3562 totam
1524 3507 1623 3578 insigni
1643 3510 1769 3564 similitu·

138 3582 268 3644 'suspicati
286 3580 340 3627 sint
351 3568 471 3651 nonnulli
486 3570 645 3624 mendosum
662 3585 722 3625 csse
739 3571 827 3626 locum
844 3574 926 3637 bunc,
979 3575 1041 3631 diae
1056 3575 1147 3648 [Lucae
1169 3574 1295 3646 ultimo]:
1314 3575 1444 3630 Dominus
1463 3575 1541 3630 linxit
1554 3591 1582 3630 se
1598 3576 1703 3647 longius
1717 3581 1769 3644 ire,

139 3643 335 3716 hgendumque
349 3640 401 3695 alio
418 3640 506 3721 modo.
524 3637 576 3693 Sed
587 3653 680 3694 revera
691 3641 831 3695 retinenda
844 3651 886 3697 est
895 3658 927 3698 ea
997 3646 1050 3701 uod
1063 3646 1175 3715 eipoiiit
1183 3645 1223 3699 Aii
1243 3645 1350 3700 ustinus
1360 3644 1407 3700 lib.
1419 3653 1513 3700 contra
1526 3646 1696 3700 mendacium
1708 3664 1767 3718 cap.

139 3714 231 3798 lectio,
247 3727 328 3781 quant
347 3723 552 3791 proposuimus3
573 3724 635 3763 nam
653 3709 728 3791 locus
743 3710 797 3791 liic,
816 3711 928 3794 sirecte
978 3660 1028 3781 25,
1044 3715 1090 3769 ubi
1104 3715 1187 3780 dicit,
1210 3661 1347 3769 Cffiristom
1364 3728 1396 3769 ea
1416 3713 1524 3769 llctione
1537 3714 1720 3784 significasse,
1740 3735 1769 3773 ιι

140 3782 316 3852 intelligatur,
329 3780 430 3835 nullum
443 3780 522 3836 nohis
534 3787 658 3835 timorem
672 3787 778 3835 incutit.
790 3781 928 3836 belliani-
978 3799 1059 3855 snpra
1072 3797 1168 3838 omnes
1180 3783 1264 3838 ctelos
1274 3795 1461 3837 ascensurum.
1477 3783 1498 3804 '⁴
1512 3783 1584 3837 idem
1598 3785 1770 3866 igltnrcbil-

139 3868 193 3909 nus
205 3866 270 3908 sane
282 3851 370 3905 locum
388 3851 475 3915 hunc,
494 3865 574 3920 quein
596 3865 628 3904 ei
651 3849 801 3920 Augustino
820 3851 928 3906 desum·
979 3862 1040 3908 stus
1060 3852 1104 3907 sui
1126 3852 1212 3922 ipsius
1225 3853 1310 3923 figura
1331 3851 1392 3916 luit,
1407 3860 1435 3906 et
1448 3852 1500 3909 diei
1515 3853 1665 3908 rectissume
1678 3867 1771 3926 posset

139 3930 217 3994 ptum
232 3921 365 3984 diximus,
386 3919 512 3989 expendit
525 3921 549 3984 ⁶,
565 3928 709 3989 monetque
722 3917 793 3988 loqui
811 3937 821 3971 ι
840 3918 928 3992 Augu·
979 3921 1105 3978 Christus
1115 3920 1219 3992 lingens
1230 3937 1259 3977 se
1273 3921 1377 3992 longius
1389 3921 1438 3986 ire,
1450 3931 1477 3976 et
1488 3923 1686 3992 quodammodo
1695 3926 1772 3981 Clui-

140 3992 243 4049 stiniim
258 3990 386 4062 deligare
399 3990 522 4070 corporis
541 3989 568 4044 iii
585 4004 667 4043 cruce
684 3989 829 4069 suspensi3
847 3990 931 4045 idest
979 4000 1039 4047 stris
1053 3992 1081 4046 in
1096 3991 1194 4046 coelum
1207 3991 1365 4047 ascendens.
1383 3990 1504 4046 ›Notare
1516 3993 1573 4049 hac
1585 3995 1668 4060 uolui,
1680 4011 1714 4051 nc
1724 4009 1770 4052 aut

139 4064 176 4119 de
186 4060 422 4131 representatione
432 4060 578 4114 Dominlcae
588 4059 736 4128 passionis,
748 4059 844 4115 eodem
856 4060 928 4116 enini
979 4061 1127 4131 trepidaret
1141 4061 1238 4117 Lector
1249 4064 1356 4126 timore,
1373 4062 1418 4117 ubi
1432 4076 1487 4116 non
1502 4070 1544 4117 est
1558 4062 1658 4119 timor:
1677 4074 1724 4120 aut
1737 4082 1769 4121 ca

140 4130 223 4188 modo
234 4129 399 4200 Augustinus
413 4129 610 4185 Eucharistiam
624 4128 738 4201 ligoram
753 4130 874 4199 corporis
885 4146 930 4186 uo
980 4133 1009 4188 iii
1024 4147 1054 4187 re
1066 4130 1207 4188 Claudium
1220 4129 1446 4203 reprehenderet,
1463 4133 1491 4188 iii
1506 4148 1559 4204 qua
1573 4135 1667 4205 utique
1679 4150 1771 4207 repre-

140 4200 226 4269 oetit,
238 4216 293 4271 quo
307 4207 413 4255 veteres
427 4199 514 4256 Gracci
528 4198 648 4267 anticipa
660 4215 668 4263 ;
679 4198 713 4254 de
723 4213 776 4268 qna
786 4215 852 4256 uoce
862 4200 930 4256 dixi·
980 4203 1140 4257 hendendus
1151 4202 1196 4258 ille
1208 4219 1263 4257 non
1278 4211 1329 4257 est.

137 4285 205 4353 inus
217 4270 245 4325 iii
263 4271 423 4352 testimoniis
437 4269 537 4324 Dasilii.
559 4257 718 4323 »hactenus
733 4268 927 4335 Dellarminus‚
1016 4281 1029 4310 ι
1046 4290 1056 4324 ι
1075 4272 1137 4327 llaec
1151 4287 1257 4342 quoque
1274 4271 1377 4327 lsidoro
1391 4272 1541 4344 desumpsit
1558 4274 1700 4345 Claudius,
1722 4279 1770 4334 sed

140 4356 189 4412 qoi
201 4355 295 4396 revera
305 4348 394 4404 antea,
406 4344 433 4395 nl
443 4348 486 4395 est
495 4354 555 4409 cap.
567 4338 609 4402 it,
622 4339 669 4393 lib.
683 4355 713 4403 ii,
724 4352 865 4409 postquam
877 4341 928 4397 sibi
979 4342 1068 4410 capite
1078 4344 1200 4412 proxime
1210 4343 1353 4415 superiori,
1360 4342 1387 4397 id
1401 4351 1443 4398 ιιι
1456 4343 1491 4397 D:
1507 4359 1539 4399 ei
1555 4349 1728 4416 quiquidem
1741 4365 1770 4403 re

140 4411 287 4494 obiecisset
304 4409 431 4492 Basiliam
446 4411 474 4465 in
487 4409 535 4464 litu
570 4410 594 4490 ia
610 4407 724 4490 [Basilio
741 4411 815 4464 euim
828 4411 929 4466 Bellis·
940 4388 968 4449 Ῑ)
980 4412 1113 4481 suspicari
1130 4412 1207 4479 licet,
1229 4413 1311 4467 alium
1327 4411 1448 4470 iactasse
1466 4414 1585 4481 capitum
1603 4418 1724 4472 ordinem
1742 4419 1769 4472 in

141 4496 209 4537 mim
225 4489 344 4549 tempore
366 4480 534 4534 tribuebatur
572 4486 684 4551 ilurgia,
698 4494 758 4549 quoe
771 4479 862 4535 basilii
880 4495 929 4536 no·
980 4481 1098 4550 antiquis
1108 4481 1202 4537 lsidoii
1212 4483 1350 4538 codicibus
1363 4480 1447 4537 luisse
1457 4490 1604 4537 servatum.

140 4551 216 4607 miae
228 4549 394 4621 inscribitur]
408 4548 604 4603 Eucharistiam
618 4548 794 4618 appellantem
807 4551 928 4621 antitypa
1015 4549 1028 4590 ἃ
1042 4552 1127 4606 Sulise
1147 4553 1239 4607 nentia
1251 4553 1334 4606 habes
1346 4551 1426 4606 etiam
1441 4551 1467 4604 iii
1480 4551 1600 4617 Pateria,
1614 4554 1659 4623 qiii
1676 4570 1708 4609 ea
1723 4555 1769 4610 dc·

141 4619 294 4694 [mirare]
314 4620 457 4700 respondet
481 4632 580 4699 corpus
593 4626 622 4672 et
636 4620 797 4701 ‘sangi-tinem
810 4620 927 4685 Domini,
980 4567 1187 4690 sumpsiiexsilb.
1195 4621 1375 4677 xulloralium
1383 4621 1505 4691 Gregorii
1514 4620 1602 4692 llagni
1613 4623 1718 4698 [nihl.

140 4699 173 4746 ιιι
187 4697 252 4745 suat
262 4689 465 4770 sub-speciebus
477 4703 566 4769 pausis,
578 4694 606 4741 ιι
619 4703 683 4753 iiiii,
696 4704 774 4759 signa
784 4704 846 4746 esse
859 4689 930 4760 ejus-
1018 4702 1030 4732 0
1045 4692 1111 4762 Cap.
1126 4692 1170 4759 Di,
1186 4708 1260 4748 num.
1275 4691 1302 4757 2,
1316 4699 1344 4747 et
1364 4692 1472 4762 subseq.
1486 4691 1520 4746 Et
1534 4692 1601 4763 psal.
1623 4710 1690 4748 iiiii.
1706 4695 1772 4763 Qiize

140 4760 206 4817 dem
219 4773 349 4841 corperis,
363 4766 390 4813 et
403 4772 552 4839 sanguinis,
567 4764 597 4811 ut
611 4754 758 4838 iueriaitln
773 4774 868 4816 cruce:
888 4776 930 4815 re·
980 4761 1088 4819 lineolis
1111 4771 1254 4830 notantur,
1280 4777 1314 4818 ei·
1335 4761 1439 4822 isidem
1460 4763 1612 4833 desumpsit
1631 4764 1769 4820 Claudios.

161 4837 290 4885 riesenlat
302 4843 375 4883 enim
389 4829 560 4910 Eucharistia
573 4840 726 4907 passionem
738 4827 847 4884 Christi.
861 4829 931 4885 ilinc
981 4831 1077 4899 Quare
1091 4833 1181 4903 itaque
1194 4832 1238 4888 illa
1251 4833 1278 4888 in
1290 4832 1378 4902 capite
1397 4831 1428 4899 6,
1449 4831 1478 4887 iii
1496 4832 1543 4887 lib.
1560 4848 1580 4888 ii
1602 4834 1715 4907 liegum.
1731 4837 1768 4889 h‘a

162 4907 370 4982 'igsostomom
388 4897 481 4980 homil.
497 4899 545 4962 ll,
559 4897 586 4951 lu
600 4896 741 4966 epistolam
757 4898 790 4953 ad
805 4898 931 4954 llebraeos
981 4903 1064 4956 etiam
1088 4902 1170 4957 hahet
1193 4903 1320 4956 liabanns
1343 4901 1475 4959 Maurus:
1495 4917 1529 4957 ex
1561 4918 1614 4971 qua
1642 4919 1673 4958 re
1696 4905 1771 4974 rides

141 4971 227 5051 dicit,
246 4970 442 5024 Eucharistiam
462 4983 522 5025 esse
535 4975 638 5039 typuai,
656 4982 703 5023 seu
717 4966 833 5039 liguram
845 4970 931 5025 sacri·
982 4979 1083 5041 quanto
1094 4972 1121 5025 iii
1139 4972 1226 5043 pretio
1240 4971 1334 5026 isidori
1347 4973 1542 5028 commentaria
1558 4972 1733 5027 haberentur.

141 5036 198 5094 tlcn
212 5038 316 5103 crucis,
336 5046 465 5093 ettamen
480 5038 578 5092 ibidem
598 5036 704 5102 asserit,
717 5052 787 5092 nunc
807 5040 931 5095 eumdem
1020 5039 1031 5079 ¹
1048 5040 1110 5096 llaec
1123 5039 1309 5111 interpretatio
1329 5048 1385 5096 tota
1407 5042 1548 5111 desumpta
1570 5049 1613 5096 ιιι
1632 5057 1667 5097 ιι
1680 5042 1772 5113 Augu-

139 5108 282 5164 Cltristum
294 5107 395 5174 offerri,
407 5109 452 5176 qui
462 5115 526 5161 taric
537 5106 643 5162 oblatus
656 5104 715 5160 init.
726 5105 839 5176 Copiose
850 5123 932 5178 porro
983 5110 1063 5175 stino,
1082 5109 1159 5178 cnjus
1172 5110 1378 5165 Enarrationem
1401 5112 1428 5166 in
1442 5112 1575 5182 psalmum
1589 5112 1662 5166 lianc
1678 5111 1716 5184 [id
1731 5120 1772 5167 cst

140 5179 196 5233 lioc
217 5178 243 5232 iii
265 5178 325 5233 loco
339 5184 528 5247 argumentum
542 5178 594 5230 hoc
610 5177 781 5246 persequitur
795 5177 932 5233 Bellarmi-
984 5178 1028 5252 ll]
1043 5181 1188 5250 exscripsit
1201 5178 1338 5236 Claudius.

140 5262 206 5314 nus,
218 5249 264 5318 qiii
274 5250 355 5304 etiam
368 5249 401 5302 de
419 5262 451 5302 eo
465 5246 520 5316 agit
537 5245 587 5301 sub
602 5246 709 5301 initium
722 5245 780 5302 iere
791 5248 887 5319 capitis
897 5247 932 5302 tt
988 5261 1762 5294 -------—--—-·-·-—--

154 5344 913 5400 —7---—-—†-—-———-
1018 5317 1040 5339 ‘⁶
1052 5316 1133 5373 Aliud
1146 5316 1241 5382 aliine,
1255 5333 1305 5374 iiec
1321 5318 1412 5373 minus
1463 5322 1599 5390 rspicuum
1619 5320 1772 5390 exemplum

161 5426 165 5431 .
204 5379 933 5465 Desacraiii.·liiichar.lib.ii‚cap.2l,55,eitomo
1002 5386 1371 5457 rtebetAmbrosiusiocap.
1395 5334 1570 5446 ircaalib.
1587 5405 1703 5457 innam
1720 5390 1770 5451 65.

140 5458 280 5520 septimo:
302 5453 348 5506 ubi
363 5454 414 5508 sibi
436 5451 529 5534 obiicit
541 5451 599 5507 haeo
621 5450 762 5535 Augustini
782 5457 865 5510 verba
888 5458 934 5512 de·
984 5402 1151 5512 Elsverbis:
1171 5473 1180 5505 i
1201 5465 1263 5524 post
1279 5455 1396 5510 triduum
1419 5460 1552 5527 reperitur
1568 5461 1596 5515 iii
1611 5459 1727 5531 templo,
1742 5468 1773 5514 ιιι

141 5527 297 5589 sumptaei
315 5521 454 5578 Commen.
468 5537 496 5575 iii
509 5521 576 5591 psal.
591 5536 631 5576 iii.
647 5539 657 5572 ι
671 5521 795 5578 Cirristos
814 5525 935 5580 adhibuit
984 5533 1057 5580 esset
1076 5524 1186 5589 indicio,
1207 5526 1269 5594 qnia
1328 5534 1353 5580 st
1372 5527 1490 5582 triduum
1507 5531 1677 5600 triumphalis
1699 5530 1772 5585 illias

141 5589 241 5672 ludam
257 5592 290 5674 ad
305 5593 483 5674 convivium,
499 5592 526 5646 in
546 5607 600 5663 quo
618 5593 741 5663 corporis
759 5595 800 5649 sui
822 5593 933 5666 liguram
984 5594 1116 5664 passionis
1129 5595 1156 5649 in
1171 5595 1234 5650 sede
1253 5607 1295 5650 ιιι
1305 5595 1357 5649 esti
1369 5603 1398 5650 et
1416 5597 1519 5654 honore
1533 5598 1625 5655 divino
1639 5600 1702 5656 hdei
1723 5615 1772 5655 no-

143 5659 288 5732 discipulis
300 5662 506 5718 commendarit.
526 5681 535 5714 i
986 5674 1048 5720 stra
1060 5680 1089 5721 se
1100 5666 1245 5722 suscitatus
1256 5663 1376 5739 olierret,
1389 5668 1434 5736 qui
1449 5676 1571 5726 mortuus
1582 5669 1768 5726 credebatur.»
1818 5702 1822 5709 -
