3832 6120
134 306 213 362 tata·
242 244 246 266 Ι
681 286 843 356 adbottct
860 288 871 351 l
890 288 1128 351 COGNOMENTO
1147 288 1192 348 rit
1707 285 1782 341 tait

131 430 222 481 unam,
241 415 436 486 persolverent,
458 417 485 468 et
505 411 572 468 nibil
590 411 705 482 amplius
719 411 838 482 episcopi
850 423 920 479 prae-
934 406 1036 474 ado,
1056 414 1104 461 aut
1119 405 1243 462 hemines
1260 403 1346 474 ipsius
1363 403 1533 468 monasterii,
1555 411 1614 457 mm
1640 396 1783 472 ingenuus

130 509 193 563 istie
209 504 326 562 civitatis
342 505 376 558 de
392 505 473 559 rebus
486 502 545 572 iam
567 502 630 557 dicti
656 501 812 557 monasterii
833 500 924 570 exige-
974 513 1055 570 quam
1076 506 1104 554 et
1124 512 1228 559 servos,
1249 510 1331 565 super
1348 493 1548 563 temaotipsins
1562 499 1782 548 commorientes

131 602 201 660 rertt,
223 602 250 650 et
275 594 367 648 liceret
388 592 499 648 eosdem
533 593 680 646 monachos
710 606 805 646 secure
832 590 924 645 virere
975 588 1198 645 irrationabiliter
1206 582 1563 657 accingendosnecmtas
1575 581 1783 639 resibilaitioms

131 686 232 754 absque
243 681 357 751 alienius
368 680 554 746 intestatione,
567 682 608 735 vel
621 695 711 736 rernm
724 694 834 735 suarum
846 679 924 735 dimi-
973 688 1021 736 ant
1034 680 1142 736 illicitas
1153 678 1311 735 occasiones
1323 675 1516 746 cernimur-lae,
1528 672 1634 730 nestris
1650 681 1682 727 et
1702 670 1781 731 lutu-

131 779 282 832 nomtione.
306 772 339 831 er
351 785 446 847 postea
463 784 531 832 avos
546 785 649 840 noster,
664 782 745 844 atque
757 776 883 830 dominus
896 778 924 830 et
973 775 1012 830 ris
1022 773 1188 842 temporibus
1202 771 1305 836 ingredi
1320 769 1428 832 audeat,
1440 767 1483 821 rel
1495 781 1529 821 ca
1541 781 1606 836 quse
1619 780 1709 835 supra
1723 779 1782 821 me·

131 868 237 938 genitor
250 875 351 934 noster,
364 867 489 923 eamdem
505 868 737 933 constitutionem,
757 874 787 920 ut
809 866 835 921 in
852 866 925 921 iutu-
974 872 1078 921 morata
1097 870 1170 925 srtnt,
1186 862 1295 931 penitus
1314 859 1425 929 exigere
1442 863 1601 927 presumat.
1623 852 1684 909 Sed
1699 853 1782 908 liccat

134 974 193 1012 turm
215 969 274 1015 rata
295 968 428 1024 maneret,
451 947 569 1013 einerrds
590 959 646 1013 stris
666 958 873 1023 confirmarunt,
897 964 925 1012 et
974 963 1125 1011 memorato
1141 954 1233 1009 abbati
1250 953 1360 1021 suisque
1373 947 1579 1005 streuessoribus
1592 945 1779 1015 respraetlieti

133 1052 205 1122 ‹poed
216 1052 286 1106 idem
297 1051 403 1123 genitor
415 1061 506 1106 noster
517 1050 674 1120 praedictum
685 1050 877 1105 monasterinm
892 1046 921 1103 S.
974 1046 1132 1101 monasterii
1145 1061 1208 1099 cum
1222 1043 1348 1098 omnibus
1361 1043 1413 1097 sibi
1425 1040 1568 1110 sulrjeetis,
1589 1046 1620 1095 et
1637 1038 1728 1094 rebus
1741 1038 1781 1095 rel

131 1139 213 1208 Galli,
241 1158 303 1199 cum
327 1143 466 1200 morraebis
490 1143 588 1198 ibidem
608 1142 664 1199 ilco
686 1143 874 1205 militantibus,
897 1148 924 1197 ct
974 1136 1128 1191 bominibus
1148 1135 1182 1188 ad
1199 1150 1228 1188 se
1243 1135 1316 1204 iuste
1335 1133 1541 1203 inspicientibus
1555 1131 1600 1187 rel
1614 1129 1782 1202 pertiuenti-

132 1248 194 1288 cunr
219 1234 299 1288 rebus
319 1240 346 1288 et
365 1232 531 1297 bominibus,
558 1233 591 1288 ad
613 1248 642 1288 se
661 1232 734 1304 juste
753 1238 781 1287 et
802 1230 926 1302 legaliter
975 1227 1035 1290 bns,
1053 1227 1103 1281 snb
1121 1225 1243 1280 tuitionis
1259 1233 1342 1294 atnoe
1361 1223 1541 1278 inrrrnnritatis
1559 1231 1668 1278 nostrae
1690 1220 1783 1276 delest-

133 1324 338 1398 aspicientibus,
355 1326 396 1383 rel
409 1326 618 1397 pertinentibus,
636 1325 687 1381 sub
702 1340 750 1381 sua
770 1324 926 1380 eonstituis-
975 1318 1063 1385 stone,
1076 1325 1179 1373 tctnote
1193 1316 1277 1372 toties
1295 1315 1446 1386 iudiciariae
1466 1315 1616 1385 potestate
1637 1313 1781 1382 iniquieta-

133 1426 173 1475 set
189 1418 355 1486 «retrusione,
374 1425 402 1473 et
419 1417 596 1473 immunitatis
616 1416 740 1471 tuitione.
764 1414 798 1470 lit
816 1415 926 1484 quando
976 1409 1049 1472 dine,
1063 1408 1157 1477 (tuitii)
1169 1407 1267 1461 wilini
1282 1406 1432 1475 ltfflssldfflb
1447 1413 1475 1460 θ*
1487 1413 1585 1460 Μῑῐθ
1599 1404 1725 1460 Μθῑῑῑθῑ
1737 1421 1782 1474 9²·

132 1510 223 1566 divina
237 1510 378 1566 vocatione
392 1510 475 1564 abbas
488 1496 572 1579 ipsius
586 1507 741 1563 rnonasteril
755 1507 789 1562 ab
802 1507 853 1561 bae
865 1502 926 1560 lnee
978 1512 1038 1553 rete
1060 1497 1175 1567 imperio
1189 1497 1214 1559 ὃ,
1230 1502 1257 1551 ei
1277 1494 1496 1565 qrrartdoqnidem
1515 1495 1612 1550 divini
1633 1495 1783 1550 militm

133 1600 287 1671 traigmssut,
311 1600 446 1655 licentiam
471 1598 612 1662 baberent,
635 1598 782 1652 secundnm
806 1595 925 1668 regulam
976 1588 1147 1659 supradictus
1171 1587 1256 1641 abbas
1282 1580 1325 1641 Vel
1347 1600 1520 1641 ὓῡθΰθῦθθῐθθ
1543 1584 1607 1654 eius
1636 1586 1782 1647 fflei‘ttti.

133 1690 226 1746 Sancti
242 1690 389 1756 Benedicti,
405 1691 504 1762 eligere
519 1691 692 1755 abbatemet
702 1686 775 1744 nulla
791 1691 859 1745 donn
878 1703 925 1744 ex·
977 1678 1094 1750 quindiu
1110 1677 1161 1746 il)si
1176 1677 1304 1731 ”witichi
1318 1676 1388 1732 5¹¹¹&
1406 1690 1436 1731 ὅθ
1452 1675 1519 1732 [²¹0⁸
1539 1675 1671 1731 invenire
1689 1683 1783 1745 9⁰²⁰&

133 1778 196 1834 inde
214 1779 322 1847 regibus
340 1779 444 1845 clarent,
466 1780 516 1833 nisi
535 1777 605 1834 iurte
618 1781 730 1834 abbates
740 1779 785 1848 qrti
798 1794 846 1849 per
859 1787 926 1833 tem-
939 1757 963 1816 B
977 1769 1032 1823 fini
1048 1768 1094 1837 ‘lul
1119 1768 1204 1837 ΨΜ
1226 1767 1462 1837 0⁰¹iif⁰tiill⁰¹¹0¹¹¹
1479 1767 1636 1822 mundum
1658 1767 1783 1838 “liulim

132 1872 200 1937 ‘pora
214 1867 323 1932 inerint,
335 1869 421 1939 gratis
434 1869 590 1923 obtulerint.
612 1868 666 1924 Sed
678 1869 927 1939 neuquilibetpore
975 1862 1064 1917 saneti
1083 1860 1221 1916 Benedicti
1244 1872 1338 1931 regere
1359 1860 1479 1924 valcant,
1498 1872 1548 1928 per
1564 1858 1641 1915 ΜΝ
1658 1868 1784 1917 ”titum

133 1956 198 2013 tiiex
210 1958 279 2012 ultra
291 1973 370 2027 qnam
386 1958 413 2012 in
427 1959 561 2014 electione
578 1970 683 2023 eorrrrn,
694 1968 721 2014 et
731 1960 927 2015 constitutione
976 1955 1165 2010 auetorbatem
1178 1960 1207 2007 et
1218 1966 1379 2007 consensum
1393 1959 1422 2006 et
1433 1951 1584 2007 seeundum
1597 1952 1677 2020 quoti
1692 1953 1724 2009 itt
1740 1968 1783 2007 au·

133 2046 264 2116 gerritoris
285 2046 370 2101 nostri
391 2049 618 2117 comprehensum
641 2059 698 2112 est,
719 2064 864 2119 oppressor
885 2048 926 2103 tel
976 2045 1102 2100 ctoritate
1121 2043 1250 2115 genitoris
1269 2040 1355 2097 nostri
1373 2041 1540 2105 continetur,
1562 2040 1713 2099 lieentiam
1737 2043 1785 2097 ba-

132 2142 245 2191 etactor
258 2137 375 2190 existere
389 2137 509 2201 deberet,
525 2137 607 2192 sedai
621 2144 695 2192 certa
708 2140 866 2202 necessitas,
882 2147 927 2192 ant
977 2138 1058 2191 team
1077 2134 1194 2206 eligendi
1215 2134 1353 2199 abbatem,
1371 2133 1506 2203 quatenus
1526 2134 1662 2193 monaehi
1683 2133 1783 2189 ibidem

132 2226 184 2297 plur
196 2228 347 2282 deuotionis·
363 2228 485 2283 rolantas
501 2229 625 2283 cnnnlcm
643 2228 824 2284 venerabilem
839 2228 927 2283 lucum
977 2224 1033 2280 lieo
1047 2224 1209 2280 larnulantes
1220 2233 1269 2293 pro
1283 2223 1361 2278 nobis
1377 2233 1406 2279 et
1423 2220 1577 2279 stabilitate
1595 2222 1680 2294 regni
1697 2223 1783 2279 nmtri

131 2317 259 2387 episcopo
268 2319 343 2371 adire
354 2332 495 2371 necessum
509 2317 601 2382 inerit,
614 2334 676 2372 euru
686 2318 804 2374 discreto
815 2328 928 2373 rtttmer'o
978 2314 1084 2369 [lumini
1101 2314 1316 2370 ntiserieurdiam
1326 2313 1426 2385 jugiter
1437 2326 1556 2371 exorare
1571 2314 1697 2371 ualeant.
1722 2315 1785 2371 llere

135 2407 286 2470 bominum,
303 2420 337 2460 ne
354 2406 425 2460 idem
445 2408 638 2462 monasterium
659 2416 797 2479 gravetur,
815 2409 929 2464 honeste
978 2414 1043 2461 tero
1060 2406 1209 2461 auctoritas
1229 2413 1259 2461 ιιι
1279 2421 1328 2475 per
1344 2402 1470 2461 diciturne
1491 2412 1618 2476 tempora
1639 2406 1785 2463 inuiolabi-

135 2496 234 2559 veniat,
257 2504 284 2549 et
299 2495 429 2564 quilqnid
442 2496 575 2567 agendum
589 2505 640 2561 est,
652 2499 748 2553 eadent
762 2497 860 2567 placita
874 2498 928 2553 beo
978 2494 1030 2550 lem
1044 2495 1164 2551 obtineat
1177 2496 1343 2560 ιιιιιιὶιεῑειιι,
1359 2511 1440 2551 manu
1454 2496 1567 2567 propria
1580 2498 1683 2553 subter
1693 2499 1785 2554 inna-

135 2585 276 2640 boncstate
290 2592 412 2654 peragat,
433 2601 549 2656 musone
571 2588 680 2643 domum
697 2586 800 2643 redeat.
824 2587 877 2643 Sed
899 2596 928 2641 nt
979 2586 1076 2652 rimus,
1086 2595 1114 2641 et
1125 2585 1216 2642 aounli
1231 2587 1316 2643 nostri
1331 2584 1507 2656 impressione
1518 2588 1629 2659 signari
1638 2587 1782 2659 jussimus.

135 2688 217 2739 snpra
231 2676 368 2731 nominata
387 2680 545 2735 constitutio
560 2689 587 2735 et
601 2681 820 2736 confirmationes
832 2682 928 2751 praedi·
1014 2679 1128 2750 Signum
1142 2678 1271 2735 Ludurici
1287 2678 1475 2749 gloriosissimi
1487 2678 1576 2751 regis.

135 2772 241 2821 uterum
252 2767 433 2840 Augustorum
444 2771 582 2841 perpetuis
593 2770 761 2842 temporibus
773 2771 928 2826 inconuulsa
1013 2763 1176 2823 bitatteodua
1200 2768 1330 2825 diaeonus
1355 2769 1389 2824 ad
1416 2769 1505 2825 ricem
1528 2766 1673 2826 Grimaldi
1700 2783 1712 2810 t
1742 2786 1783 2826 re·

135 2868 286 2924 rrtanerent,
307 2860 451 2929 praedictus
470 2863 555 2917 abbas
573 2864 700 2932 precibus
723 2864 822 2933 quibus
845 2862 929 2916 ualuit
979 2858 1102 2930 cognovi.

136 2955 256 3003 nostram
279 2949 431 3004 obsecravit
454 2951 640 3018 elementiam,
666 2961 696 3007 ut
717 2968 800 3023 snper
820 2953 927 3009 easdem
1014 2953 1082 3007 bata
1104 2967 1149 3007 rar
1170 2950 1228 3007 llal.
1250 2950 1392 3019 Nouemb,
1410 2966 1495 3018 anno,
1513 2951 1633 3008 Gltristo
1655 2952 1785 3022 propitio,

135 3038 352 3094 confirmationes
366 3046 485 3094 nostram
497 3041 579 3096 ctiam
590 3040 766 3112 jungeremus
778 3042 926 3097 auctorita·
981 3042 1069 3112 primo
1081 3042 1156 3113 regni
1171 3042 1272 3099 donnini
1288 3042 1416 3100 bttdotiei
1426 3044 1498 3114 regis
1508 3043 1540 3099 itt
1550 3045 1689 3101 orientali
1702 3044 1782 3099 Fran-

136 3134 200 3181 tem.
226 3127 308 3199 Cujus
319 3130 441 3199 petitioni
455 3132 696 3202 propterditinum
708 3148 828 3188 anrorent
842 3133 926 3188 liben-
940 3116 961 3176 C
977 3135 1028 3199 eiu,
1052 3134 1198 3191 indictione
1211 3134 1254 3188 ll.
1274 3134 1287 3174 ¹¹
1309 3133 1407 3190 rictum
1427 3134 1638 3191 Francorreiurt
1653 3148 1666 3174 ε
1684 3136 1785 3206 palatio

135 3225 178 3271 ter
199 3231 292 3272 aurem
311 3221 575 3278 accommodavimus
598 3232 626 3277 et
645 3223 715 3278 bane
737 3224 928 3279 auctoritatem
979 3227 1054 3298 regio
1067 3227 1094 3282 in
1107 3227 1154 3282 liei
1168 3227 1278 3282 nomine
1291 3226 1414 3283 ielieiter.
1429 3227 1531 3283 bruera

136 3307 349 3365 certdrmationis
359 3320 457 3368 nostrae
466 3313 539 3368 eirea
551 3315 639 3384 ipsum
650 3316 843 3371 monasterinm
858 3316 929 3384 ejus·
1280 3317 1470 3375 GLlllllll'lll.

136 3412 189 3466 qrre
205 3407 323 3454 rectores
344 3400 401 3456 tieri
422 3401 562 3471 jussimus,
583 3415 632 3474 per
655 3419 736 3475 quam
759 3407 930 3464 decernimus
1130 3422 1182 3466 rao
1201 3424 1370 3466 uosasresro
1386 3426 1509 3467 cessere
1529 3427 1622 3468 oure.

136 3498 218 3559 mque
229 3487 364 3558 jurentur,
379 3499 408 3547 ut
420 3493 502 3565 (post)
513 3495 649 3565 inspectas
662 3496 838 3553 auctoritates
849 3499 891 3552 ari
902 3506 929 3553 et
1286 3500 1372 3572 (riano
1390 3501 1467 3571 idi.)

136 3584 266 3654 gemitoris·
279 3587 374 3651 nostri,
389 3587 460 3642 sieut
471 3602 521 3658 pet·
531 3603 579 3645 eas
589 3589 696 3660 plenius
711 3588 877 3656 declaratur,
891 3591 929 3644 ita
1067 3588 1155 3662 [Apud
1170 3592 1298 3655 Sebatcn,
1315 3591 1431 3648 dnnrrlcs
1444 3589 1631 3660 Perictione„
1644 3595 1704 3668 aa]

88 3714 90 3719 -
135 3674 209 3730 omni
227 3683 360 3745 tempore,
375 3677 477 3747 absque
490 3664 790 3749 alicujusinlestatione
806 3691 930 3738 auteon-
1015 3682 1043 3736 ln
1065 3682 1174 3739 nombre
1190 3683 1235 3738 bei
1253 3692 1282 3739 et
1304 3684 1454 3741 Saturtorts
1475 3688 1566 3743 nostri
1581 3686 1652 3745 lesu
1668 3690 1783 3749 Cbristi.

135 3765 285 3828 uarietate,
301 3766 415 3824 Oomirm
428 3778 583 3835 annuente,
600 3779 731 3841 perpetuo
743 3772 929 3827 inconvulsum
980 3771 1142 3838 bodonicus,
1155 3773 1243 3828 dirina
1254 3776 1449 3844 repropitiante
1456 3776 1621 3847 elementia,
1632 3780 1783 3853 imperatur

134 3865 304 3922 permaneat.
329 3857 361 3911 tn
376 3857 429 3930 [ut]
445 3858 626 3928 nullusjtrder
641 3861 774 3929 publicus,
789 3869 836 3915 aut
846 3863 928 3932 quili—
979 3864 1126 3934 Augustas.

134 3935 181 3996 bet
198 3946 345 4014 superioris
362 3957 409 4002 aut
424 3949 561 4005 inferioris
575 3949 678 4004 ordinis
695 3944 848 4019 ieipublieau
867 3967 930 4021 pro·
1016 3952 1046 4010 st
1061 3956 1229 4013 liberalitatis
1249 3964 1348 4013 nostrie
1362 3973 1474 4015 trtnnere
1487 3960 1521 4015 de
1536 3960 1717 4019 benetieiisa
1732 3965 1786 4018 baa

132 4043 255 4098 curator,
272 4036 298 4090 in
316 4038 446 4094 eeclesias
465 4049 511 4094 aot
528 4040 596 4106 loca,
617 4041 697 4096 villas
711 4042 753 4098 rel
771 4058 862 4114 agros,
881 4062 928 4100 seu
980 4047 1060 4103 uobis
1072 4047 1194 4114 collatis,
1209 4047 1277 4103 lucis
1293 4049 1349 4104 naa
1362 4049 1461 4105 dicatis
1472 4050 1578 4120 aliquid
1599 4053 1784 4119 conterimus,

133 4122 253 4191 reliquas
263 4127 450 4194 possessiones
460 4129 603 4184 memorati
613 4132 861 4202 monasterii,quas
872 4148 929 4188 rno-
979 4136 1009 4192 id
1028 4138 1106 4193 uubis
1120 4148 1147 4192 et
1165 4139 1200 4194 ad
1220 4139 1362 4193 mortalem
1384 4141 1469 4194 ritant
1490 4138 1614 4198 ielieiter
1632 4145 1785 4217 transigen-

132 4212 220 4296 ¹derne
232 4223 352 4286 tempore
362 4217 431 4271 inira
444 4234 557 4288 regnunt
565 4220 695 4277 divinitus
703 4224 781 4279 trabis
788 4225 928 4292 collatum,
980 4227 1054 4295 ihm,
1073 4237 1103 4283 et
1119 4229 1152 4284 ad
1171 4236 1300 4283 atterimur
1314 4230 1505 4299 perpetualiter
1521 4232 1708 4290 obtinendam
1725 4252 1785 4305 pm

131 4301 205 4371 iuste
219 4311 246 4356 et
259 4306 456 4361 rationabiliter
469 4309 600 4378 possidet,
616 4311 660 4366 rel
674 4329 734 4382 quae
748 4315 876 4385 deinceps
888 4317 928 4372 di·
980 4318 1101 4374 intusum
1111 4334 1260 4387 sperannts.
1276 4319 1381 4375 lleireu
1395 4329 1488 4375 rantum
1499 4319 1561 4376 lieri
1577 4323 1713 4381 volutans
1726 4341 1784 4380 onr-

133 4393 196 4447 'rina
209 4393 295 4463 pietas
306 4393 405 4451 ibidem
418 4400 507 4470 angori
522 4399 646 4467 uoluerit,
658 4404 692 4458 ad
705 4418 802 4460 causas
812 4405 927 4475 judicia·
980 4411 1053 4464 nium
1080 4409 1197 4464 lidelinnr
1221 4420 1388 4477 nostrorum,
1416 4419 1470 4467 tum
1491 4415 1680 4483 presentium
1703 4432 1784 4486 amun

132 4484 176 4539 tio
190 4500 266 4540 mere
280 4485 428 4546 audiendas
446 4492 488 4546 rel
507 4491 581 4547 lreda
596 4507 609 4534 ¹
624 4496 769 4567 exigenda,
786 4507 834 4552 aut
850 4515 928 4555 man·
979 4496 1141 4563 iutnroruru,
1161 4500 1311 4568 sagacitati,
1326 4501 1389 4568 quia
1403 4508 1512 4570 petente
1528 4501 1653 4560 Warino
1669 4523 1784 4563 terrers-

131 4576 225 4634 'siones
243 4578 284 4633 rel
302 4589 411 4649 paratas
425 4582 564 4640 iaciendas
577 4595 624 4641 aut
640 4586 814 4659 fideiussores
835 4591 929 4649 tellen-
979 4588 1026 4644 biii
1047 4587 1162 4653 abbate,
1182 4589 1228 4658 qud
1258 4591 1452 4646 ruotrasterinm
1475 4593 1551 4662 qttod
1579 4594 1693 4652 dieitur
1712 4597 1785 4655 Nera

169 4718 182 4746 ε
204 4706 331 4774 Fredum,
346 4726 440 4768 avoee
458 4713 550 4768 Germ.
565 4716 661 4784 fodere,
678 4718 805 4775 muletam
826 4721 929 4793 signillb
976 4720 1212 4774 Gmrstantiniana.
1624 4788 1627 4794 Ι

131 4781 188 4837 rat,
206 4789 258 4844 qna
271 4782 407 4848 persoluta
424 4796 487 4837 rens
501 4800 594 4855 praeem
612 4801 627 4839 a
643 4787 764 4860 principe
779 4806 929 4861 eonseque-
1017 4801 1029 4831 ε
1047 4790 1125 4845 Patet
1144 4791 1207 4847 bine
1219 4790 1384 4847 burloriennt
1395 4791 1488 4858 Germ.
1508 4795 1590 4863 prins
1608 4796 1785 4856 Francoiur·

133 4842 222 4899 batur.
247 4846 362 4906 Frednm
376 4861 405 4907 et
420 4854 485 4907 tlsco
497 4871 526 4908 rc
546 4855 610 4911 ieet
619 4855 755 4924 iudicibus
765 4863 928 4934 quarrdoquc
979 4869 1036 4917 tum
1048 4860 1164 4926 venisse,
1195 4876 1257 4915 narn
1276 4863 1357 4917 tradit
1370 4863 1514 4935 Theganus
1525 4865 1559 4920 de
1571 4865 1675 4925 Gestis
1696 4870 1786 4924 Lude

134 4913 262 4970 Solutum·
275 4918 393 4991 liueang.
413 4924 462 4978 boe
479 4872 569 4979 reris.
977 4931 1030 4987 viel
1052 4930 1110 4995 Pii,
1129 4948 1157 4985 n.
1175 4876 1224 4994 ib,
1243 4946 1287 5001 ap.
1312 4932 1460 5003 bouquet,
1481 4932 1546 4989 ller.
1564 4935 1645 4992 Gall.
1670 4940 1786 5012 δοτῆρι..

170 4983 183 5023 t
204 4984 266 5041 nnc
280 4991 502 5073 eadernliorntula
517 4994 751 5078 balbetnrqnoque
770 5000 797 5055 in
815 5001 868 5058 alio
883 5003 925 5058 di-
978 5011 1043 5060 tom.
1060 4999 1103 5066 Vl,
1124 5017 1185 5073 pag·
1209 5002 1255 5066 83,
1280 5003 1325 5056 nbi
1348 5020 1355 5056 ²
1382 5021 1392 5054 t
1418 5004 1457 5059 ⁰0
1473 5004 1665 5075 C⁰¹¹¹l³0¹¹d502
1688 5013 1787 5082 inqrtit,

130 5051 554 5197 ἙΙὲιοιίιιιὲεῐὲἒκιῑοιίιῗηιι,ιιιιιιιιιιιιῖ
568 5080 611 5136 ap.
627 5066 841 5188 prfflndidiffl’
854 5072 923 5129 illst.
977 5079 1070 5177 postea
1103 5071 1239 5154 duxerunt
1260 5072 1415 5175 'piissimum
1442 5075 1599 5145 principem
1626 5082 1786 5162 lindesie.

324 5167 343 5193 .,
415 5171 421 5184 .
460 5149 530 5202 ,pro
552 5152 613 5198 .,n.
663 5170 690 5189 ι.
976 5144 1063 5212 amp.)
1087 5143 1121 5198 ad
1141 5143 1302 5225 alqursgranr
1325 5143 1465 5212 palatium.
1488 5144 1788 5222 llocaudreusaaput·

168 5193 355 5254 eGrrtnaldus
377 5203 608 5283 archicapellanus
628 5205 754 5263 luduvici
777 5209 868 5266 Germ.
897 5222 925 5270 et
975 5228 1059 5268 tuens
1075 5212 1227 5284 itliusegus,
1248 5214 1389 5268 necessita
1410 5214 1546 5281 Baeturia,
1569 5222 1789 5291 rrragnodolore

131 5272 226 5331 llOstea
238 5269 323 5323 abbas
336 5270 364 5325 S.
380 5272 461 5326 Galb.
975 5282 1131 5353 cotrtpnlsns
1148 5285 1182 5336 ob
1197 5281 1321 5350 injuriam
1338 5284 1435 5338 Patris.
1461 5286 1511 5352 Oui
1536 5290 1661 5346 seruiens
1685 5294 1722 5346 ad
1740 5308 1790 5362 pa·

167 5330 180 5371 ‘¹
199 5333 307 5416 norrun
322 5340 537 5424 aestuandum
550 5343 641 5401 Germ.
661 5355 723 5417 post
736 5351 820 5419 patris
838 5368 921 5407 cran-
974 5352 1068 5406 tntum
1094 5351 1310 5413 Franennuiurt,
1338 5355 1429 5410 entim
1455 5356 1519 5410 iude
1545 5356 1659 5416 direxit
1684 5363 1790 5434 legatus

130 5408 308 5487 ctotntmuern
341 5428 455 5479 prunum
490 5417 531 5469 sui
567 5418 706 5487 regiminis
739 5423 764 5475 ln
790 5422 919 5478 lbierrtali
975 5439 1049 5486 striis,
1068 5434 1145 5477 cte»
1167 5423 1233 5476 Nam
1249 5434 1344 5479 rrrrrtor
1361 5426 1427 5481 litae
1443 5425 1572 5480 Ludoriei
1591 5428 1651 5493 l’ii,
1669 5430 1725 5487 loc.
1739 5435 1787 5487 cit.

131 5466 248 5559 liranum
261 5483 427 5537 numerabat.
443 5484 575 5540 Currebat
586 5497 649 5542 trane
665 5489 777 5546 indictio
791 5493 816 5547 ll
834 5494 918 5548 allai.
993 5510 1034 5560 ng.
1054 5493 1120 5557 tit,
1136 5502 1251 5547 testatur
1275 5494 1432 5551 lotharium
1457 5497 1523 5564 irup.
1543 5513 1610 5552 enm
1648 5515 1713 5559 atre
1737 5503 1788 5556 lia-

129 5536 261 5625 ³⁸¹²¹¹⁸ftb
275 5551 412 5628 pontilicis
426 5554 517 5608 dieta:
542 5555 578 5611 ab
596 5573 644 5637 urar
666 5558 725 5612 llal.
743 5561 803 5617 Oet.
817 5573 918 5626 autern,
974 5510 1061 5619 iendis
1080 5564 1204 5618 Octobris
1226 5564 1423 5634 Grrtnpcndium
1443 5567 1568 5632 vertisse,
1586 5569 1618 5625 iu
1641 5588 1717 5645 eque
1734 5574 1789 5627 riis-

130 5620 330 5705 reurteesnna
349 5632 445 5704 qrrar'tn
462 5624 640 5708 Stantembrts,
653 5644 707 5753 Ίει
720 5638 749 5685 ει
768 5630 920 5690 Ludoricus
973 5634 1088 5689 cessisse
1109 5633 1327 5714 riqnisgrannrn,
1346 5634 1526 5717 expletulrue
1551 5654 1586 5693 ue
1609 5640 1674 5700 otio
1702 5644 1788 5700 unisse

130 5674 139 5732 l
152 5693 194 5735 tus
206 5691 233 5738 et
251 5700 310 5755 epu
322 5688 368 5743 tlln
388 5707 428 5747 usi
442 5705 514 5760 sunt,
531 5696 642 5753 ardreno
677 5698 695 5751 2
714 5699 848 5769 Caesarea,
863 5705 919 5760 sire
973 5703 1190 5773 sanctilltutmi,
1204 5701 1284 5761 idest
1300 5706 1442 5763 undeetum
1452 5704 1576 5765 lloremb
1597 5770 1600 5775 ,
