3832 6120
140 323 206 380 ttoa
707 316 903 374 utttottnmt
923 315 1200 372 ucetusttsttttt.
1703 315 1770 370 ild&

459 429 601 485 cxxxtx.
937 429 1052 489 Anario
1066 427 1206 497 ctrjusdam
1222 426 1421 491 Dromedamii‚
1437 434 1464 482 et
1482 425 1601 481 decurrit
1616 442 1666 496 per
1684 429 1770 499 ripam

239 538 289 579 rao
301 538 449 579 utcttcuast
464 539 487 578 s.
504 537 628 577 rrsrmrar
642 539 821 578 uoaasasmo.
976 517 1068 574 Sancti
1090 518 1185 574 Mllarii
1199 518 1350 588 usquedum
1364 515 1505 586 cujusdam
1520 515 1641 573 Mortosii
1660 520 1769 575 nomine

385 612 468 683 (Ante
487 628 587 667 onnam
602 612 665 668 828.
974 609 1027 664 aiei
1039 609 1193 664 derodendo
1205 606 1272 662 lines
1283 607 1387 678 Ligeris
1397 606 1474 660 alveo
1485 619 1538 658 raon
1547 604 1655 660 modico
1665 606 1770 662 inuehi·

134 705 186 780 [Ex
201 703 366 760 chartulario
382 702 551 765 lliciacensi,
564 703 633 771 apud
647 702 678 755 l).
695 701 841 772 Borrqnet.,
856 709 922 757 torn.
976 707 1029 764 tur,
1047 701 1210 754 terminante
1222 699 1340 768 quadam
1353 697 1474 753 conclavi
1488 704 1567 751 terrae
1577 695 1689 751 alterius
1701 698 1767 766 ripe

427 772 470 838 iis
488 789 550 844 Piss·
563 772 638 844 dih]
974 791 1097 863 praedicti
1111 790 1269 845 monasterii
1280 796 1376 844 contra
1388 787 1433 842 uhi
1446 788 1529 842 etiam
1538 785 1646 856 puhlica
1658 787 1701 841 ria
1716 797 1770 851 est,

170 886 224 943 ·in
238 886 346 941 nomine
359 884 464 939 Domini
475 884 522 939 liei
535 883 728 954 omnipotentis
738 892 765 938 et
776 883 925 937 Salvatoris
975 887 1047 943 inter
1061 901 1142 956 quam
1156 895 1184 940 et
1194 885 1306 940 alteram
1320 892 1422 938 terram
1437 880 1560 951 praedicti
1572 878 1689 934 coenohii
1704 895 1771 950 pau.

133 979 220 1034 nostri
240 977 303 1032 lesu
323 975 440 1041 Christi,
464 975 615 1029 Ludoticus
637 983 665 1030 et
685 973 831 1030 Letharius
853 974 925 1029 lilius
976 979 1058 1035 iulum
1078 978 1199 1034 extendit
1215 993 1246 1033 sc
1268 976 1391 1047 quaedam
1408 972 1511 1029 terrula
1529 969 1639 1027 Sanctae
1663 969 1768 1036 Crucis.

132 1071 192 1141 ejus
206 1071 295 1127 divina
319 1071 462 1126 ordinante
480 1068 651 1138 providentia
672 1068 851 1139 imperatores
872 1067 930 1122 Au·
976 1085 1080 1126 necnon
1095 1080 1124 1125 et
1136 1068 1260 1125 fluviolus
1274 1067 1422 1132 ilollenus,
1437 1066 1482 1137 qni
1497 1066 1525 1120 in
1544 1065 1640 1120 eodem
1660 1063 1719 1119 loco
1737 1063 1770 1117 ad

133 1164 214 1235 gusti.
976 1178 1096 1234 praesens
1117 1162 1253 1217 invehitur
1270 1159 1368 1230 Ligeri.
1383 1157 1475 1212 Altera
1490 1171 1555 1212 t'ero
1569 1156 1628 1226 ripa
1648 1154 1771 1224 praedicti

169 1255 267 1310 Motum
290 1254 349 1309 heri
365 1252 489 1308 volomus
507 1252 640 1324 imprimis
654 1252 858 1307 successorihus
876 1267 926 1306 no-
976 1255 1049 1311 durii
1061 1255 1176 1326 Ligerici
1189 1268 1296 1323 semper
1305 1251 1426 1322 praedicti
1438 1249 1554 1305 coenobii
1568 1258 1609 1303 est
1617 1248 1770 1317 potestatis,

133 1348 208 1409 stris,
232 1360 335 1401 necnon
348 1351 376 1400 et
390 1345 515 1400 omnihus
537 1344 671 1408 fidelihus,
698 1343 761 1413 quia
779 1343 927 1413 postularit
976 1348 1099 1419 quamuis
1124 1343 1308 1414 cujuscunque
1333 1348 1407 1397 terra
1430 1340 1544 1394 alterius
1564 1336 1635 1407 juris
1657 1337 1774 1407 desuper

133 1438 347 1510 magnitudinem
362 1445 481 1493 nostram
497 1434 579 1490 Jonas
594 1435 680 1490 dilelis
691 1443 785 1490 noster
802 1434 926 1489 Aurelia·
976 1439 1117 1494 habeatnr.
1141 1437 1174 1492 Et
1188 1437 1216 1491 in
1235 1436 1346 1492 ciuitate
1362 1431 1551 1489 Aurelianensi
1566 1431 1687 1502 possidet
1703 1444 1773 1500 prae-

133 1532 226 1588 nensis
238 1529 336 1600 prtesul
353 1530 499 1595 Ecclesia,
515 1538 545 1584 ut
563 1528 661 1584 divinae
677 1529 815 1584 servitutis
828 1528 862 1583 oh
874 1529 924 1582 ho·
977 1527 1061 1584 latum
1074 1528 1228 1584 coenohium
1243 1526 1404 1583 Miciacense
1418 1525 1579 1587 claustrum,
1589 1522 1661 1592 quod
1672 1520 1772 1576 dicitnr

134 1635 238 1686 norem,
254 1627 281 1673 et
290 1628 400 1689 propter
414 1620 591 1674 monasticam
602 1619 736 1675 veraciter
746 1620 925 1690 religioseque
976 1616 1080 1689 capella
1096 1617 1189 1673 Sancti
1204 1615 1352 1679 Maximini,
1372 1622 1400 1669 et
1415 1623 1487 1668 terra
1503 1612 1589 1682 ipsius
1604 1609 1694 1665 aModii
1714 1608 1772 1663 exit

133 1711 295 1768 servandum
314 1712 457 1777 ordinem,
473 1722 582 1768 nostrae·
593 1713 762 1769 auctoritatis
783 1713 925 1784 priuilegio
976 1715 1057 1763 extra
1073 1723 1191 1762 murum.
1208 1706 1241 1760 Et
1254 1705 1306 1761 alio
1322 1705 1381 1760 loco
1392 1704 1420 1758 in
1432 1704 1542 1759 ciuitate
1554 1702 1636 1756 hahet
1645 1700 1773 1755 allodium

134 1803 365 1859 committeremus
382 1802 420 1855 illi
433 1802 568 1871 quoddam
582 1802 735 1858 caenobium
749 1803 832 1874 regim
847 1812 925 1874 pote·
941 1799 965 1858 B
979 1801 1137 1856 Momierric
1161 1800 1233 1854 iuter
1249 1797 1378 1853 Sanctum
1406 1794 1573 1866 Stephanum
1593 1800 1621 1848 et
1644 1790 1773 1847 Sanctam

133 1892 229 1957 statis,
244 1891 410 1946 nominatum
427 1891 580 1956 Miciacum,
600 1892 628 1946 in
645 1889 833 1947 Aurelianensi
858 1892 927 1947 dioe·
977 1891 1090 1947 Mariam
1112 1890 1179 1945 Boni
1193 1889 1295 1955 Nuntii,
1312 1898 1340 1944 et
1356 1888 1429 1943 ultra
1443 1886 1554 1941 durium
1568 1884 1675 1957 Ligeris
1690 1885 1773 1940 hahet

134 1983 199 2047 cesi,
215 1981 354 2037 landarum
372 1982 400 2036 in
417 1982 519 2038 honore
535 1983 581 2038 Dei
596 1991 621 2038 et
643 1982 752 2055 gloriosi
769 1993 926 2055 protomar·
976 1983 1068 2040 villam
1083 1984 1196 2050 Berarii,
1213 1998 1274 2054 quae
1289 1983 1389 2038 dieitur
1401 1981 1502 2052 capella
1515 1980 1608 2036 Sancti
1622 1979 1770 2044 Maximini,

135 2075 202 2144 tyris
224 2074 356 2145 Stephani
380 2090 396 2128 a
421 2074 554 2130 Clodorco
577 2077 666 2145 primo
691 2075 927 2132 Cirristianissimo
977 2083 1006 2131 et
1031 2075 1185 2130 censiacum
1206 2089 1267 2129 cum
1293 2073 1372 2138 silta,
1396 2081 1425 2127 et
1440 2079 1558 2127 montem
1585 2070 1716 2138 Pastoris,
1746 2079 1773 2124 et

135 2169 300 2225 Francorum
316 2183 388 2237 rege,
404 2177 432 2222 et
440 2170 621 2238 posteriorum
633 2170 818 2227 munideentia
832 2188 926 2244 regum
977 2175 1098 2222 montem
1115 2164 1266 2232 Thebaidi,
1282 2173 1309 2220 et
1325 2164 1419 2220 villam
1435 2162 1611 2217 Marmanios.
1627 2161 1661 2216 Et
1676 2161 1704 2216 in
1718 2159 1772 2216 alio

134 2258 270 2328 amplifice
286 2258 470 2312 sublimatum.
489 2258 561 2312 ldem
576 2267 666 2314 autem
682 2262 847 2318 uenerabilis
859 2278 928 2333 prae-
978 2258 1038 2313 loco
1050 2258 1133 2312 hahet
1145 2255 1320 2311 Camhiacum
1333 2255 1435 2317 tiliam,
1449 2269 1513 2309 cam
1523 2253 1638 2309 ccclesia
1649 2261 1676 2306 et
1686 2255 1773 2307 omni-

135 2350 177 2406 sul
208 2347 290 2404 Jonas
316 2347 458 2419 praelatum
487 2348 676 2405 Miciacensem
702 2351 790 2407 locum
818 2354 928 2423 speciali
977 2346 1029 2402 hus
1039 2346 1090 2402 sihi
1101 2344 1311 2415 pertinentibus.
1327 2344 1360 2397 Et
1371 2345 1398 2397 in
1415 2342 1468 2397 alio
1480 2342 1541 2398 loco
1555 2342 1646 2396 uillam
1659 2357 1720 2412 quae
1732 2341 1774 2397 di-

135 2455 228 2496 amore
240 2440 371 2510 diligens,
387 2416 559 2495 ou‘meritnm
578 2449 606 2495 et
621 2444 801 2499 reverentiam
814 2446 930 2501 sanetis-
979 2438 1052 2494 citur
1064 2436 1214 2499 Fontanus,
1226 2434 1272 2491 ubi
1287 2442 1329 2490 0⁸²
1344 2433 1447 2488 rivulus
1459 2448 1548 2502 aqua,
1559 2441 1586 2488 ei
1600 2446 1684 2503 Diope
1697 2433 1772 2488 iilam

136 2533 267 2588 simorum
282 2532 393 2586 Patmm
410 2531 545 2602 Euspicii,
567 2532 716 2601 Maximini,
736 2533 808 2590 liviri
823 2546 851 2592 et
864 2536 930 2593 alio-
979 2529 1062 2587 hahet
1075 2527 1167 2583 rillam
1182 2541 1241 2598 quae
1258 2525 1358 2582 dicitur
1373 2525 1517 2595 casellagi.
1530 2523 1558 2578 ln
1574 2524 1715 2580 Secalonia
1735 2523 1772 2596 (la

136 2637 196 2676 rum
222 2622 443 2692 quamplurium,
470 2623 516 2692 qni
540 2623 568 2677 in
592 2623 686 2679 eodem
715 2627 840 2683 coenobio
866 2642 929 2683 cum
980 2620 1106 2694 sologne)
1124 2636 1189 2677 rero
1208 2620 1329 2692 possidet
1345 2627 1450 2675 curtem
1467 2618 1638 2675 Vennensem
1655 2633 1774 2676 cumec-

137 2716 254 2786 pinrinm
269 2713 382 2770 fratrum
402 2731 515 2771 numero
526 2715 576 2772 suh
590 2718 740 2774 monastico
753 2719 849 2775 ordine
867 2735 930 2790 pro-
980 2714 1073 2779 desta,
1089 2714 1250 2784 mancipiis,
1264 2713 1347 2768 terris
1360 2712 1441 2768 cultis
1455 2719 1482 2766 et
1496 2711 1614 2778 incultis,
1631 2720 1659 2767 et
1676 2711 1773 2768 silram

137 2808 264 2863 habiliter
276 2807 332 2863 Deo
350 2809 452 2864 rixisse
469 2817 497 2863 et
514 2809 650 2880 placuisse
669 2809 842 2867 declarantur
854 2813 930 2868 testi·
980 2805 1322 2880 qumdicitur‘lassimata;
1335 2814 1439 2860 curtem
1450 2806 1532 2861 etiam
1543 2804 1773 2871 litimiacensem,

138 2901 230 2955 monio
246 2901 412 2957 evidentium
425 2902 636 2969 miraculorum,
656 2919 710 2959 non
726 2904 868 2961 ambitiosa
884 2921 930 2961 cu·
981 2912 1042 2970 lllae
1053 2896 1132 2969 ”¹¹8⁰
1145 2897 1245 2954 dicim?
1255 2895 1542 2964 ii⁰¹¹⁵¹0¹¹l²¹¹¹¹i‚⁰¹¹¹¹¹
1553 2898 1649 2962 seriis,
1662 2897 1738 2953 Silvis
1749 2906 1777 2953 01

138 2989 252 3058 piditate
264 2998 310 3045 aut
327 2989 398 3045 lastu
411 2993 546 3061 superbiae
561 2995 678 3064 expetit,
694 2995 741 3050 sed
756 3005 785 3050 ut
799 2996 931 3068 regularis
982 2989 1042 3046 aliis
1056 2990 1137 3046 rebus
1151 2988 1201 3044 sibi
1219 2987 1425 3057 adjacentibus,
1438 3003 1470 3043 ae
1490 2988 1582 3042 uillam
1607 2989 1688 3043 Dardi
1713 3005 1776 3044 cunr

138 3081 206 3135 ordo
217 3082 383 3137 monasticus
395 3083 597 3154 religiosissime
608 3086 785 3143 custodiendo
796 3096 929 3143 teneatur.
982 3082 1109 3139 omnihus
1130 3080 1182 3136 sihi
1199 3081 1417 3152 pertinentibus,
1439 3097 1471 3136 ac
1492 3081 1657 3151 villamque
1677 3081 1778 3138 dicitnr

139 3167 236 3226 Mostrn
250 3187 315 3244 ergo
328 3173 415 3242 pietas
432 3173 479 3229 tali
495 3175 600 3232 ratione
613 3178 759 3233 committit
771 3179 822 3234 sihi
834 3177 931 3250 praala—
945 3147 967 3210 c
983 3174 1174 3240 Fontencllas,
1187 3188 1250 3229 cum
1263 3173 1342 3240 silva,
1356 3175 1443 3230 serris
1453 3182 1480 3229 et
1490 3175 1616 3230 omnibus
1628 3175 1679 3231 sihi
1694 3177 1778 3246 perti·

140 3271 197 3318 tum
215 3262 305 3319 locum
324 3271 351 3318 et
364 3266 567 3320 successorihus
578 3265 649 3335 ejus,
663 3276 694 3322 ut
716 3269 802 3340 magis
820 3285 869 3340 per
885 3285 932 3325 eos
984 3267 1120 3322 uentibus.
1133 3266 1167 3320 Et
1180 3265 1262 3321 habet
1273 3265 1416 3322 eeclesiam
1429 3264 1523 3322 Sancti
1537 3265 1610 3321 Petri
1623 3267 1650 3321 in
1662 3265 1779 3322 Gaudia·

140 3357 274 3433 spirituali
295 3365 323 3412 et
343 3359 484 3429 temporali
509 3369 642 3432 augeatur
661 3361 827 3418 incremento
851 3380 933 3435 quam
985 3372 1027 3422 eo,
1043 3364 1071 3410 et
1084 3356 1228 3412 ecclesiam
1246 3355 1339 3412 Sancti
1358 3355 1454 3412 llilarii
1470 3358 1541 3412 ultra
1560 3357 1725 3429 Ligericunr.
1740 3359 1779 3415 Ac

95 3474 98 3480 ·
142 3451 290 3513 minuatur,
305 3454 333 3502 et
351 3464 438 3519 neque
455 3448 537 3505 ullam
554 3452 706 3522 tyrannidis
721 3453 933 3510 dominationem
985 3447 1013 3502 in
1032 3447 1172 3520 MarogilO,
1188 3447 1214 3502 in
1235 3465 1289 3503 uuo
1305 3447 1363 3504 ioco
1380 3449 1501 3519 possidet
1513 3449 1546 3505 de
1559 3452 1646 3521 pratis
1660 3467 1735 3518 xrrr,
1752 3460 1781 3507 et

144 3555 225 3612 super
240 3541 398 3605 monachos,
420 3538 560 3602 familiam,
580 3542 732 3613 mancipia,
746 3558 839 3598 servos
855 3560 934 3599 exer.
985 3536 1012 3590 in
1031 3537 1083 3592 alio
1101 3536 1176 3599 locu,
1193 3537 1239 3606 qtti
1263 3538 1363 3592 dicitur
1387 3537 1429 3591 Ad
1445 3538 1548 3602 Menas,
1569 3539 1596 3593 itt
1613 3540 1712 3596 allodio
1725 3543 1781 3595 ari-

144 3639 240 3696 oeant,
264 3639 292 3685 et
306 3645 395 3698 neque
414 3630 472 3698 ipse
492 3637 538 3682 aut
556 3629 653 3698 aliquis
671 3646 858 3687 successorum
877 3632 936 3703 cius
985 3644 1089 3701 pennos
1103 3646 1145 3694 ru;
1170 3638 1198 3683 et
1221 3629 1249 3683 in
1271 3638 1417 3700 prospectu
1430 3629 1584 3685 Aurelianis
1604 3631 1632 3684 in
1656 3631 1716 3687 loco
1733 3635 1780 3702 qni

144 3721 234 3791 ajure
253 3729 280 3774 et
301 3727 436 3788 potestate
458 3717 563 3786 praetatt
586 3717 754 3775 Miciaceusis
778 3722 937 3778 monasterii
988 3719 1087 3775 dicitur
1099 3718 1139 3774 dd
1153 3717 1264 3773 Portum
1277 3719 1311 3791 (le
1325 3719 1492 3792 Portareau),
1504 3722 1648 3792 aripennos
1658 3726 1692 3780 de
1702 3726 1781 3783 uinea

145 3811 246 3881 aliquid
271 3823 362 3864 rerum
386 3824 495 3863 suarum
516 3810 655 3864 mobilium
677 3811 718 3866 vel
743 3811 935 3880 immobilium,
987 3823 1046 3864 vrtt.
1068 3807 1131 3864 lime
1153 3808 1303 3865 Clodorens
1324 3811 1429 3880 primus
1453 3828 1501 3867 rex
1528 3813 1694 3872 Francorum
1719 3819 1780 3876 loeo

146 3916 214 3972 quas
237 3915 309 3954 nunc
334 3898 443 3955 Christo
458 3899 576 3970 propitio
598 3902 733 3972 possidet,
748 3903 790 3957 uel
806 3904 834 3958 in
848 3903 938 3960 futuro
988 3898 1142 3956 Miciacensi
1167 3898 1230 3968 jure
1254 3901 1426 3957 hereditario
1450 3903 1570 3959 donarit.
1595 3905 1629 3960 Et
1653 3907 1681 3962 in
1711 3924 1781 3981 pago

146 3993 278 4063 acquiret,
294 4001 341 4046 aut
363 3991 390 4045 in
411 3992 642 4064 dominoproprio
656 3995 783 4062 invadat,
805 4005 853 4051 aut
872 4013 939 4068 qno·
987 3992 1150 4048 Bituriecnsi
1175 3992 1246 4048 inlra
1267 3993 1407 4049 castellum
1432 3993 1525 4050 Sancti
1551 3996 1676 4053 Gundulll
1700 4001 1782 4057 habet

146 4084 282 4156 quomodo
293 4085 428 4154 subripiat
441 4085 485 4141 rel
498 4085 649 4152 subtrahat,
662 4094 710 4141 aut
730 4086 811 4142 alicui
826 4087 937 4143 tribuat.
988 4083 1287 4160 curtemaPauliacum,
1308 4099 1368 4139 eum
1389 4085 1504 4141 ecclesia
1517 4094 1544 4142 et
1564 4103 1634 4158 aqua
1655 4089 1782 4148 Nostiusa

147 4175 188 4229 td
203 4174 327 4230 notitiam
344 4183 435 4231 antem
456 4176 607 4231 futurorum
625 4177 727 4247 placuit
743 4179 820 4235 nohis
843 4180 870 4234 in
886 4179 939 4235 hoc
989 4190 1022 4230 ac
1044 4174 1169 4230 omnihus
1198 4175 1250 4230 sihi
1274 4175 1482 4246 pcrtinentibus.
1507 4177 1542 4233 Et
1566 4179 1647 4236 hahet
1666 4181 1781 4238 alteram

147 4267 334 4336 pragmatico,
360 4266 432 4337 qnod
455 4267 483 4322 in
509 4269 654 4338 presentia
669 4279 763 4324 nostra
785 4269 843 4338 ipse
856 4268 940 4326 Jonas
989 4276 1094 4325 curtem
1106 4269 1142 4324 ihi
1154 4267 1232 4338 juxta
1247 4268 1405 4340 praedictum
1422 4268 1590 4338 Pauliacum,
1608 4288 1668 4343 quae
1683 4273 1783 4329 dicitur

148 4371 301 4429 episeopus,
323 4374 377 4413 una
405 4374 467 4413 cum
491 4359 662 4415 conniventia
677 4361 877 4431 metropolitani
897 4361 938 4416 sui
989 4359 1030 4415 tid
1046 4359 1176 4416 Sanctum
1187 4359 1341 4422 Martinam,
1354 4362 1538 4417 cumecclesia
1552 4377 1585 4418 ac
1594 4364 1720 4420 omnibus
1730 4365 1782 4419 sihi

149 4445 292 4502 ilieremiae
310 4447 437 4503 dictando
457 4449 618 4518 composuit,
641 4456 668 4503 et
689 4449 819 4520 scriptum
838 4457 937 4506 nostrae
990 4448 1782 4523 pertinentibus.MaecClodomirusdliusseniorisClodorei

149 4538 315 4594 excellentiae
329 4539 559 4594 corroborandum
572 4502 1783 4613 obtulit,adnotaripossesnpraelatolococoneessit.l1ahetquoquepotestatemquar

149 4627 240 4682 siones
260 4635 392 4683 terrarum
414 4644 475 4698 quae
494 4630 522 4685 in
544 4632 688 4700 praeceptis
711 4647 805 4704 regum
820 4633 942 4689 contine-
990 4630 1090 4689 dicitur
1100 4630 1214 4694 Vienna,
1227 4647 1289 4687 cum
1302 4630 1417 4687 ecclesia
1429 4639 1456 4686 et
1466 4631 1534 4688 silua
1548 4639 1576 4688 et
1589 4634 1715 4690 ontuihus
1729 4634 1780 4691 sihi

149 4716 248 4774 hantur
267 4734 382 4789 quornm
401 4721 585 4778 munillcentia
602 4724 733 4793 praedicto
755 4725 816 4781 loco
836 4726 941 4799 largitae
989 4724 1199 4796 pertinentibus,
1207 4725 1235 4780 in
1246 4740 1300 4795 qua
1311 4731 1354 4780 est
1366 4723 1552 4793 collalimilus;
1566 4733 1781 4798 acpotestatem,

150 4817 221 4876 sunt,
233 4824 301 4880 quas
316 4812 523 4880 praesentialiter
536 4814 583 4869 liei
596 4814 682 4884 gratia
694 4831 789 4874 secum
803 4833 836 4873 ac
852 4819 942 4888 quiete
990 4829 1050 4885 quae
1062 4813 1163 4870 dicitur
1173 4813 1419 4881 VillaMariae,cum
1428 4815 1554 4871 omnihus
1564 4816 1783 4886 sihipertinenti-

150 4901 278 4971 possidet.
294 4901 373 4957 Prior
385 4909 428 4958 est
438 4900 538 4958 lundns
552 4903 722 4960 Miciaceusis
735 4921 797 4961 cum
813 4909 942 4978 appendi·
989 4907 1051 4973 hus,
1062 4922 1096 4963 ae
1108 4905 1204 4963 silram
1218 4921 1278 4977 quae
1296 4906 1396 4963 dicitur
1410 4905 1554 4973 Torcellis,
1568 4914 1704 4963 tenentem
1716 4907 1784 4963 duas

151 4992 200 5047 ciis
213 4993 288 5057 suis,
305 5009 338 5049 ac
352 4992 449 5048 durius
463 4994 568 5064 Ligeris
577 5002 604 5049 et
617 4994 748 5066 Ligeriei;
763 4982 941 5053 coritinnatim
989 4999 1092 5072 leugas.
1103 5000 1166 5057 Maec
1176 4998 1312 5055 clotarius
1323 5015 1371 5055 rex
1383 5000 1513 5072 praedicto
1525 5000 1585 5056 loeo
1597 5001 1741 5056 concessit.
1753 5000 1784 5057 iri

150 5083 266 5150 pertinet
285 5099 355 5152 aqua
374 5081 497 5152 ejusdem
518 5084 592 5140 duvii
611 5085 717 5158 Ligeris
731 5087 765 5142 ad
783 5088 941 5158 praedictum
995 5086 1783 5160 Belsicaverohahetpotestatemtlrdreniputeitdmpupa),

151 5176 303 5231 coenohium
317 5189 351 5231 ex
364 5184 478 5244 utraque
491 5177 560 5248 ripa,
577 5178 612 5232 ah
626 5178 671 5232 illo
682 5178 742 5235 loeo
755 5195 790 5234 ex
804 5193 858 5251 quo
872 5179 942 5235 inci·
995 5165 1196 5239 eum‘omnihus
1206 5181 1257 5237 sibi
1267 5176 1612 5251 pertinentibus,llittiaco,
1625 5177 1785 5235 Montemui·

152 5267 190 5335 pit
213 5276 285 5321 terra
303 5264 423 5335 ejusdem
437 5281 517 5336 supra
541 5267 669 5339 capellam
687 5268 781 5326 Sancti
800 5270 955 5326 Maximini¹
994 5273 1087 5338 cheth,
1102 5272 1218 5336 Pirario,
1240 5269 1368 5334 Sanciae,
1383 5268 1566 5332 Moeumento‚
1580 5283 1614 5324 ae
1628 5267 1680 5324 sihi
1698 5268 1786 5324 serris

151 5359 314 5422 aperiente,
334 5357 420 5414 donee
434 5355 543 5411 dniatur
553 5367 609 5412 tota
626 5361 755 5416 adsersus
770 5362 939 5417 occidentem
993 5364 1204 5434 pertinentibus;
1224 5369 1251 5416 et
1263 5362 1291 5415 in
1306 5375 1375 5432 pago
1387 5359 1626 5429 Stampensirillas
1637 5359 1714 5428 duas,
1729 5359 1783 5417 Ca·
1887 5376 1892 5386 ·

151 5465 212 5505 cum
226 5448 307 5505 durio
322 5449 443 5505 Rollcno.
463 5449 579 5505 'lantum
591 5451 739 5508 veredarii
752 5454 866 5524 Ligeriei
878 5469 941 5524 per·
992 5455 1122 5513 sellas-et
1144 5453 1307 5510 Castaneum
1330 5451 1440 5507 Miliare.
1464 5452 1518 5509 lsta
1544 5467 1592 5509 rex
1614 5450 1783 5524 chilpericus

152 5541 219 5594 tinet
235 5541 270 5594 ad
286 5542 443 5610 praedictum
464 5542 675 5608 monasterium,
693 5545 941 5613 qnantnnrhicad-
993 5546 1076 5602 dedit.
1106 5544 1146 5600 Ae
1168 5545 1195 5599 in
1219 5541 1377 5598 Beluaceusi
1405 5557 1475 5614 pago
1496 5543 1578 5599 hahet
1600 5542 1691 5598 vittam
1720 5557 1781 5612 quae

152 5641 271 5687 notatur.
290 5633 384 5704 incipit
406 5634 479 5689 enim
491 5634 626 5706 possessio
642 5634 944 5709 liuvilLigericialari-
994 5637 1092 5692 dicitur
1110 5635 1150 5691 td
1174 5634 1304 5689 Sanctum
1328 5633 1503 5690 Maximinum
1529 5651 1591 5692 eum
1607 5634 1732 5723 ¹ecelesia
1755 5636 1783 5688 in

186 5753 199 5782 ·
217 5740 326 5797 Insolita
346 5742 489 5798 invocatio.
516 5741 590 5797 Multi
612 5741 657 5798 alii
681 5745 749 5798 naeri
766 5746 817 5801 hoc
835 5755 999 5816 praeceptum
1015 5753 1170 5817 suspectum
1184 5744 1311 5803 reddunt.
