3832 6120
111 277 181 334 itai·

676 270 873 329 bretonum
892 268 1169 326 ECCLESthTlCA.

1667 274 1737 330 itte

107 387 242 443 dominica
255 400 315 440 cum
336 382 464 439 amitibus
486 381 657 452 pertinentiis
680 383 754 446 suis,
787 384 893 436 bannus
905 383 933 443 Α
944 390 1077 450 quatenus
1089 379 1186 435 iratres
1204 380 1270 436 inibi
1285 382 1400 438 Donrino
1412 385 1562 441 servientes
1572 400 1621 455 pro
1648 387 1736 440 salute

109 476 237 541 totaliter,
263 473 376 530 ecclesia
400 487 461 529 cum
479 472 592 528 decimis
617 471 674 527 suis
700 489 706 524 ε
735 473 897 527 retinuimus

29 594 32 599 ·
108 570 190 625 etiam
203 568 280 622 nohis
288 574 316 621 et
323 563 459 633 judicibus
470 564 570 620 nostris
582 564 609 619 in
619 563 677 634 ipsa
685 563 747 618 villa
756 563 897 620 dimidium

108 673 243 722 mausum,
260 672 295 713 ne
315 657 462 727 quidquam
487 654 672 725 impedimenti
689 655 777 725 ipsum
804 668 897 709 coene-

107 747 182 803 bium
191 747 217 800 in
229 741 897 816 curtesuasustineat;judiciariavcropotestasad

108 838 233 893 abbatem
249 845 277 891 et
291 836 324 890 ad
335 833 511 904 jndicessuos
527 836 689 905 potestative
709 836 854 905 pertineat.
868 837 898 892 ln

106 924 633 989 ll’ittensheimr,curtisdominicacum
651 924 832 994 pertInentiis,
850 939 896 979 ec·

107 1018 258 1073 clesiacum
264 1017 375 1072 decimis
381 1017 447 1082 suis,
455 1017 602 1072 retinentes
613 1017 689 1072 nubis
698 1008 823 1086 quartam
835 1032 898 1086 par-

108 1106 821 1178 terumansi.eotenorequosupra.lnGruzenheimb,
836 1124 898 1164 cur·

108 1201 143 1254 tis
157 1199 291 1255 dominica
304 1214 365 1254 cum
375 1199 500 1254 omnibus
512 1199 683 1268 pertinentiis
695 1200 767 1264 suis,·
783 1200 898 1256 ecclesia

947 478 1042 525 nostra
1058 486 1089 525 ac
1106 485 1156 541 pro
1167 478 1238 526 statu
1253 472 1359 542 imperii
1377 474 1463 528 nostri
1478 474 1647 544 frequentius
1672 475 1737 532 exo

948 569 1018 618 rent.
1029 562 1063 616 Et
1076 569 1105 617 ut
1127 563 1185 618 haec
1195 571 1288 618 nostra
1302 565 1451 635 imperialis
1473 567 1622 622 auctoritas
1636 569 1738 627 uostris

947 658 974 705 et
988 650 1085 705 tuturis
1094 653 1262 722 temporibus
1273 654 1379 710 stabilis
1396 664 1424 710 et
1436 655 1605 720 inconvulsa,
1628 655 1737 716 Christe

948 740 1090 814 largiente,
1111 751 1281 812 permaneat,
1295 762 1377 800 manu
1391 748 1501 818 propria
1512 749 1688 821 signavimus,
1710 758 1738 807 et

947 830 1027 902 sigilli
1043 833 1128 886 nostri
1140 833 1316 903 impressione
1328 836 1514 907 sigillavimus.

984 920 1049 974 Data
1061 919 1123 976 ldus
1134 921 1218 989 lunii,
1231 940 1301 978 anno
1312 925 1459 982 Domiuieae
1471 927 1737 996 incarnationis829,

948 1013 1095 1069 indictione
1106 1016 1233 1085 septima,
1245 1032 1348 1073 anno..
1359 1059 1382 1073 ..
1395 1058 1418 1073 ..
1446 1020 1522 1089 regni
1537 1020 1627 1075 domni
1651 1020 1738 1076 Lude

948 1107 1000 1160 vici
1015 1108 1373 1180 serenissimiregis.hctum
1388 1110 1415 1165 in
1426 1111 1608 1168 Foracheimn
1628 1113 1740 1169 incurtc

949 1196 1042 1268 regali,
1060 1196 1087 1250 in
1102 1196 1203 1253 Christi
1216 1199 1326 1254 nomine
1340 1198 1464 1265 feliciter,
1479 1201 1575 1256 huten.

107 1304 167 1344 eum
180 1287 291 1343 decimis
301 1288 366 1353 suis,
379 1297 531 1357 trespartes
543 1290 623 1344 banni
638 1288 906 1361 cumjudiciariapo-
985 1286 1098 1359 Signum
1112 1289 1213 1344 domini
1231 1289 1360 1346 Ludovici
1377 1292 1544 1347 serenissimi
1553 1293 1633 1364 regis.
1644 1292 1739 1346 hiber-

107 1388 219 1445 testate
234 1380 312 1436 nobis
326 1395 392 1438 vero
415 1388 442 1437 ct
455 1381 592 1452 judicibus
606 1383 717 1448 nostris,
740 1398 774 1437 ne
797 1382 901 1453 aliquot
948 1388 993 1435 tus
1006 1380 1185 1436 cancellarius
1197 1382 1231 1437 ad
1246 1382 1333 1437 vicem
1344 1382 1495 1439 biothmari
1506 1383 1713 1455 archicapellani
1726 1391 1739 1419 ⁰

108 1471 351 1540 impedimentum,
383 1481 414 1527 ut
437 1473 663 1544 supradiximus,
694 1473 847 1530 coenobium
869 1473 898 1529 in

107 1576 154 1615 sua
167 1569 244 1617 curte
261 1563 404 1632 sustineat,
428 1580 512 1618 unum
526 1579 652 1619 mansum
679 1565 850 1620 retinuimus.
867 1565 897 1620 ln

107 1650 304 1707 artolvesheim
317 1664 342 1718 0,
354 1654 440 1709 curtis
452 1655 588 1710 dominica
602 1671 663 1711 cum
681 1656 808 1712 omnibus
836 1671 897 1727 per·

108 1739 229 1796 tinentiis
251 1743 319 1807 suis,
334 1743 439 1798 bannus
463 1743 590 1808 totaliter,
607 1745 721 1800 ecclesia
745 1761 807 1800 curn
822 1746 935 1806 neci-it

108 1829 158 1884 inis
168 1831 235 1885 suis.
246 1830 274 1885 ln
289 1832 475 1888 llnttershultz
491 1833 518 1900 d,
529 1836 614 1890 curtis
622 1834 758 1891 dominica
767 1851 827 1890 cnm
840 1852 898 1891 om·

949 1467 1104 1538 recognovi.

1315 1558 1367 1614 et.

1002 1664 1051 1703 ono
1069 1664 1237 1704 vontsrrmo
1252 1666 1414 1705 ceurennum
1430 1667 1489 1706 srvr.
1510 1668 1533 1707 s.
1556 1669 1685 1708 nicuunn.

1258 1740 1343 1812 (iliano
1357 1740 1431 1812 850.)

949 1826 1037 1900 [Apud
1051 1829 1085 1883 b.
1100 1829 1186 1900 Bouq.
1201 1831 1266 1884 ibid.
1289 1848 1350 1904 pag.
1367 1832 1429 1898 562,
1450 1850 1482 1888 cx
1495 1833 1610 1889 hclrerio
1623 1843 1688 1890 tout.
1704 1834 1738 1890 li

107 1918 186 1974 nibus
198 1921 370 1990 pertiuentiis
383 1923 450 1987 suis,
476 1922 592 1978 ccclesia
617 1939 679 1979 curu
693 1925 807 1980 decimis
828 1927 896 1982 suis.
1212 1918 1386 1993 spreitpag.
1400 1922 1476 1995 lib]

107 2007 135 2062 ln
149 2007 325 2066 Svabesheim
355 2052 362 2077 ‚
379 2013 465 2068 ceritis
479 2012 615 2070 dominica
627 2015 823 2072 cumomninus
835 2033 898 2088 per.
982 2009 1011 2064 ln
1029 2012 1138 2066 neruiue
1160 2011 1268 2067 Domini
1282 2011 1352 2086 [Dei]
1366 2024 1393 2068 et
1407 2013 1555 2071 salvatoris
1568 2018 1654 2074 nostri
1677 2016 1742 2075 Jesu

108 2100 229 2156 tinentiis
243 2102 309 2157 suis.
325 2103 445 2159 Ecclesia
458 2104 486 2159 in
498 2102 697 2160 Nivratesheim
712 2105 721 2144 t
748 2123 809 2163 cnm
825 2109 897 2164 deci.
946 2100 1060 2167 Christi,
1073 2101 1228 2160 Ludovicus
1239 2105 1328 2160 divina
1343 2106 1485 2162 ordinante
1507 2108 1677 2179 providentia
1692 2111 1741 2164 im-

106 2194 159 2249 mis
172 2194 238 2249 suis.
252 2195 280 2249 ln
295 2194 489 2255 Beclensheim
504 2198 526 2260 ⁸,
543 2197 780 2254 eurtisdominica.
794 2199 898 2255 anil-
946 2193 1212 2265 peratorhngustus.

108 2299 137 2338 re
149 2285 174 2351 h,
187 2286 272 2341 curtis
284 2283 432 2351 dominica,
457 2287 572 2342 ecclesia
586 2302 647 2341 cum
664 2288 776 2342 decimis
788 2290 855 2344 suis.
868 2288 897 2344 ln
981 2284 1081 2339 Notum
1093 2285 1289 2342 essevolumus
1304 2287 1409 2343 cunctis
1424 2287 1548 2344 fidelibus
1571 2298 1673 2345 sanctae
1693 2290 1741 2345 bei

108 2374 279 2431 binrenheim
296 2377 305 2416 i
324 2377 410 2432 curtis
423 2377 559 2432 dominica
572 2393 634 2432 cum
663 2377 751 2432 banno
765 2379 849 2447 ipsius
859 2379 899 2433 ai·
946 2373 1074 2428 Ecclesiae
1088 2382 1116 2428 et
1131 2375 1244 2441 nostris,
1263 2377 1442 2446 presentibus
1456 2378 1560 2432 scilicet
1575 2387 1602 2434 et
1624 2379 1741 2447 suturis,

107 2466 182 2531 lodii,
202 2467 319 2522 ccclesia
333 2483 396 2523 curn
423 2468 536 2524 decimis
560 2468 626 2523 suis.
651 2467 680 2522 ln
705 2468 894 2540 llagenhcimt
947 2464 1011 2534 qnia
1024 2467 1087 2517 dum
1101 2479 1151 2518 nos
1165 2465 1297 2520 orationis
1318 2480 1402 2520 cansa
1425 2467 1451 2520 in
1474 2467 1623 2523 beatissimi
1638 2468 1740 2525 confes·

107 2560 193 2615 curtis
206 2559 352 2616 dominica.
367 2560 396 2615 in
420 2561 579 2616 Ehersheim
595 2561 619 2626 t,
644 2561 729 2617 curtis
751 2561 897 2617 dominica.
946 2553 1122 2609 sorisChristi
1131 2553 1253 2609 Richarii
1264 2555 1403 2610 basilicam
1411 2556 1741 2624 adveniremus,adierunt

107 2648 135 2703 ln
156 2648 301 2705 Utenheim
319 2648 342 2715 ¹,
363 2651 449 2706 curtis
463 2650 608 2715 dominica,
624 2650 741 2705 ecclesia
767 2666 828 2705 cum
852 2652 898 2708 de-
947 2645 1137 2702 celsitudinem
1150 2653 1272 2702 nostram
1280 2648 1406 2703 monachi
1418 2649 1743 2717 exmonasterioeodem,

105 2738 184 2794 ciniis
197 2740 262 2795 suis.
275 2740 304 2795 ln
320 2741 403 2796 Valva
414 2753 444 2806 ¹¹1,
456 2742 541 2796 curtis
555 2742 700 2797 dominica.
722 2741 814 2814 ltaque
829 2758 899 2814 prae·
947 2739 1125 2808 deprecantes
1138 2748 1167 2794 nt
1178 2755 1260 2810 super
1276 2741 1357 2794 rebus
1378 2755 1447 2810 quas
1469 2741 1599 2797 moderno
1622 2749 1744 2811 ternpore

106 2830 196 2886 dictus
208 2830 380 2902 Theopaldus
393 2832 477 2888 abbas
490 2840 518 2888 et
531 2847 626 2888 omnes
632 2847 803 2889 successores
811 2834 899 2904 ipsius
947 2825 975 2881 iit
987 2826 1152 2896 quibuslibet
1158 2827 1417 2898 pagisetterritorlis
1430 2826 1500 2882 inira
1516 2828 1645 2884 ditionem
1658 2829 1739 2899 inipe-

106 2918 313 2990 haspraedictas
336 2933 428 2978 curtes
458 2924 561 2994 absque
588 2923 643 2977 ulla
671 2924 896 2993 contradictione,
948 2918 982 2973 rii
1012 2919 1098 2974 ”Osiri
1126 2919 1275 2975 adiiciunt
1298 2927 1325 2974 θῑ
1350 2918 1478 2974 vesliltm
1501 2934 1594 2975 eorum
1619 2920 1743 2984 hahent,

106 3024 152 3064 seu
167 3011 353 3078 convulsione,
370 3013 412 3068 vet
424 3014 602 3070 diminutione
613 3013 728 3084 alicuius
746 3014 898 3083 judiciaria
947 3017 1070 3065 nestram
1085 3009 1276 3064 anctoritatem
1296 3008 1434 3064 tirmitatis
1452 3009 1538 3078 gratia
1555 3006 1612 3062 iteri
1633 3005 1738 3075 iubere·

106 3101 258 3169 potestatis,
276 3118 322 3157 seu
336 3102 487 3169 saecularis,
502 3105 560 3160 sive
574 3104 723 3174 spiritualis
737 3120 785 3175 per
805 3105 895 3160 muni·
908 3098 931 3162 C
948 3115 1008 3155 mus
1021 3117 1028 3166 ;
1040 3115 1089 3170 per
1104 3115 1185 3170 quam
1195 3099 1406 3155 decerneremus
1416 3108 1445 3154 ut
1459 3110 1547 3169 neque
1561 3099 1673 3154 abbates
1691 3113 1739 3168 per

105 3189 242 3247 licentiam
253 3201 354 3250 nostrae
375 3195 523 3265 imperialis
551 3195 722 3251 auctoritatis
745 3195 896 3268 largitatem
951 3204 1073 3265 tempora
1099 3195 1199 3250 ibidem
1213 3195 1353 3264 degentes,
1369 3208 1456 3263 neque
1474 3192 1601 3258 ministri,
1618 3199 1665 3246 aut
1686 3191 1740 3246 alia

105 3282 282 3351 meliorando,
296 3288 506 3359 augmentando,
535 3287 698 3358 potestative
723 3289 890 3357 possideant,
948 3286 1074 3356 quaelibet
1096 3285 1244 3355 superioris
1268 3285 1310 3340 vel
1335 3283 1473 3341 inferioris
1496 3284 1625 3355 praedicta
1648 3281 1741 3358 [Forte

141 3469 153 3497 ι
177 3455 342 3523 Wittisheim,
355 3459 535 3516 siveWiteen.

141 3525 343 3583 barasonem.

142 3597 328 3653 christinam.

140 3666 154 3706 ἃ
168 3667 346 3722 llietersholz.

950 3461 1128 3526 cancellariis,
1141 3461 1212 3531 apud
1228 3458 1373 3526 Wenclter,
1387 3460 1414 3514 in
1421 3458 1668 3516 collectishrchivi.
1676 3477 1709 3532 pa
1730 3500 1739 3516 .

950 3534 1003 3587 945
1017 3542 1041 3588 ct
1056 3532 1119 3586 ddi.
1138 3532 1232 3586 Exstat
1251 3531 1433 3611 authenticum
1447 3530 1592 3610 ‚arnulphi
1618 3532 1688 3600 regis
1703 3478 1739 3586 dt·

950 3604 1039 3671 ploma
1055 3618 1103 3670 pro
1114 3601 1221 3654 abbatia
1236 3600 1453 3653 Ebershctmensr
1469 3598 1537 3651 inira
1558 3599 1741 3665 relerendnm,

949 3673 988 3725 sic
1003 3671 1128 3725 desinens
1143 3687 1149 3720 :
1165 3688 1174 3720 ι
1192 3670 1260 3721 Data
1270 3669 1331 3721 ldns
1344 3667 1427 3730 lonii,
1447 3682 1518 3721 anno
1536 3668 1682 3723 Dominieae
1695 3670 1739 3723 in·

143 3737 253 3791 rhodie
265 3739 340 3793 vicus
353 3737 556 3803 Schwabrheint,
571 3738 605 3791 ad
622 3738 778 3809 episcopum
792 3739 898 3810 Argen·
948 3739 1114 3792 carnationis
1128 3738 1190 3802 889,
1211 3737 1359 3790 indictione
1381 3736 1407 3799 l,
1424 3751 1495 3790 anuo
1519 3739 1638 3792 secundo
1664 3739 1740 3809 regni

106 3807 238 3860 tinensem
256 3808 406 3876 pertinens,
419 3807 548 3862 duabusa
563 3805 713 3863 Selestadio
729 3808 824 3864 leucia.
949 3809 1040 3863 domni
1051 3806 1154 3862 hrnolti
1165 3805 1737 3875 serenissimiregis.hctuminForacheiin,

144 3873 285 3944 turpem.
950 3877 976 3931 in
989 3887 1065 3932 curte
1076 3877 1169 3946 regali,
1188 3877 1214 3930 in
1240 3874 1341 3930 Christi
1370 3876 1480 3931 nomine
1491 3876 1616 3942 feliciter,
1640 3879 1737 3931 limen

143 3944 255 3999 ‘vicus
272 3945 390 4015 ignotus,
402 3947 454 4001 nisi
469 3945 538 4001 torte
550 3946 693 4018 Borqbeim
710 3948 737 4003 in
750 3948 897 4004 aliischar-
950 3947 1063 4018 Signum
1076 3947 1176 4000 domini
1195 3945 1298 3999 hrnolh
1321 3946 1488 4001 serenissimi
1505 3948 1585 4016 regis.
1614 3947 1740 4003 hlbcrtns
1797 3958 1800 3964 '

106 4015 142 4069 tis
154 4015 424 4072 Ebersheimensibus
438 4027 612 4072 memoratus.
948 4016 1130 4072 cancellarius
1142 4016 1176 4070 ad
1193 4017 1279 4071 vIcem
1304 4015 1453 4070 liiothmari
1467 4017 1673 4086 archicapellani
1697 4033 1740 4072 re-

141 4083 251 4139 rhodie
267 4084 445 4154 incalescite
480 4085 559 4154 liter,
581 4087 721 4158 pertinens
746 4089 780 4145 atl
805 4088 838 4144 n.
864 4090 899 4146 de
947 4088 1071 4158 cognovi.
1090 4086 1238 4154 »Quisnam
1256 4085 1480 4142 virletcilictorent
1493 4087 1740 4156 diplomatishudo-

105 4153 348 4212 Choiseul-blcuse.
946 4159 998 4213 vici
1012 4157 1053 4211 Pii
1064 4172 1118 4226 prm
1132 4158 1217 4212 oculis
1231 4156 1356 4211 habuisse
1369 4157 1438 4211 hanc
1463 4158 1586 4211 chartam
1607 4157 1738 4225 hrnnlpbi

143 4223 292 4279 illiadem.
947 4228 1018 4297 regis
1031 4228 1096 4282 anni
1111 4226 1173 4281 889.
1191 4226 1255 4281 lnde
1283 4241 1378 4297 magna
1405 4227 1484 4281 nobis
1511 4228 1583 4282 venit
1613 4228 1734 4297 suspicio

143 4293 150 4344 ι’
168 4293 341 4365 liogenltct’m.
947 4297 1127 4352 adulterinum
1136 4295 1379 4351 LndoviciPiianni
1390 4296 1739 4368 saeuipiomadescnpnnu

143 4364 254 4420 kHodie
266 4368 342 4423 vicus
358 4367 524 4433 Ehcrtlreint,
546 4369 579 4424 ad
600 4383 736 4425 summum
748 4370 896 4440 capitulum
949 4366 1073 4421 inisse'in
1085 4368 1201 4436 ipsomet
1216 4365 1525 4447 autographohrnulphi
1534 4369 1597 4422 anni
1610 4367 1740 4436 889qnotl

105 4434 303 4506 hrgentincnse
316 4439 464 4507 pertinens.
950 4438 1011 4492 ideo
1028 4436 1226 4517 periit31lujns
1246 4452 1318 4491 enim
1339 4445 1444 4490 tantum
1460 4439 1613 4518 apographa
1633 4445 1740 4519 exstant

144 4507 151 4543 ¹
175 4503 322 4562 Utenheim.
951 4517 1006 4562 tum
1018 4508 1044 4560 in
1057 4507 1168 4561 archivo
1183 4513 1353 4577 episcopatus
1373 4505 1550 4570 Tabernensv,
1565 4515 1622 4560 turn
1640 4522 1667 4560 m
1681 4520 1739 4575 ipso

141 4588 162 4615 ω
178 4573 257 4643 anff.
949 4575 1225 4647 hprimonasteriensi
1234 4573 1378 4629 tabulario.
1392 4575 1562 4631 toeneium
1575 4591 1639 4630 vero
1652 4584 1739 4630 toturn

142 4656 156 4682 ¹¹
176 4644 283 4700 Nullum
311 4657 400 4703 exstat
421 4649 493 4703 inter
521 4647 649 4704 Ludovici
674 4648 716 4704 Pii
740 4648 896 4721 diplomata,
948 4646 1082 4717 ainulphi
1094 4646 1211 4716 diploma
1231 4645 1418 4714 episcoporum
1442 4644 1679 4716 Argentinensinm
1695 4643 1740 4725 ju-

106 4713 178 4785 quod
193 4715 286 4769 datum
302 4716 385 4773 inerit
409 4717 580 4773 Foracheim.
607 4718 674 4774 Dein
703 4720 896 4790 imperatorem
950 4718 1024 4772 ribus
1041 4717 1132 4783 nimis,
1150 4717 1309 4785 utputabat,
1329 4714 1422 4771 favens
1438 4715 1555 4770 deletum
1582 4724 1633 4778 est,
1658 4723 1685 4768 ct
1704 4731 1737 4796 ‚¹¹!

106 4785 177 4840 bnnc
198 4800 292 4841 mense
316 4787 396 4843 lunio
421 4788 546 4843 annissitl
569 4787 733 4860 hqnisgrani
759 4796 897 4844 versatum
948 4788 1008 4858 ejus
1029 4788 1118 4843 locum
1138 4787 1247 4856 scripsit
1260 4786 1294 4841 de
1309 4786 1417 4854 ingenio
1439 4786 1593 4853 putatitiam
1608 4785 1737 4840 Ludovtcr

105 4853 188 4909 luisse
201 4863 276 4925 patet
290 4872 324 4913 er
335 4859 482 4929 diplomate
494 4860 569 4929 regio
582 4857 712 4915 ludovici
726 4868 753 4913 et
772 4859 894 4914 Letharii
949 4858 990 4913 l'ii
1005 4859 1140 4913 chartam.
1156 4856 1223 4911 Cum
1247 4870 1310 4910 vero
1327 4869 1387 4909 earn
1412 4856 1455 4935 sie
1476 4855 1592 4910 violaret
1615 4854 1743 4934 improba

125 4942 152 4979 ro
166 4925 292 4997 ingoaldo
310 4931 407 4986 abbate
421 4929 552 4990 Fui-tensi,
569 4930 639 4998 apud
659 4930 809 4993 liuchesne,
831 4937 896 4984 torn.
949 4943 1055 4992 manus,
1070 4928 1097 4981 in
1113 4926 1234 4982 delendis
1246 4924 1370 4980 formulis
1383 4923 1562 4979 hnahbnsars
1584 4940 1637 4978 non
1652 4931 1741 5047 potnit

104 4939 137 5050 dit
152 4993 284 5066 Scriptnr.
300 5000 432 5066 Francia,
450 5016 512 5073 pag.
537 4999 597 5054 658.
627 4999 830 5057 Observandum
857 5008 899 5054 est
949 4997 1088 5063 adhiberi;
1100 4998 1161 5051 inste
1173 4996 1340 5052 remanentia
1354 4996 1486 5050 exstantis
1500 4996 1565 5050 olim
1576 4994 1648 5050 hrnu
1661 4993 1739 5064 pinni

105 5065 189 5120 etiam
202 5067 349 5137 diplomata
364 5069 444 5139 hujus
458 5071 520 5126 anitii
536 5086 674 5140 nunquam
697 5070 759 5124 data
774 5069 858 5125 inisse
882 5085 898 5123 a
948 5068 1103 5138 diplomatis
1119 5067 1205 5138 signa.
1217 5064 1336 5121 Probent
1354 5066 1413 5120 haec
1427 5066 1498 5120 inter
1511 5066 1563 5120 alia
1584 5074 1739 5145 caracteres

105 5136 163 5190 solo
196 5136 344 5206 Lndovico,
364 5141 412 5196 sed
430 5157 537 5212 semper
560 5141 726 5210 conjnnctim
755 5156 817 5195 cum
843 5139 905 5201 itio
948 5139 1059 5202 diversi,
1079 5138 1231 5192 litterarum
1253 5138 1348 5191 ductus
1369 5136 1627 5217 alii,atramentum
1652 5149 1744 5216 magns

106 5205 245 5263 lothario.
949 5210 1099 5280 nigricans,
1119 5208 1217 5263 litterae
1239 5209 1398 5262 crassiores.
1429 5206 1548 5261 Probant
1568 5222 1594 5260 in
1619 5220 1745 5260 numeris

143 5278 297 5333 ⁰Albertus
309 5289 336 5334 ct
349 5279 523 5335 liiothmarus
535 5282 716 5336 onminosunt
733 5277 818 5351 ignoti
828 5281 899 5336 inter
948 5295 1116 5334 nccetxsrrx
1129 5279 1223 5333 deletae
1235 5277 1332 5332 littcrae
1353 5293 1396 5338 tx,
1413 5283 1442 5329 ut
1470 5276 1533 5331 inde
1557 5274 1743 5330 conficeretur

106 5347 283 5402 cancellarios
298 5348 426 5402 Ludovici
438 5348 489 5402 Pii.
506 5349 899 5420 Uterqueinnotcscitinchar·
948 5364 1036 5402 anntts
1051 5363 1191 5405 occcxxrr,
1208 5362 1262 5416 quo
1279 5347 1346 5401 visit
1372 5345 1523 5399 Ludovicus
1546 5345 1620 5400 Pius.
1637 5344 1743 5399 Probat.

107 5416 141 5469 tis
153 5416 285 5485 hrnulphi
297 5418 477 5488 imperatoris.
487 5418 658 5482 Deotmarus,
677 5421 734 5475 sive
743 5420 897 5473 Thendma-
949 5419 1053 5472 deletus
1069 5433 1163 5481 annus,
1178 5431 1232 5484 quo
1242 5416 1435 5494 designabatur
1451 5430 1574 5486 regnum.
1590 5416 1690 5470 Probat
1711 5423 1740 5469 et

108 5487 386 5557 rnsarchiepiscopus
398 5487 611 5559 Salisburgensis
637 5491 686 5545 sih
706 5489 847 5558 hruulpho
872 5497 900 5544 et
949 5488 1037 5558 ipsnm
1053 5486 1184 5554 sigillum,
1211 5500 1288 5552 cuins
1311 5494 1435 5567 protome
1447 5486 1587 5556 eleganter
1606 5487 1744 5568 impressa

107 5553 243 5611 lmrlnvico
258 5556 288 5611 lll
300 5556 358 5625 ejus
374 5559 427 5612 titio
437 5559 521 5640 gessit
533 5561 664 5615 honorem
676 5557 899 5615 archi-cancella·
949 5566 977 5610 ct
990 5557 1092 5626 optime
1104 5565 1264 5611 conservata
1284 5566 1326 5610 est
1340 5572 1367 5609 ιιι
1380 5570 1442 5610 cera
1463 5556 1524 5610 alba
1541 5575 1548 5610 :
1573 5557 1620 5611 scd
1640 5556 1744 5610 litterae»

107 5625 202 5688 rietus,
216 5636 244 5680 et
254 5626 586 5698 Theodrnarivicescpins
596 5628 897 5699 recognovithlbertns,
950 5630 1022 5680 circa
1034 5634 1116 5694 capnt
1131 5626 1240 5694 scriptae
1257 5636 1320 5680 sunt
1333 5640 1429 5681 erasae.
1442 5625 1469 5681 ld
1481 5635 1539 5682 arte
1552 5625 1616 5682 iecit
1637 5626 1743 5681 ciiarte

106 5697 153 5764 qni
173 5697 272 5753 rectius
284 5698 416 5770 Asperius
424 5698 561 5755 scribitur.
581 5697 793 5760 liallinlmotade
806 5698 897 5769 arehi-
950 5707 1103 5768 corruptor,
1118 5710 1152 5753 rte
1164 5695 1292 5767 insigillo
1303 5696 1473 5765 detegeretur
1482 5711 1580 5753 nonren
1589 5694 1744 5765 atrnetpni..
