3832 6120
164 274 218 332 rus
495 260 819 343 bbmsrtonusxss
843 263 1253 333 ευιιιιιιιιιιοειιεεειιἱ
1272 262 1486 330 ..uenatu
1744 269 1797 336 tot

163 374 265 448 abditis
285 387 476 460 multiplicare,
498 386 616 445 lructum
640 405 705 445 vero
719 406 826 446 sursum
851 389 990 455 lacerc,A
1040 389 1129 463 (Vero.
1143 392 1200 465 55.)
1219 391 1335 464 Gunrpue
1355 391 1650 461 diluculnsurrcaisset,
1666 396 1728 451 vidit
1741 415 1797 453 onr-

161 493 206 543 eat
218 481 337 538 efficacia
361 480 452 550 operis
472 489 556 546 recta,
571 495 632 551 quse
642 480 782 551 cogitavit,
797 480 951 536 ostendere.
1004 483 1048 538 nio
1067 499 1178 554 corpora
1200 493 1377 548 mortuorum,
1402 482 1412 522 ¹
1433 493 1457 538 rt
1481 481 1605 554 frendens
1629 487 1705 553 obiit,
1719 499 1743 542 et
1757 506 1797 544 re-

162 576 245 632 tttur'r
264 591 325 645 erpo
343 573 459 628 radicem
473 573 605 635 deorsum,
620 580 648 624 ut
667 569 747 641 sociat
764 570 879 640 [ructum
892 586 953 624 sur·
1002 588 1092 626 versus
1119 580 1157 626 est
1182 571 1360 627 Sennacherib
1385 589 1430 628 rec
1452 572 1633 645 Assyriorum,
1653 587 1677 631 rt
1697 570 1797 634 mansit

121 669 126 679 '
159 681 228 727 sons.
239 666 281 723 Ac
291 668 314 721 si
331 674 423 736 sparte
437 666 592 720 diceretur:
607 665 634 719 in
648 664 711 718 imis
723 663 853 733 cogitatio
864 662 952 718 nasci*
1001 663 1030 716 iu
1048 661 1154 716 Niniue.
1173 662 1290 732 Cunrpuc
1315 656 1438 717 odoraret
1460 664 1488 717 in
1508 665 1602 737 templa
1627 669 1640 707 ⁸
1661 668 1796 726 Neesroclr

158 768 214 825 mr,
230 759 299 813 utin
314 757 427 813 summis
438 755 580 810 retributio
594 754 732 809 reddatur.
1003 751 1087 808 ileum
1108 769 1197 818 suum,
1208 752 1381 807 Adrumelcrlr
1406 764 1430 808 et
1445 752 1573 822 Sornsar,
1591 755 1642 826 filii
1656 757 1724 828 ejus,
1737 776 1798 831 per·

195 851 278 906 notre
292 849 460 905 Hierusalem
473 850 553 915 enim,
565 860 588 904 et
602 850 634 905 de
644 860 732 904 monte
744 847 810 905 Sion
821 849 952 921 epredien·
1001 852 1138 898 russersm
1174 859 1233 898 eum
1270 843 1360 914 plodio
1391 857 1400 896 ἰ
1431 845 1605 918 irrueruntque
1636 850 1663 903 ιἰι
1697 857 1797 904 tertam

156 949 203 998 tar
216 941 346 1013 reliquia,
361 951 389 997 ct
401 941 551 1013 implebunt
565 949 667 995 terram
680 940 811 1007 iudaeam,
829 957 882 997 nou
901 950 951 996 suo
1000 936 1198 1003 Armeniorum,
1218 946 1242 991 et
1261 937 1378 1008 reprmuit
1393 949 1441 1008 pro
1469 955 1498 992 eo
1519 941 1532 978 ¹¹
1553 939 1704 996 Asorutlmn
1722 933 1795 1012 filius

156 1034 268 1098 merito,
290 1032 401 1088 sedbel
425 1030 624 1096 misericordia,
650 1030 707 1086 imo
728 1030 787 1088 zelo
806 1031 878 1101 quod
904 1030 951 1087 ad-
1000 1026 1071 1097 rius.

155 1139 254 1179 versus
273 1123 371 1194 impios
387 1121 490 1178 zelatus
502 1129 544 1176 εει
556 1121 684 1192 populum
699 1138 788 1178 suum.
804 1121 881 1190 Quod
898 1138 949 1178 aua
1039 1120 1048 1160 ἰ
1068 1118 1154 1175 «Cum
1174 1120 1247 1174 euim
1261 1134 1309 1174 rex
1323 1119 1376 1175 istc
1396 1135 1524 1177 reversus
1535 1109 1733 1177 cssetNiniven
1748 1139 1794 1178 ur-

156 1225 212 1272 tam
226 1214 422 1269 adextremum
445 1212 549 1268 inlerta
566 1211 656 1284 (Vera.
671 1213 717 1285 bt)
745 1210 886 1284 Protepm
907 1231 950 1267 ur·
999 1208 1061 1265 bem
1087 1207 1094 1260 i
1114 1211 1205 1266 sedem
1228 1211 1304 1282 regni
1324 1211 1377 1277 sui,
1393 1219 1421 1265 et
1434 1211 1560 1267 adoraret
1580 1212 1607 1267 in
1623 1200 1724 1282 templo
1738 1201 1794 1268 No-

156 1307 214 1364 isna
232 1306 311 1372 bunc,
322 1317 346 1360 et
358 1304 464 1360 solonio
479 1322 537 1359 eam
548 1315 653 1376 propter
666 1322 717 1372 me,
733 1316 757 1360 rt
769 1316 875 1377 propter
892 1306 948 1361 lio-
998 1301 1080 1355 crach
1102 1298 1186 1354 Deum
1211 1314 1312 1364 surim,
1345 1299 1422 1370 quasi
1446 1299 1588 1356 Victoriam
1612 1302 1646 1358 de
1670 1291 1795 1358 hostibus

156 1397 312 1453 memoro
332 1395 516 1450 meumcillud
535 1395 681 1466 significat,
695 1396 768 1465 quod
782 1412 835 1453 pon
850 1397 949 1452 merito
999 1398 1161 1459 reportaret,
1169 1398 1198 1444 ει
1209 1390 1351 1445 delubrum
1364 1390 1428 1446 idoli
1442 1392 1483 1446 sui
1495 1391 1675 1462 triumphans,
1691 1403 1720 1449 et
1732 1408 1794 1466 gra·

155 1501 217 1551 suo,
243 1486 290 1542 sed
316 1486 364 1540 bei
387 1485 533 1542 clementia
554 1494 761 1552 conserventur,
790 1487 845 1542 imo
863 1488 948 1557 putris
999 1479 1162 1536 tulabundus
1183 1481 1383 1552 ingrederetur,
1408 1490 1579 1553 contemptor
1603 1486 1661 1540 veri
1683 1486 1740 1552 bet,
1764 1487 1791 1540 in

151 1583 250 1632 mrum
263 1575 347 1630 David
362 1575 505 1642 memoria,
522 1576 549 1630 in
564 1591 619 1646 quo
636 1576 824 1643 admonentur,
844 1586 874 1633 ει
891 1593 947 1633 sure
997 1571 1062 1628 lano
1086 1571 1148 1627 lulsi
1169 1573 1289 1628 numinis
1313 1574 1475 1631 trucidatur.
1501 1574 1557 1630 Nec
1576 1576 1698 1646 angelico
1713 1577 1793 1647 periit

154 1667 335 1739 negligentiae,
356 1676 385 1722 et
407 1667 480 1722 illius
503 1667 576 1733 lrdei,
598 1677 680 1739 atque
691 1666 816 1736 justitie,
830 1676 859 1725 et
872 1669 944 1740 quod
998 1663 1100 1736 puato,
1120 1665 1266 1735 quoderat
1285 1681 1428 1722 commune
1444 1682 1505 1721 cum
1519 1666 1653 1737 pluribus,
1667 1667 1715 1722 sed
1730 1683 1792 1738 pnr-

155 1757 184 1813 in
203 1765 306 1812 mutum
321 1757 456 1828 justitiam
473 1757 568 1829 diligat
581 1759 663 1823 Deus,
679 1766 710 1812 nt
722 1758 805 1816 ctiam
820 1768 944 1829 posteros
961 1770 985 1830 Β
1000 1754 1098 1811 ricidio
1121 1754 1250 1821 saliorum,
1267 1755 1314 1826 qui
1339 1755 1468 1827 sugerunt
1480 1756 1507 1810 in
1533 1764 1634 1812 terram
1657 1757 1790 1822 Araratb,

155 1855 313 1903 sanctorum
333 1847 473 1903 bominum
488 1863 541 1903 non
557 1863 607 1903 suo
622 1848 729 1913 merito,
746 1848 794 1903 sed
811 1849 944 1919 maiorum
999 1844 1026 1901 in
1041 1860 1094 1916 qua
1106 1844 1247 1916 Scriptura
1258 1845 1411 1902 Asoratbun
1425 1846 1509 1901 tilium
1522 1845 1590 1916 ejus,
1607 1846 1653 1917 qui
1668 1847 1793 1918 regnavit

154 1937 384 1995 rirtutetueatur.
997 1951 1047 2007 pro
1068 1951 1101 1992 co
1120 1944 1237 1994 testatur
1257 1937 1366 1994 misisse
1387 1938 1556 1995 habitatores
1577 1937 1729 2004 Samaria,
1757 1954 1793 1994 nc

189 2029 279 2103 (vsu.
299 2031 358 2102 ab.)
384 2027 521 2084 «Ferrum
539 2040 576 2084 est
591 2046 653 2100 erpo
665 2046 693 2083 m
710 2040 784 2084 rorte
799 2028 857 2095 illa,
878 2031 946 2085 uertit
997 2038 1071 2085 terra
1096 2038 1252 2086 remaneret
1272 2030 1386 2086 inculta.
1408 2029 1526 2086 Araratb
1544 2040 1635 2087 autem
1653 2032 1728 2102 regio
1741 2032 1793 2087 Ar·

151 2121 266 2193 Arpclus
288 2119 407 2184 basuini,
433 2128 457 2174 et
481 2120 609 2190 percussit
633 2120 750 2174 l’rostro
775 2119 944 2191 Assyriorum
997 2121 1151 2178 mentorum
1182 2122 1345 2193 campestris
1376 2137 1426 2193 per
1453 2137 1536 2192 quam
1568 2121 1668 2178 Araxis
1695 2121 1792 2177 fluvius

150 2223 254 2269 rentum
273 2211 405 2281 octuplum
426 2210 539 2280 quinque
560 2208 697 2264 mittimus
721 2210 772 2264 boc
789 2226 896 2280 quoque
916 2210 943 2264 iu
996 2209 1074 2277 duit,
1101 2211 1269 2268 incredibilis
1286 2221 1330 2268 εει
1354 2213 1497 2280 ubertatis,
1520 2213 1555 2269 ad
1580 2214 1684 2270 radices
1708 2211 1790 2268 Tauri

150 2304 375 2372 Paralipomenon
391 2299 489 2370 legitur
505 2318 512 2353 z
532 2299 575 2370 (ll
596 2300 669 2356 Pur..
687 2301 732 2365 δι,
756 2301 802 2371 ii)
822 2301 856 2355 Et
875 2304 935 2356 miss
997 2303 1110 2369 montis,
1125 2305 1172 2374 qui
1184 2319 1271 2374 usque
1284 2305 1347 2361 illuc
1359 2306 1526 2361 extenditur.
1544 2307 1616 2378 Ergo
1631 2316 1658 2362 et
1672 2321 1748 2373 arca,
1762 2306 1789 2361 in

151 2392 282 2447 Dominus
301 2388 440 2461 Ampelum,
460 2391 505 2460 qui
518 2391 645 2460 percurrit
669 2407 772 2445 onrrrcm
795 2391 882 2445 cirum
903 2409 945 2445 ro-
996 2409 1050 2465 qua
1063 2394 1194 2453 liberatus
1212 2406 1255 2451 εει
1276 2397 1342 2463 Νοε,
1370 2413 1431 2452 cum
1454 2398 1548 2453 liberis
1573 2399 1642 2463 suis,
1665 2409 1790 2455 cessante

151 2482 267 2546 iustum,
289 2492 314 2536 et
332 2479 493 2546 bellatorem,
516 2491 540 2535 et
561 2482 705 2552 principem
727 2485 856 2537 exercitus
878 2485 944 2554 repis
996 2484 1109 2550 diluvio,
1129 2502 1184 2542 non
1201 2486 1236 2542 nd
1252 2496 1359 2543 montes
1372 2487 1537 2558 generaliter
1552 2489 1687 2543 Armeniae
1699 2488 1788 2543 delata

152 2570 320 2642 Assyriorum
338 2586 505 2640 reversusque
517 2579 556 2624 est
571 2587 630 2624 cum
644 2571 789 2642 ipraminio
804 2573 834 2626 iu
845 2581 944 2627 terrum
995 2582 1049 2640 εει,
1063 2589 1124 2644 qun
1137 2575 1289 2648 appellatur
1308 2576 1438 2641 Arsiam,
1462 2579 1510 2634 sed
1531 2580 1565 2634 ad
1586 2587 1693 2634 montes
1707 2578 1788 2633 Tauri

149 2678 240 2717 suom.
260 2661 374 2718 Centum
387 2663 524 2730 octoginta
539 2662 660 2733 quinque
677 2663 761 2718 millia
778 2663 943 2721 iustissimo-
995 2663 1154 2732 altissimos,
1168 2665 1214 2736 qui
1227 2664 1343 2720 Arororlr
1356 2666 1498 2721 imminent
1512 2667 1625 2737 campis.

149 2765 210 2804 rum
226 2750 347 2805 virorum
357 2751 393 2806 ab
405 2765 459 2805 uno
473 2750 576 2822 Angeia
591 2767 644 2807 una
658 2761 737 2809 nocte
750 2753 902 2820 caudunum,
915 2762 944 2809 et
1030 2754 1108 2828 (Cap.
1120 2756 1178 2828 ιθ.)
1194 2756 1228 2810 ln
1242 2756 1333 2811 diebus
1349 2756 1402 2811 illis
1415 2759 1551 2827 eprotnoit
1564 2757 1693 2812 Eseriioa
1708 2775 1789 2830 uspue

148 2837 421 2907 absquerulneribus
435 2842 590 2897 censorum
610 2857 685 2898 mors
710 2859 781 2899 sava
801 2843 940 2910 discurrit,
993 2840 1787 2920 “mortemrrrenitodeumlsaiosfiliusAmos,proplreto,

147 2930 296 2987 excludens
310 2934 499 3004 acorporibus
521 2935 628 2990 animas
650 2934 756 2991 Domim
780 2937 916 2993 voluntate
932 2956 939 2990 ι
992 2936 1110 3008 dicitque
1122 2938 1158 3003 ei,
1169 2937 1226 2992 lruc
1238 2937 1302 2992 dicit
1315 2925 1444 2994 [lominus
1459 2927 1598 3010 :Pruripe
1612 2926 1704 2993 domui
1718 2948 1786 2993 turc:

147 3031 177 3077 ut
202 3023 259 3093 ipse
285 3038 334 3079 res
357 3023 531 3095 Assyriorum
555 3024 657 3081 idcirco
678 3035 803 3081 servatus
824 3035 885 3092 εει,
911 3036 940 3082 ιιι
992 3027 1114 3082 moueris
1132 3028 1253 3093 enimin,
1269 3029 1451 3083 etnoruirss.

147 3113 232 3168 uniret
242 3114 391 3184 potentium
401 3115 450 3170 Dei
463 3115 677 3186 blaspbemantia
689 3132 737 3172 ora
748 3121 939 3188 comprimere,
953 3120 978 3184 c
1031 3134 1041 3169 ι
1054 3115 1138 3183 Quem
1155 3116 1247 3188 (Pras.
1261 3132 1304 3183 ιιι,
1318 3116 1364 3189 li)
1387 3116 1473 3189 dilipit
1484 3116 1615 3172 llomiaris
1630 3117 1750 3187 corripit,
1762 3127 1786 3171 et

82 3205 90 3220 ·
147 3201 280 3274 &ratque
302 3205 380 3261 testis
399 3204 473 3262 illius
495 3207 658 3277 maiestatis,
685 3223 766 3278 quem
780 3210 861 3280 paulo
877 3219 941 3266 ante
991 3207 1104 3278 caninat
1121 3223 1225 3262 omnem
1241 3207 1338 3278 fitium,
1358 3225 1434 3280 puers
1455 3210 1556 3280 recipit.
1578 3207 1618 3266 Ne
1634 3208 1786 3266 elevaretur

147 3303 359 3367 &sumpseram
376 3308 388 3338 ι
403 3297 443 3355 bc
463 3297 563 3355 talibus
579 3310 670 3356 auteur
685 3301 768 3359 rebus
784 3303 840 3372 anit
853 3302 941 3358 omni·
990 3315 1039 3360 eor
1054 3300 1179 3357 Ezechiae
1191 3307 1255 3371 post
1268 3300 1442 3358 incredibiles
1460 3301 1623 3371 triumphos,
1637 3301 1711 3357 etde
1727 3315 1786 3357 me-

149 3395 247 3458 poteas
266 3388 339 3446 Deus
355 3389 440 3446 multa
460 3405 510 3462 per
529 3391 649 3464 angelos,
670 3408 724 3450 non
740 3393 838 3465 stipae
852 3394 940 3451 abeis
990 3390 1036 3448 dia
1051 3391 1211 3462 captivitate
1229 3391 1385 3459 victoriam,
1406 3391 1567 3463 infirmitate
1581 3392 1705 3464 corporis
1719 3390 1786 3447 riai-

148 3477 248 3544 doma
268 3479 316 3536 aed
329 3488 360 3535 ut
376 3482 412 3538 ab
424 3481 472 3539 ilio
488 3482 541 3554 ipsi
562 3499 612 3554 par
631 3485 745 3541 vernon
767 3484 827 3555 eius
844 3495 937 3558 agam,
990 3478 1075 3552 tatur,
1090 3493 1120 3541 et
1132 3484 1210 3541 audit
1224 3500 1254 3542 se
1268 3500 1331 3542 esse
1351 3485 1524 3551 moriturum,
1545 3492 1576 3540 ut
1589 3499 1737 3541 conversus
1750 3483 1784 3540 ad

147 3580 197 3627 ιιι
211 3574 338 3629 nondam
360 3575 419 3630 siue
438 3575 574 3646 corporali
587 3577 939 3648 soooedanquourotoe·
991 3575 1134 3633 maroam
1151 3573 1245 3632 Aecmt
1263 3575 1427 3631 aenmtrtiam
1444 3573 1513 3644 ciris·
1530 3563 1785 3642 sueonumque

147 3663 195 3730 rit,
210 3664 245 3720 ab
257 3679 293 3720 eo
309 3665 396 3731 mimi,
413 3666 448 3721 ad
461 3681 530 3736 quos
545 3667 670 3734 voluerit,
685 3677 772 3724 totam
784 3669 819 3726 ab
832 3669 880 3725 illo
889 3684 938 3740 per
988 3667 1017 3723 ia
1029 3667 1082 3723 boc
1092 3667 1196 3723 mundo
1210 3665 1367 3722 bominibus
1381 3666 1520 3728 eveniunt,
1540 3663 1643 3732 ubsque
1660 3663 1785 3732 omnipo-

146 3753 214 3812 tttou
228 3758 340 3813 verbvvm
355 3759 415 3830 eius
433 3759 585 3826 sommus,
605 3761 632 3817 id
646 3769 691 3818 est
703 3761 731 3818 iu
746 3760 806 3831 ejus
822 3763 938 3819 rcrimte
988 3758 1072 3814 tcatis
1092 3757 1141 3813 bei
1161 3755 1270 3813 occulto
1282 3754 1398 3812 oousdio
1411 3754 1490 3810 dunt»
1508 3753 1577 3809 Nam
1595 3761 1692 3809 cuncta
1711 3751 1784 3808 Deus

146 3843 333 3915 avertentes,
363 3847 426 3920 qaid
451 3848 502 3905 sibi
527 3848 696 3918 intendam,
722 3852 804 3923 quaid,
827 3854 937 3924 quitum,
991 3845 1106 3902 ¹lutura
1117 3844 1276 3918 presciens,
1286 3852 1351 3900 ante
1359 3844 1457 3900 secula
1472 3844 1593 3901 decrerit
1606 3844 1723 3915 qualiter
1733 3860 1783 3915 per

145 3938 255 4008 qnando
271 3939 450 3996 numdandum
470 3941 515 3996 sit.
531 3941 545 3981 ⁴
560 3940 612 3996 Seri
627 3951 716 3998 tamen
726 3960 779 3999 aon
793 3959 826 3999 ea
837 3944 938 4016 anpelis
988 3936 1087 3994 secula
1100 3936 1288 4008 disponantur.
1316 3934 1454 3992 Statutum
1480 3935 1579 4007 quippe
1599 3934 1656 4006 jam
1679 3935 1781 3992 bomini

146 4029 266 4085 iamiam
291 4031 433 4100 leatificat,
456 4031 502 4087 arrl
520 4049 553 4087 rs
575 4050 603 4088 ar
629 4035 697 4103 ipso,
727 4035 794 4090 sirm
819 4035 936 4107 amalos.
987 4036 1039 4094 est,
1054 4029 1098 4085 vel
1113 4035 1244 4099 quantum
1260 4029 1334 4084 bunc
1350 4029 1444 4085 murvdi
1458 4029 1626 4099 prosperitas
1641 4035 1780 4099 sequatur,

147 4130 162 4161 ⁸
175 4119 232 4176 Nec
244 4121 334 4193 aliqua
355 4139 389 4178 ex
406 4123 496 4194 aliquo
515 4132 636 4195 tempore
650 4124 704 4196 (vel
717 4125 752 4180 ab
765 4125 879 4196 augelis,
894 4126 938 4183 vel
989 4121 1031 4178 rel
1042 4130 1174 4192 quantum
1185 4135 1406 4191 unumquemque
1415 4121 1567 4177 adversitas
1580 4120 1669 4185 ierint,
1678 4135 1712 4176 ne
1725 4120 1781 4176 elc-

145 4209 183 4267 ab
205 4212 372 4286 horninibus)
387 4214 525 4285 coguovit,
542 4223 573 4269 ut
588 4222 690 4281 nosset,
710 4214 760 4270 sed
772 4213 863 4270 lutura
878 4231 937 4272 om·
987 4221 1047 4270 ctos
1070 4210 1130 4283 eius
1154 4220 1202 4268 aut
1225 4213 1402 4269 immoderata
1427 4214 1595 4286 prosperitas
1619 4214 1715 4280 clevet,
1734 4224 1781 4269 aut

146 4300 193 4356 nia
207 4302 376 4372 temporalia,
393 4312 474 4373 atqne
491 4304 518 4358 iu
533 4304 573 4359 eis
588 4305 681 4370 etiam,
695 4304 771 4374 quid,
786 4311 814 4359 ει
827 4307 935 4376 quando
987 4306 1070 4363 nimia
1091 4306 1243 4363 adversitas
1262 4315 1356 4378 gravet
1370 4325 1376 4361 z
1390 4316 1521 4364 statutum
1543 4308 1778 4377 quaquaestum

145 4390 241 4447 altillo
258 4392 370 4461 potituri
393 4392 539 4459 inseramus,
559 4402 678 4464 stauos,
693 4403 721 4450 ct
739 4394 937 4465 dequibusre·
987 4405 1087 4453 aetcrna
1111 4397 1197 4452 verita
1234 4434 1242 4461 ,
1269 4405 1399 4468 quantum
1427 4397 1454 4451 iu
1482 4407 1495 4434 ε
1522 4398 1573 4451 ista
1592 4398 1647 4452 rita
1671 4396 1778 4452 mortali

144 4479 208 4550 bus,
235 4484 277 4537 vel
297 4484 484 4553 exauditurus,
512 4485 554 4540 rel
575 4501 629 4541 non
653 4486 829 4542 exauditurus
850 4494 933 4552 essct,
948 4483 974 4544 b
988 4499 1001 4528 ⁰
1016 4491 1202 4562 uuusquisque
1244 4491 1401 4569 mporalitcr
1414 4493 1506 4546 virat:
1520 4503 1533 4542 r
1545 4493 1608 4562 quia
1624 4492 1676 4547 etsi
1691 4506 1779 4546 annos

144 4573 207 4629 aino
230 4573 308 4631 iuitio
331 4575 476 4646 praescivit.
502 4576 651 4633 Universos
673 4587 766 4634 autem
793 4588 935 4635 creaturas
988 4583 1142 4656 quindecim
1164 4583 1288 4639 Ezechias
1306 4583 1363 4653 regi
1384 4583 1418 4638 ad
1435 4583 1519 4638 vitam
1534 4583 1637 4639 addidit
1656 4580 1779 4650 omnipo

144 4679 221 4731 suas,
237 4674 264 4721 ει
283 4667 448 4736 spirituales,
465 4676 494 4724 et
509 4668 677 4739 corporales,
701 4685 755 4726 nou
778 4672 842 4742 quia
859 4682 933 4739 sunt,
988 4685 1048 4732 tens
1061 4676 1142 4740 Deus,
1160 4682 1251 4730 ιιιιιειι
1264 4690 1326 4729 ειιιιι
1338 4690 1401 4729 cum
1412 4674 1481 4730 mori
1493 4674 1627 4746 permisit,
1640 4682 1705 4729 tunc
1716 4687 1777 4729 eum

144 4755 207 4813 ideo
219 4759 304 4826 novit,
318 4759 365 4815 sed
378 4759 438 4815 ideo
449 4767 522 4825 sunt,
537 4759 601 4829 quia
615 4760 700 4815 norit.
985 4766 1123 4841 praescivit
1134 4781 1195 4822 esse
1206 4767 1380 4822 moriturum.
1393 4767 1452 4836 Qua
1466 4768 1494 4823 in
1508 4782 1537 4824 re
1548 4767 1663 4838 quaestio
1677 4766 1776 4833 oritur,

186 4920 288 4973 ·b'crs.
300 4917 345 4999 διδ.
362 4916 402 4973 Ειι
416 4916 513 4973 ἰιειιιιιι
528 4930 577 4972 nos
592 4914 671 4972 docet
686 4906 824 4970 Rabnnus.
1022 4912 1035 4958 i
1051 4916 1235 4971 Asarlsurldom

183 4985 198 5029 b
212 4986 245 5041 ln
257 4997 361 5042 rostras.
498 5047 500 5051 4
1027 4987 1033 5028 ¹
1053 4987 1133 5042 Redit
1146 4987 1282 5042 Rabantrs.

185 5057 351 5113 ettacmnos
367 5066 475 5130 quoque
494 5054 639 5121 liubanem
660 5064 720 5124 artae
735 5063 887 5125 sequuntur
901 5058 935 5112 ad
1024 5057 1032 5108 i
1052 5057 1182 5112 Primum.

143 5144 270 5201 mapsam
285 5137 391 5201 partem
404 5127 554 5200 excepitab
566 5127 717 5200 Augustino
727 5124 873 5191 Claudius;
889 5127 934 5198 qui
1023 5130 1036 5168 ¹¹
1056 5128 1193 5183 Hactenus
1212 5126 1341 5186 Rabanus
1354 5146 1360 5182 :
1376 5127 1568 5198 subsequentia
1581 5128 1687 5198 excepit
1698 5129 1776 5183 Clau-

144 5210 235 5256 tamen
247 5199 373 5254 nonnulla
385 5199 548 5264 immutavit,
562 5209 590 5253 ut
605 5200 631 5251 in
645 5212 702 5251 rem
715 5211 792 5250 suam
804 5206 933 5253 verteret.
987 5193 1047 5254 dius
1061 5215 1075 5252 a
1092 5186 1214 5262 Pateria,
1240 5198 1354 5269 ideaque
1378 5214 1393 5253 n
1419 5198 1550 5268 Gregorio
1572 5199 1630 5254 brec
1653 5200 1776 5254 tradente

143 5270 272 5332 Consule,
292 5271 416 5334 obsecro,
438 5285 498 5338 qum
512 5270 595 5324 tradit
614 5267 781 5340 Augustinus
803 5283 878 5322 num
899 5268 935 5322 ii
986 5285 1014 5324 ιι.
1028 5269 1046 5323 2
1061 5269 1106 5322 lib.
1119 5284 1168 5322 xrs.
1185 5268 1278 5322 bloral.

143 5338 217 5450 [cap
230 5338 275 5411 lb]
289 5340 336 5392 lib.
361 5341 442 5395 xvdc
458 5338 555 5393 Trinit.
1025 5339 1033 5378 ¹
1052 5340 1192 5395 Secutrrrn.

208 5411 234 5463 7.
248 5411 281 5465 dc
292 5410 371 5465 Cirit.
386 5426 443 5480 rap.
456 5409 500 5464 50.
1023 5422 1043 5449 m
1060 5411 1162 5463 besum
1179 5408 1261 5462 uerba
1276 5408 1333 5462 laroc
1354 5408 1380 5460 iu
1401 5418 1499 5463 nterim
1518 5408 1635 5478 ueritate,
1676 5424 1735 5479 epm
1748 5423 1779 5462 cs

141 5552 159 5606 d
182 5481 273 5605 ‘Til-,rc
295 5495 407 5549 prorsus
427 5479 534 5550 caccpit
554 5493 585 5535 ex
607 5478 668 5536 loco
681 5478 797 5550 allegato
811 5477 872 5533 libri
901 5494 934 5533 xv
987 5488 1080 5601 mistro
1095 5477 1241 5548 exemplari
1257 5479 1318 5535 addi
1334 5477 1442 5533 debent.

159 5567 175 5607 c
215 5551 329 5605 ciuitate.
1088 5565 1128 5602 aa.

182 5619 192 5661 l
211 5619 353 5676 lieretlrns.
1023 5566 1334 5690 υΙιιεεειιιιιιιειιιιίειιιιε.

180 5692 195 5731 ⁸
213 5688 341 5747 Ncarorlr.
722 5754 729 5759 ¹
1024 5687 1134 5746 anem.
