3832 6120
74 210 78 215 ·
131 245 186 301 aaa
596 249 695 307 ttuutt
715 251 760 306 bu
780 250 1051 309 blsussbsauloa't.
1070 252 1167 309 ECCL.
1187 252 1319 312 RERUM.
1715 256 1777 316 E‘ll'

127 355 251 418 casibus,
267 370 378 427 regrrtrm
399 356 450 414 sili
468 361 642 417 cotuutissum
652 378 793 434 prospere,
805 363 860 418 lico
883 360 961 422 lai
976 363 1105 419 aduersus
1119 364 1215 431 Deum
1227 375 1255 420 et
1265 367 1395 423 adversus
1410 367 1469 438 ejus
1481 364 1661 425 universalem
1673 372 1767 430 Eurelt-

128 454 219 510 vente,
233 445 321 501 valeat
334 449 496 517 gubernare.
974 458 1058 525 siam;
1081 474 1169 530 neque
1182 477 1290 517 sensum
1313 472 1356 519 est
1370 479 1490 533 unquam
1504 480 1519 519 a
1535 463 1687 536 quibusque
1697 467 1763 524 itale·

164 535 208 592 lll.
231 536 295 591 llaec
309 548 338 593 et
350 540 393 595 lais
407 541 507 596 similia
535 559 596 599 cunr
621 544 756 614 primores
773 546 858 600 nostri
877 546 923 616 ju·
973 547 1053 615 libus,
1067 560 1097 605 ut
1111 552 1174 605 talia
1185 561 1287 608 statuta
1299 554 1401 624 absque
1420 555 1539 625 periculo
1554 556 1691 628 religionis
1705 559 1763 614 rio-

127 629 294 684 cuudissime
318 629 504 701 loquerentur,
519 650 579 704 ego,
594 644 624 689 ut
637 637 741 691 scilieet
754 638 922 694 humillimus
972 636 1103 693 larentur.
1119 641 1195 707 Quod
1207 656 1273 712 ergo
1287 643 1342 698 ilco
1356 654 1467 700 auctore
1479 653 1610 701 statutum
1625 658 1678 712 est,
1692 667 1763 710 nova

126 721 248 777 omnium
263 730 292 775 et
307 729 457 785 extremus,
480 724 550 793 coepi
573 724 770 793 quodammodo
795 727 922 795 pedeten-
971 731 1212 800 necessitate,qure
1220 741 1283 788 tunc
1292 734 1421 803 temporis
1436 751 1489 791 non
1502 737 1611 804 accidit,
1619 741 1762 797 excusabi-

127 814 186 877 tim,
200 820 230 867 ut
246 821 309 882 pote
324 814 431 883 magnis
445 813 520 878 viris,
541 815 577 867 im
603 830 757 884 suggerere.
776 816 846 872 Eece
863 833 921 873 om·
970 817 1022 873 lem
1041 819 1129 875 lacere
1140 836 1193 875 non
1207 831 1297 892 potest
1310 823 1486 879 violatorem:
1503 827 1566 896 quia
1580 830 1762 899 omnipotenti

125 905 251 975 nipoteus
264 903 336 957 Deus
347 904 510 973 praeparavit
524 903 628 958 animos
649 904 751 958 domini
776 906 921 975 imperato
969 907 1026 963 lleo
1041 912 1132 965 omnia
1147 919 1269 982 teutpma
1292 916 1437 984 omniaque
1451 917 1587 973 volumina
1600 920 1760 977 saeculorum

125 996 175 1059 ris,
187 1001 217 1048 ut
232 993 347 1049 sollicite
361 992 425 1047 velit
438 1009 585 1065 agnoscere
604 997 734 1065 temporis
758 997 839 1063 vires,
855 1014 921 1053 oon-
968 1003 1112 1067 prasentia
1125 1008 1187 1054 stunt
1202 1043 1209 1066 ‚
1236 1010 1264 1056 et
1276 1004 1389 1071 stantia;
1407 1021 1494 1074 neque
1507 1006 1608 1078 aliquid
1630 1013 1760 1080 praemi

123 1099 208 1140 sonas
221 1085 264 1140 vel
278 1084 403 1139 dissonas
416 1084 547 1154 aequitati.
562 1084 677 1155 Expedit
688 1101 762 1150 vero,
778 1095 808 1141 ut
818 1104 919 1160 eaquae
967 1096 1056 1157 potest
1078 1092 1234 1158 reeordari,
1251 1109 1302 1150 uec
1323 1094 1443 1150 laturum
1472 1099 1573 1170 aliquid
1591 1115 1759 1173 exspectare.

91 1235 101 1247 ,
123 1184 234 1238 dissona
245 1187 318 1240 sunt,
333 1179 355 1234 si
369 1179 534 1248 possibilitas
554 1180 693 1249 suppetit,
722 1183 916 1249 emendantem
968 1177 1148 1245 Quamobrem
1164 1193 1175 1220 ⁰
1192 1184 1259 1248 iste,
1274 1201 1341 1255 quas
1354 1204 1425 1243 nunc
1453 1190 1576 1248 lromiues
1588 1196 1760 1264 praetendunt

122 1275 152 1330 in
172 1284 302 1344 quantum
317 1280 407 1327 autern
423 1271 588 1342 possibilitas
601 1288 654 1327 nou
671 1272 844 1346 suffragatur,
855 1292 916 1330 eum
967 1269 1153 1336 necessitates,
1169 1280 1197 1325 et
1211 1288 1325 1343 quarum
1336 1291 1418 1331 eausa
1432 1293 1461 1333 sc
1477 1279 1585 1349 impune
1605 1291 1700 1352 putant
1713 1302 1758 1342 res

122 1365 222 1420 [imore
235 1363 284 1419 nei
299 1363 467 1417 tolerentur:
481 1371 614 1432 qrratenus
628 1363 690 1418 dum
705 1365 828 1420 illicitum
841 1367 917 1437 quiq·
965 1374 1058 1416 sacras
1072 1361 1098 1415 in
1112 1377 1177 1417 usus
1190 1377 1472 1435 cotttmunesvertere,
1489 1371 1552 1426 lieet
1568 1381 1631 1430 tuuc
1644 1376 1760 1432 boruiui-

120 1462 194 1527 piam
206 1472 238 1512 ex
254 1455 415 1511 necessitate
430 1454 519 1524 agitur
538 1456 610 1524 quod
637 1455 766 1510 declinari
789 1473 842 1511 non
867 1473 916 1527 po-
965 1449 1015 1504 bus
1033 1449 1131 1505 suturae
1155 1463 1264 1519 esseut,
1290 1454 1346 1510 Deo
1373 1466 1463 1513 tamen
1491 1472 1638 1530 presentes
1659 1477 1757 1534 eraut;

121 1555 186 1612 2052,
203 1547 284 1600 qmop
296 1544 392 1600 mtrem
405 1542 487 1597 faciat
508 1544 690 1600 excusabilem
704 1559 784 1615 (ligem
804 1562 916 1601 exsecu.
964 1542 1090 1611 quodque
1105 1542 1206 1611 Spiritu
1221 1560 1270 1599 suo
1283 1547 1376 1600 statuit
1392 1548 1521 1615 Ecclesia,
1538 1555 1682 1609 terrendum
1696 1574 1759 1612 run·

121 1635 812 1706 150„00fflnsqirunabwturrrm,ltecesseesrergo
828 1646 915 1692 utve.
963 1632 1016 1686 etis
1029 1631 1124 1688 diebus
1141 1651 1225 1704 usquc
1241 1636 1266 1690 in
1282 1636 1364 1691 irruent
1391 1641 1481 1695 saculi
1509 1643 1591 1697 voluit
1616 1648 1756 1704 custodiri.

119 1739 176 1786 stra
192 1729 322 1784 industria
343 1726 558 1798 magnanimitati
579 1726 637 1795 ejus
653 1737 779 1798 suggerat
794 1728 911 1796 pericula
927 1703 950 1761 B
964 1718 1018 1775 Sed
1030 1725 1156 1792 quoniam
1169 1725 1240 1794 quod
1253 1726 1285 1781 dc
1298 1727 1384 1782 saeris
1403 1729 1483 1784 rebus
1509 1731 1535 1785 in
1561 1733 1669 1790 laicales
1691 1752 1757 1796 usus

119 1837 131 1864 ι
153 1825 185 1879 de
203 1824 284 1878 rebus
303 1820 512 1884 ecelesiasticis,
536 1835 604 1890 quas
628 1827 724 1875 coutru
749 1819 861 1873 vetitum
884 1828 913 1874 et
963 1811 1056 1867 illicite
1067 1813 1206 1870 translatis
1216 1816 1342 1884 dicimus,
1355 1836 1409 1874 non
1420 1821 1484 1877 lecit
1498 1823 1548 1878 iste
1562 1825 1688 1883 dominos
1704 1828 1757 1885 im·

118 1921 214 1968 contra
233 1925 350 1966 cationes
365 1916 483 1964 tractant
495 1915 522 1963 et
543 1908 571 1963 in
585 1923 649 1963 usus
673 1909 798 1978 proprios
811 1923 912 1977 expcu-
961 1911 1072 1972 potetur
1096 1904 1168 1960 wald
1184 1911 1439 1980 urucossorusuiuss
1452 1923 1479 1967 et
1493 1924 1635 1985 bruoleteu
1650 1919 1692 1972 isli
1706 1919 1757 1974 im·

116 2007 186 2060 dunt
197 2002 322 2058 homines
332 2000 404 2057 laici.
425 1999 572 2068 Postquam
595 1999 669 2054 enirn
687 1997 782 2054 diflusa
797 2006 840 2053 est
859 1998 911 2053 Ec·
961 1993 1088 2065 possibile
1116 2004 1159 2052 est
1188 1997 1279 2052 omnia
1311 2001 1455 2056 enrerrdare
1482 2020 1542 2073 quae
1565 2009 1756 2065 antecedentes

116 2094 200 2150 elesia
216 2093 262 2149 bei
288 2101 343 2148 ιοιο
358 2092 424 2147 orbe
439 2101 584 2154 terrarum,
601 2098 629 2144 et
639 2088 723 2159 coepit
747 2089 860 2143 exaltari
878 2104 911 2145 ac
961 2085 1032 2140 male
1043 2097 1172 2156 usurpata
1183 2086 1358 2158 dimiserun't3
1379 2093 1474 2148 saltem
1486 2094 1694 2154 admonentibus
1708 2116 1756 2156 ιο·

116 2184 284 2254 maguilleari
297 2198 346 2252 per
362 2195 456 2236 omnes
469 2181 594 2252 regiones
608 2187 636 2235 et
655 2179 794 2244 nationes,
821 2193 910 2248 cmpe-
960 2175 1003 2232 bis
1018 2177 1138 2246 cogitare
1153 2179 1278 2250 dignetur
1292 2182 1452 2250 periculum,
1468 2186 1539 2255 quod
1553 2187 1616 2242 licet
1627 2197 1654 2242 et
1668 2191 1755 2247 uitare

117 2284 234 2345 ruutquc
249 2272 348 2343 templa
359 2271 427 2342 erigi
440 2266 587 2325 alidelibus
602 2269 812 2338 imperatoribus
826 2285 857 2323 ac
868 2284 911 2323 re·
961 2277 1086 2338 nequeat,
1103 2276 1192 2324 tamen
1213 2270 1275 2325 darm
1291 2282 1398 2341 pensat,
1411 2275 1487 2331 timet
1511 2294 1543 2332 ac
1558 2279 1648 2344 dolet,
1683 2284 1754 2353 apud

113 2365 194 2434 gibus
208 2373 290 2432 augure
304 2361 449 2431 episeopis,
468 2360 611 2414 etemteris
633 2358 799 2428 potentibus,
815 2357 910 2412 ditari-
960 2360 1165 2416 misericordem
1180 2362 1323 2417 Duratiuum
1337 2365 1384 2419 sut
1397 2382 1445 2436 pcr
1460 2368 1517 2423 baec
1532 2372 1704 2428 excusabilis.
1720 2373 1755 2428 Et

113 2470 169 2526 que
183 2456 276 2517 rebus,
285 2461 312 2507 ct
324 2451 458 2506 thesauris
471 2450 591 2505 ordinari
606 2490 613 2515 ,
639 2449 690 2505 luit
713 2451 794 2505 etiam
815 2465 910 2505 conse·
960 2465 1010 2504 vos
1022 2452 1220 2505 communicate
1232 2455 1338 2520 pondus
1350 2457 1471 2525 periculi,
1489 2460 1680 2531 sublevateque
1692 2479 1755 2533 por·

114 2563 216 2619 quens,
232 2553 262 2600 ut
272 2544 424 2616 principum
443 2541 611 2612 providentia
625 2541 695 2610 leges
706 2541 909 2611 promulgaren-
960 2551 1074 2607 tantem,
1084 2543 1110 2597 in
1122 2554 1251 2612 quantum
1265 2546 1321 2601 lieri
1329 2556 1433 2616 potest,
1452 2558 1481 2603 ut
1491 2551 1555 2605 eitun
1570 2554 1666 2607 rosilli
1681 2570 1757 2610 eom·

115 2651 170 2706 tur,
183 2647 212 2694 οι
224 2639 413 2708 episcoporum
427 2635 607 2691 sollicitudine
626 2650 744 2691 canones
757 2642 911 2689 statueren·
960 2634 1130 2689 manicantes
1143 2635 1169 2689 in
1181 2636 1317 2706 perieulis,
1327 2647 1354 2693 et
1375 2638 1419 2692 ille
1434 2643 1511 2695 vobis
1523 2645 1691 2712 compatiens
1706 2661 1752 2701 cx·

114 2742 162 2788 tur
173 2731 205 2786 de
220 2731 301 2784 rebus
314 2727 503 2792 sanctificatis,
519 2726 546 2781 id
571 2732 624 2790 est,
639 2727 725 2780 saeris
745 2725 811 2780 locis
825 2726 909 2795 depu-
959 2727 1060 2782 stiterit
1080 2728 1107 2781 in
1122 2728 1253 2794 tristibus,
1265 2744 1298 2783 ae
1318 2728 1443 2786 deiensor
1465 2732 1492 2787 in
1509 2736 1752 2803 persuasionibus,

115 2821 194 2885 tatis;
211 2819 326 2891 qualiter
351 2827 492 2874 tuerentur
506 2818 540 2872 ab
554 2816 704 2886 improbis,
732 2824 909 2872 tuerentura
960 2822 1176 2892 dumqucunum
1204 2823 1481 2894 sapitis,tautumque
1505 2827 1653 2896 periculum
1678 2844 1752 2884 com·

114 2910 352 2982 gultematoribus,
365 2908 407 2964 vel
418 2908 621 2980 expedirentur.
645 2907 836 2964 Cortrenerunt
856 2909 910 2980 epi-
960 2915 1078 2969 maniter
1089 2914 1221 2980 toleratis,
1234 2925 1373 2970 avertatur
1385 2918 1418 2971 ab
1430 2917 1475 2972 illo
1498 2934 1612 2974 necnon
1638 2928 1666 2974 et
1678 2935 1693 2975 a
1706 2936 1753 2975 ιο·

113 3004 202 3074 scopi,
216 3002 267 3057 viri
288 3003 383 3067 sancti,
399 3002 498 3072 quibus
513 3010 577 3056 tune
599 3001 752 3055 abundabat
776 3001 905 3058 Ecclesia.
960 3005 1002 3060 bis
1013 3004 1197 3073 hujuscemodi
1213 3006 1445 3074 praevaricationis
1461 3008 1587 3063 vindicta.
1601 3008 1668 3063 (lum
1694 3009 1753 3065 bmo

113 3093 274 3149 Statueraat
288 3092 302 3133 b
315 3092 431 3147 illibatos
454 3092 609 3146 conservari
624 3091 723 3147 debere
742 3108 836 3148 sacros
861 3109 906 3150 ea·
921 3053 943 3115 C
959 3095 1066 3167 igitura
1082 3112 1124 3152 rue
1135 3096 1299 3163 dicerentur,
1311 3099 1508 3166 responderunt
1532 3100 1575 3168 pie
1589 3101 1752 3155 reverentis·

113 3198 208 3247 nones,
223 3183 269 3252 qui
288 3181 386 3237 llruati
409 3190 474 3237 sunt
489 3181 592 3252 Spiritu
605 3181 663 3247 Ilei,
675 3200 809 3239 consensu
826 3187 907 3242 totius
958 3188 1019 3243 simi
1034 3188 1084 3243 viri
1110 3186 1261 3243 adalardus
1287 3197 1315 3242 et
1334 3187 1473 3243 llelisacar
1500 3188 1622 3243 abbates.
1655 3189 1750 3246 illrum

113 3274 218 3340 rtumdi,
230 3273 382 3330 obedientia
394 3273 739 3345 principum,eausouantia
755 3275 907 3347 Scriptura·
957 3293 1022 3333 vero
1037 3278 1127 3334 audita
1142 3277 1283 3333 retulerint
1298 3279 1407 3332 domino
1421 3279 1589 3349 imperatori,
1606 3281 1708 3335 nesciri.

112 3381 185 3421 rurn.
199 3364 240 3420 Ex
265 3380 319 3436 quo
338 3371 460 3434 tempore
477 3372 618 3434 acceptum
645 3373 672 3419 et
697 3375 834 3436 receptum
863 3377 906 3424 est
993 3371 1024 3426 ι’.
1046 3369 1174 3440 Sequenti
1191 3376 1283 3424 autem
1299 3385 1380 3434 arturo,
1395 3385 1456 3425 eum
1471 3370 1676 3442 adessentJussi
1692 3382 1704 3410 ι
1723 3370 1750 3426 in

112 3473 167 3514 riou
180 3455 323 3513 aliudesse
333 3454 546 3527 agereeuiquam
557 3456 904 3531 adversuscauouesquam
955 3463 1121 3535 Compendio
1135 3461 1248 3533 palatio,
1258 3470 1285 3518 ct
1301 3463 1334 3517 de
1353 3462 1394 3518 bis
1406 3463 1478 3517 iuter
1488 3478 1535 3518 eos
1557 3479 1647 3519 sermo
1669 3463 1751 3519 lrabe-

785 3551 922 3610 uabbztl
940 3554 1056 3612 NOTAE.

148 3643 301 3698 ¹1lereiaa
317 3642 408 3698 Eccler
446 3641 509 3697 llaec
528 3642 649 3697 omniurn
668 3657 717 3711 per
734 3658 782 3697 eas
802 3652 905 3715 tempe·
956 3646 1063 3718 synodi,
1080 3647 1107 3701 in
1126 3647 1223 3716 quibus
1237 3646 1318 3701 etiam
1335 3646 1450 3700 Romani
1466 3644 1606 3715 pontifices
1621 3644 1749 3714 praeside-

110 3720 196 3770 states
210 3714 336 3785 querela,
355 3729 437 3785 tyriam
456 3714 574 3784 graviter
592 3713 618 3767 iu
638 3713 690 3767 boe
704 3713 773 3768 libro
788 3713 904 3770 inculcat
956 3717 1032 3781 bant,
1047 3718 1260 3781 constituerunt,
1279 3733 1339 3786 quae
1352 3716 1495 3770 observata
1509 3730 1562 3768 nun
1577 3714 1651 3768 luere
1663 3716 1746 3770 etiarn

110 3783 291 3865 Agolvardus,
316 3799 360 3840 res
383 3783 583 3839 ecclesiasticas
608 3783 707 3853 injuste
731 3785 864 3852 possideri
888 3801 904 3840 a
956 3789 991 3843 ab
1013 3787 1047 3842 iis
1066 3787 1133 3857 ipsis
1151 3802 1266 3854 quorum
1284 3802 1341 3840 ιοιο
1354 3785 1500 3840 constituta
1515 3783 1605 3847 luere;
1630 3792 1660 3838 ut
1683 3784 1747 3840 alibi

109 3853 200 3919 luteis,
222 3871 283 3911 eum
304 3855 332 3911 id
351 3854 485 3909 vetuerint
500 3868 627 3908 cranenco.
654 3853 775 3922 liespieit
794 3866 903 3921 autem,
956 3856 1114 3910 adnotatum
1129 3864 1199 3911 esta
1215 3857 1301 3910 nobis
1322 3857 1355 3909 Et
1373 3855 1461 3922 tyrroatl
1480 3853 1609 3907 sarculum
1624 3853 1746 3924 Ageban-

109 3924 217 3993 opinor,
245 3934 345 3996 prosu
366 3925 520 3980 Gallicanos
544 3938 678 3987 cartorxcs,
708 3923 742 3978 ad
769 3926 902 3994 synodum
957 3927 1065 3990 dicum,
1087 3934 1194 3980 constat
1207 3941 1255 3980 eos
1273 3924 1345 3979 solos
1358 3923 1512 3978 Gallicanos
1530 3938 1650 3978 canones
1664 3923 1747 3981 brisce

110 3994 262 4050 Romanam
276 3997 326 4050 sub
338 4011 407 4066 papa
422 3993 602 4065 Symmacho;
624 4006 684 4060 quae
698 3993 902 4049 distractionem
956 3997 1125 4061 observatos,
1139 3995 1186 4119 qui
1200 3995 1365 4118 principibus
1379 3993 1548 4064 placuerant,
1564 4003 1677 4050 cetenis
1692 4010 1745 4050 non

109 4064 244 4120 bonorum
266 4065 511 4122 ecelesiasticorum
531 4062 683 4133 probibuit,
708 4063 846 4132 edixitque
867 4079 902 4120 ne
955 4066 1108 4121 admissos:
1130 4065 1145 4118 ir
1170 4066 1286 4136 quodve
1311 4066 1390 4120 ιιιιιοο
1403 4063 1498 4134 synodi
1513 4063 1667 4129 lleldensis,
1685 4079 1746 4134 quae

108 4134 187 4190 laicis
198 4135 381 4191 traderentur.
955 4137 1006 4192 sub
1018 4136 1115 4192 Carolo
1129 4135 1212 4190 Calvo
1225 4136 1317 4191 habita
1331 4144 1387 4201 cst,
1407 4136 1531 4206 exemplo
1545 4135 1653 4207 probari
1666 4151 1746 4207 posse

145 4203 295 4261 blllilotor
308 4222 380 4261 cour.
394 4203 453 4259 dri.
467 4219 591 4258 canones.
611 4202 736 4270 agnosco
754 4203 900 4259 vehemens
954 4222 1034 4263 nemo
1048 4207 1195 4279 negaverit.

106 4274 229 4332 eludium
244 4276 415 4347 antiquitatis
428 4275 455 4329 iu
469 4273 620 4345 agobardo.
647 4272 751 4328 Cuncta
766 4274 839 4328 enim
858 4288 900 4329 ιο·
991 4288 1002 4316 ⁶
1030 4277 1093 4333 latre
1117 4277 1292 4332 necessitates.
1319 4276 1435 4331 aiebant
1455 4275 1528 4330 enlm
1551 4276 1689 4348 principes
1715 4293 1745 4333 so

106 4345 202 4400 vorari
215 4346 289 4416 eupit
302 4345 336 4400 ad
351 4360 473 4402 normam
487 4345 607 4413 priorum
622 4343 787 4415 regularum.
809 4344 842 4398 Et
851 4361 900 4415 pa-
913 4378 940 4437 D
952 4349 1114 4404 necessitate
1126 4348 1242 4416 quadam
1255 4348 1366 4401 adactos
1377 4348 1497 4402 tribuere
1511 4347 1587 4401 laicis
1601 4363 1645 4402 res
1655 4347 1743 4402 eecle-

107 4422 149 4470 tet
162 4416 299 4470 bominem
318 4414 402 4470 luisse
417 4415 534 4485 peritum
552 4428 688 4481 canonum
705 4430 738 4469 ae
751 4415 901 4485 disciplina
953 4419 1087 4482 siastieas,
1101 4425 1131 4472 ut
1143 4418 1186 4471 his
1198 4418 1276 4472 bonis
1290 4418 1383 4485 ady'uti,
1400 4417 1506 4470 lucilius
1519 4417 1619 4470 morari
1633 4426 1744 4485 possent

105 4485 310 4542 ecclesiastice.
341 4485 411 4540 Nulli
434 4495 526 4540 autem
547 4486 634 4555 magis
652 4484 765 4554 eupiunt
785 4484 901 4542 illibatos
952 4489 979 4543 in
993 4490 1104 4544 servitio
1119 4488 1279 4557 principum,
1295 4488 1321 4541 id
1334 4496 1386 4551 est,
1402 4487 1519 4540 militare
1533 4487 1651 4539 ollicium
1665 4503 1743 4541 exer-

106 4555 213 4612 servari
224 4571 353 4621 canones,
364 4571 445 4626 quam
456 4555 502 4625 qui
517 4556 635 4610 studium
647 4568 812 4626 operamque
823 4572 900 4611 suam
952 4574 1032 4614 ecre:
1049 4559 1082 4613 de
1095 4574 1148 4628 qua
1163 4573 1192 4610 re
1207 4558 1300 4625 paucis
1318 4557 1436 4610 diximus
1450 4555 1476 4608 in
1492 4557 1564 4609 nutis
1584 4555 1617 4609 ad
1635 4555 1674 4609 Lu
1696 4571 1741 4611 rrrn

107 4634 214 4695 ροιιιιιιι
234 4627 262 4681 in
282 4633 422 4682 sacrorum
440 4641 574 4681 canonum
593 4622 728 4681 discendis
747 4628 898 4681 sententiis.
951 4629 1163 4683 Ferrariensem.
1176 4626 1243 4681 Vide
1256 4626 1353 4680 librum
1364 4641 1379 4679 v
1390 4625 1595 4695 capitularium,
1607 4641 1667 4694 cap.
1677 4573 1740 4691 ι81;

105 4695 303 4752 Gravissimaru
321 4711 401 4767 porro
415 4695 548 4751 rationem
563 4695 641 4748 allert
654 4693 829 4816 Agebardus,
851 4712 901 4752 eur
951 4699 1073 4768 Capitula
1088 4698 1177 4754 Caroli
1191 4697 1265 4752 Calvi
1281 4696 1357 4750 titulo
1372 4697 1418 4760 ib,
1434 4710 1494 4764 cap.
1510 4696 1535 4759 7;
1557 4695 1661 4764 Lupum
1675 4695 1742 4749 l'er-

106 4782 229 4823 canones
243 4767 359 4822 debeant
375 4782 434 4822 osse
449 4765 603 4821 intemerati
621 4773 648 4819 et
661 4764 680 4819 il
691 4764 768 4820 ibati.
786 4783 795 4816 ι
812 4767 898 4833 Quia,
951 4770 1098 4824 raricnsem
1113 4770 1193 4838 epist.
1208 4767 1258 4833 ll;
1281 4775 1309 4822 et
1322 4766 1502 4822 Flodoardum
1517 4765 1563 4820 lib.
1579 4782 1622 4830 ru,
1637 4781 1698 4836 cap.
1713 4765 1740 4831 i,

106 4838 216 4906 iuquit,
240 4835 339 4892 firmati
363 4846 428 4893 suut
451 4836 555 4906 Spiritu
578 4835 641 4900 liei,
665 4848 799 4890 consensu
818 4838 900 4893 totius
951 4839 1075 4894 llistorlre
1090 4839 1259 4893 lllrerneusis.

107 4907 214 4974 arandi,
228 4905 383 4963 obedientia
397 4908 566 4978 principum,
587 4904 763 4961 consonantia
778 4905 901 4976 Scriptu-
985 4907 998 4947 ι
1014 4909 1187 4963 Procaciores
1203 4910 1272 4979 ejus,
1283 4909 1374 4973 idest,
1387 4905 1501 4962 Carolrrs
1516 4907 1663 4971 llartellus,
1678 4907 1741 4961 novi

106 4991 242 5032 rarum.»
272 4976 350 5034 llnde
369 4979 497 5033 discimus
516 4991 639 5048 qtuenam
658 4973 780 5044 patribus
799 4979 900 5033 nostris
950 4979 1062 5048 lruy'usce
1080 4979 1149 5050 jurls
1170 4989 1303 5048 repertor,
1329 4988 1385 5033 tum
1410 4978 1555 5047 Pippinus,
1579 4987 1607 5033 et
1629 4977 1742 5032 Carolus

106 5062 187 5103 meus
202 5049 284 5104 luerit
296 5063 345 5119 per
358 5048 417 5104 illas
432 5057 621 5117 tempestates,
643 5046 731 5116 quoad
751 5043 899 5116 legitimam
950 5049 1073 5121 llagnus.

104 5118 287 5175 conciliorum
299 5120 500 5175 auctoritatem.
520 5118 641 5172 Primum
655 5129 765 5170 neeesse
781 5129 841 5172 erat
854 5134 901 5174 ea·
988 5119 1046 5173 ela
1058 5118 1215 5188 Corupemlio
1227 5117 1338 5190 palutio.
1355 5117 1435 5172 rinno
1446 5117 1536 5187 itaque
1546 5117 1669 5187 sequenti
1698 5125 1742 5172 ost

105 5190 334 5255 umresdeeerni,
352 5205 384 5245 ea
400 5190 720 5251 moderationeservata,
740 5195 771 5239 ut
788 5188 854 5242 nibil
872 5190 899 5244 in
950 5200 1111 5246 conventum
1124 5188 1353 5252 attiniacensem,
1369 5189 1467 5253 idest,
1482 5202 1553 5241 arruo
1568 5188 1664 5252 abab
1702 5189 1739 5242 ita

105 5259 149 5314 eis
161 5259 316 5316 sanciretur
329 5261 401 5329 quod
414 5275 500 5315 sucrae
513 5257 661 5328 Scriptura
675 5257 842 5312 contrarium
857 5275 901 5314 es-
950 5271 992 5317 est
1003 5260 1122 5331 synodus
1133 5259 1204 5329 apud
1212 5259 1417 5329 compendium,
1428 5257 1456 5311 in
1467 5272 1518 5327 qua
1531 5273 1638 5312 rursum
1648 5267 1739 5313 aetum

106 5338 161 5384 set.
181 5329 283 5386 lieindc
296 5331 467 5386 necessarius
481 5339 542 5384 erut
556 5328 675 5383 bdelium
689 5339 855 5391 coruscusus,
873 5337 900 5384 et
950 5341 993 5386 est
1015 5331 1048 5385 dc
1072 5330 1153 5384 robus
1177 5331 1263 5384 sacris
1288 5330 1380 5384 illicite
1401 5328 1478 5381 usis:
1502 5341 1583 5397 quam
1607 5329 1740 5399 synodum

107 5400 262 5472 principum
284 5402 448 5466 auctoritas,
470 5400 562 5471 (quam
585 5397 749 5452 modestiore
769 5399 901 5454 rumbulo
950 5403 1034 5456 ιιιιιοι
1060 5416 1075 5453 a
1102 5402 1210 5454 ucuuns
1236 5401 1369 5454 haetenus
1392 5413 1407 5451 a
1428 5397 1511 5451 uitam
1537 5396 1630 5455 luisse.
1661 5397 1741 5455 Certo

106 5470 290 5526 obedientiam
305 5480 383 5526 vocat
397 5468 566 5543 sigobardus)
581 5476 612 5522 ut
624 5481 715 5522 rerum
728 5464 899 5524 definitarum
950 5478 1100 5526 conventus
1125 5468 1209 5525 habiti
1235 5471 1261 5524 iu
1285 5414 1451 5535 ιιοιιιροιιιιο
1473 5466 1575 5537 palatio
1596 5484 1668 5524 aurio
1687 5470 1740 5526 825

107 5541 248 5596 exsecutio
261 5550 430 5612 sequeretur.
449 5539 516 5594 Nam
528 5540 555 5594 in
568 5538 658 5592 causis
671 5534 830 5604 disciplinae,
842 5554 901 5594 ura·
950 5555 1044 5596 mense
1063 5539 1227 5602 Novembri,
1252 5546 1283 5592 ut
1305 5537 1422 5592 edietum
1446 5537 1533 5593 luerat
1553 5539 1580 5592 iu
1604 5550 1740 5594 conventu

107 5611 155 5679 grui
170 5612 300 5682 ponderis
325 5626 432 5682 semper
445 5611 503 5666 visa
518 5618 562 5664 cst
580 5607 728 5662 auctoritas
747 5608 900 5680 yimneipum
949 5609 1207 5673 Eraneoiordiensi,
1231 5608 1393 5664 mentionem
1413 5607 1478 5664 lucit
1499 5609 1687 5679 Egiubuvlus,
1714 5611 1741 5663 iu

106 5682 310 5755 etprrpulorutn
323 5696 481 5739 cousensus.
502 5679 621 5751 benique
636 5676 719 5732 multa
732 5680 898 5749 posteriores
949 5695 1035 5751 eoque
1053 5681 1157 5752 legatos
1175 5692 1252 5750 pape
1268 5676 1407 5734 Pasebalis
1420 5680 1525 5735 auditos
1538 5679 1622 5738 luisse
1658 5678 1743 5751 Cujrrs
