3832 6120
181 212 234 271 tel
661 223 692 280 S.
711 222 885 282 ncoutuut
905 222 1061 280 uutscoel
1075 220 1318 282 nuenuuuusts
1758 232 1811 285 ssu

176 342 307 403 mmmm,
324 338 448 407 quonium
467 339 616 397 multarent
631 339 873 412 connectendum.
888 339 1060 410 liancAepti
1076 340 1211 410 uspioemt.
1242 316 1402 408 Desptnictit
1424 353 1499 393 omne
1514 340 1653 396 consulunt
1675 357 1812 404 turannos

176 425 339 481 manitatem
362 430 555 485 misericordie
569 445 625 487 suae
641 430 772 487 Dominus
792 431 868 487 nobis
888 431 969 486 oliert
1016 432 1206 501 increpationes
1229 446 1300 485 meus
1319 428 1479 499 neplesistic.
1501 429 1557 500 Epo
1571 446 1674 502 qunque
1694 434 1722 486 in
1748 436 1814 490 into

175 528 226 584 per
247 518 371 571 eunrdem
395 519 567 590 propnetam,
590 521 705 577 dicens:
724 520 854 575 liemcule
873 522 967 575 torum
1017 521 1070 574 ritu
1085 529 1169 575 oestro
1183 519 1282 574 noeto.
1297 519 1374 574 ‘l'uuc
1387 521 1439 574 erit
1452 520 1493 575 eis
1507 519 1551 574 illa
1567 519 1813 580 iuiructuosacon·

175 605 294 660 lucniet
308 605 404 674 lsrael,
416 611 541 680 quonium
558 627 647 666 nereus
659 627 731 666 meus
743 627 770 665 es
788 620 825 663 tn.
844 608 968 664 Formati
1016 613 1118 677 versio,
1148 612 1182 667 de
1205 627 1258 681 qua
1277 611 1409 667 Dominus
1434 627 1484 681 per
1501 614 1663 682 prophetam
1692 613 1815 686 loquitur

174 703 210 759 te,
230 711 319 749 ternus
338 713 410 752 meuc
431 715 457 753 es
477 708 515 763 tu,
540 698 637 766 lsrael,
653 716 706 754 non
720 699 877 754 obliuiscen's
894 700 966 753 mei:
1016 702 1248 758 omnibusdicens
1269 719 1276 754 τ
1293 700 1491 766 convertimini,
1512 709 1536 754 et
1551 702 1672 758 uidebitis
1695 706 1760 776 quiri
1778 708 1814 762 tit

174 784 255 838 deleri
277 795 306 840 ut
331 787 425 841 nubem
447 790 598 861 iniquitaten
617 800 687 856 tator,
705 800 730 844 et
744 792 820 862 puori
844 789 966 843 nebulam
1015 794 1086 847 inter
1100 794 1205 863 justum
1227 792 1382 863 etimpium,
1407 801 1431 846 et
1446 793 1681 848 intertereientem
1707 795 1763 852 Deo
1787 808 1813 853 et

173 885 358 945 peccatotnu:
373 880 548 935 reverterent
563 881 863 952 me,puoniumrellemi
879 890 913 934 te.
932 880 966 935 Et
1015 898 1069 936 non
1088 883 1242 937 seruientem
1258 883 1293 936 ei.
1317 882 1387 937 Ecce
1410 883 1481 937 enim
1502 882 1558 937 dics
1571 885 1657 938 ueniet
1683 901 1812 943 succenso

176 967 276 1023 iterum
291 986 297 1022 :
313 969 453 1040 Eponam,
468 987 514 1043 epo
526 974 715 1043 commanenti
727 973 801 1026 deleo
815 972 966 1042 iniquitaten
1015 972 1091 1042 quusi
1103 973 1239 1037 cuminue;
1254 982 1278 1026 et
1297 982 1372 1026 erunt
1386 989 1476 1027 omnes
1491 973 1605 1044 superii,
1619 984 1644 1029 et
1658 992 1749 1033 omnes
1766 979 1782 1048 f
1797 1011 1812 1023 ·

174 1066 235 1113 tuus
252 1069 358 1130 propter
378 1078 429 1126 use,
446 1071 471 1117 et
488 1071 655 1132 pcccutornm
678 1072 793 1119 tuorum·
810 1080 863 1117 non
878 1079 965 1117 recor·
1014 1063 1111 1118 cientes
1129 1064 1299 1134 impietatem,
1312 1063 1431 1133 stipulo:
1447 1072 1471 1119 et
1493 1060 1669 1135 inpiumn'noiit
1692 1083 1736 1123 eor
1755 1069 1808 1126 tte·

176 1147 269 1202 dulor.
1015 1151 1130 1214 ueniens,
1144 1149 1207 1202 dicit
1220 1148 1351 1205 Dominus
1372 1151 1629 1223 ementitumque
1647 1170 1701 1208 non
1721 1144 1810 1211 ¹reliu-

210 1239 328 1296 xxvlu.
354 1241 405 1309 Qui
432 1251 524 1298 autem
543 1244 594 1300 iras
615 1245 787 1301 dulcissimas
808 1246 965 1302 vocationes
1014 1248 1075 1311 allel
1093 1240 1131 1294 et‘t
1146 1239 1262 1294 raonem
1282 1247 1307 1293 el
1320 1256 1435 1310 lemen·
1450 1239 1486 1295 El
1499 1243 1600 1296 ⁰rltl¹ll
1614 1245 1809 1301 velleiimttttt'·

173 1324 221 1381 liei
245 1328 413 1399 neglexerint
426 1330 454 1385 in
471 1333 600 1401 praesenti
615 1334 824 1403 temperandum
849 1333 965 1389 inueniri
1014 1326 1062 1382 llll
1082 1344 1176 1382 mmm
1200 1343 1286 1383 mm
1307 1326 1348 1383 ⁸⁰1
1362 1329 1487 1399 immet,
1500 1339 1524 1385 tl
1546 1333 1647 1387 sonitus
1660 1335 1689 1388 t'lt
1712 1336 1809 1405 uetuit

171 1425 271 1485 potest,
296 1426 325 1474 et
341 1419 405 1475 dum
423 1435 512 1491 >prope
525 1429 577 1485 est,
592 1431 621 1477 02
645 1423 750 1478 venerit
775 1431 882 1492 tempus
907 1422 964 1492 lam
1013 1412 1081 1488 ejus,
1096 1426 1120 1471 et
1133 1415 1312 1487 eprelliemini,
1323 1425 1348 1471 et
1361 1417 1462 1472 salietis
1472 1420 1538 1474 sicut
1550 1421 1625 1475 uituli
1635 1422 1668 1477 de
1678 1435 1808 1488 onnento,

172 1522 225 1559 troo
239 1509 379 1578 operandi,
393 1509 441 1565 sed
462 1511 609 1579 recipiendi
631 1527 850 1582 unumquemque
868 1527 965 1568 seeun-
1014 1506 1184 1562 nectentem
1203 1507 1309 1578 impios,
1328 1526 1387 1563 eum
1407 1509 1487 1579 {nent
1509 1512 1577 1568 cinis
1591 1514 1639 1568 nni
1653 1515 1746 1584 plenta
1761 1532 1808 1586 pe-

171 1595 236 1648 lium
260 1612 341 1666 opera
355 1614 416 1666 sua,
442 1602 555 1658 audiens
568 1617 675 1658 amaras
696 1604 960 1675 improperationes:
1013 1599 1077 1653 ditm
1092 1609 1235 1655 velltvllm
1257 1600 1286 1654 ¹⁶1¹
1303 1600 1345 1656 dil
1368 1617 1421 1672 quo
1435 1617 1481 1673 09⁰
1495 1602 1574 1672 iuno,
1594 1603 1658 1657 dicti
1679 1604 1807 1660 Dvmlmlt

177 1680 285 1751 Voconi,
298 1696 322 1742 ct
338 1689 479 1755 renuistis,·
494 1691 599 1747 calculi
611 1708 706 1747 munus
720 1703 833 1760 meacm
846 1710 899 1749 nen
911 1693 962 1763 [uit
976 1700 1000 1759 Β
1013 1692 1184 1747 exercituum.

172 1829 1797 1859 μ-ψ-ώ--Ἢ

529 1937 838 2023 AGOBARDl
877 1937 1136 2021 FLEBlLlS
1169 1937 1454 2025 EPISTOLA
1497 2040 1500 2047 Ι

215 2116 686 2181 ·ueo1v1s1ounrurenu
703 2116 948 2185 runucouuu
965 2117 1086 2216 rursu
1108 2115 1238 2178 suros
1258 2117 1449 2183 uunovrel
1467 2122 1740 2189 turnuuronts

205 2347 226 2403 l.
251 2348 365 2404 liomiuo
400 2349 596 2420 gloriosissimo
632 2351 769 2407 Ludovico
803 2349 969 2421 imperatori·
1014 2345 1078 2418 quia
1096 2343 1168 2402 uuila
1191 2346 1244 2402 alia
1262 2355 1351 2403 exstat
1365 2362 1456 2416 causa,
1472 2365 1522 2419 pro
1544 2365 1596 2423 oua
1612 2353 1669 2409 haec
1683 2356 1805 2414 scrihere

169 2441 329 2511 lugebamus
345 2441 478 2496 servulus.
1013 2440 1157 2509 praesurito,
1174 2438 1225 2494 nisi
1242 2439 1306 2509 quia
1326 2438 1413 2506 doleo,
1428 2449 1560 2510 quantum
1572 2443 1661 2500 dicere
1674 2461 1728 2500 nou
1741 2461 1805 2517 pos·

203 2530 271 2588 Cum
288 2531 472 2602 uuusquisque
490 2531 662 2589 lldolisomni
678 2532 749 2589 lideli
772 2533 834 2589 lirici
847 2531 960 2589 sinceri·
1012 2545 1084 2595 sum,
1107 2530 1139 2585 le
1159 2530 1286 2601 periculis
1312 2545 1371 2599 qum
1392 2532 1470 2587 vobis
1499 2532 1641 2590 imminere
1666 2536 1802 2606 vitientur,

169 2623 253 2679 tatem
265 2625 372 2692 debeat,
393 2625 503 2682 dubium
515 2641 569 2682 uon
584 2633 625 2682 est
643 2628 716 2698 quod
737 2626 873 2697 praecipue
886 2624 959 2682 ssdeli
1011 2626 1039 2674 et
1060 2620 1179 2676 maxime
1201 2621 1308 2676 animae.
1334 2620 1401 2675 Nam
1428 2630 1530 2692 quanto
1549 2624 1726 2681 excellentior
1738 2629 1805 2686 sul)-

168 2713 291 2784 praelato,
306 2715 349 2770 cui
361 2731 406 2772 res
418 2716 526 2786 publica
541 2715 576 2772 ad
594 2716 797 2788 puhemaulium
813 2716 959 2772 commissa
1012 2713 1111 2768 stantia
1135 2720 1176 2767 est
1189 2713 1279 2767 anima
1297 2728 1422 2782 corpore,
1448 2722 1524 2770 tauto
1542 2716 1726 2772 excellentiori
1747 2718 1811 2774 sol-'⁴

168 2816 221 2874 cst,
239 2809 305 2865 ildes
329 2810 462 2865 seruanda
477 2809 513 2886 sit
527 2810 560 2867 ab
576 2810 712 2877 omuibus,
734 2809 781 2879 qui
793 2807 889 2864 divinae
903 2807 959 2864 tiis-
1010 2802 1148 2860 licitutiiue
1163 2819 1257 2860 curam
1274 2805 1371 2860 anlmae
1383 2821 1477 2878 gerere
1490 2806 1630 2874 debemus,
1646 2823 1727 2878 quam
1741 2826 1802 2866 cor-

167 2902 295 2971 posltioni
310 2901 426 2958 noellae
438 2903 551 2974 subjecti
566 2912 639 2969 sunt,
655 2904 725 2960 siem
748 2901 892 2974 spostolus
906 2902 955 2958 oo
969 2925 993 2989 C
1007 2895 1098 2967 norim
1121 2896 1159 2951 lta
1176 2894 1291 2952 Domino
1311 2896 1425 2953 docente
1436 2898 1464 2951 in
1483 2897 1646 2968 evangelus,
1667 2901 1736 2957 sicut
1751 2902 1802 2975 ipsi

168 3004 211 3052 cet
226 3011 235 3051 t
248 2995 350 3064 Omnis,
366 2999 501 3069 inquiens,
513 2998 604 3053 anima
614 2996 784 3069 potestatibus
795 2994 958 3050 sustenteri-
1008 2988 1112 3060 optimc
1122 2987 1219 3043 nostis.

168 3089 217 3145 ius
233 3089 338 3146 subdita
360 3091 394 3146 rit
408 3105 418 3144 .·
433 3106 588 3163 quanquam
606 3090 680 3147 circa
696 3088 799 3144 nullum
813 3088 957 3144 infideliter
1041 3079 1085 3134 ΙΙ·
1100 3081 1115 3120 ¹³
1129 3079 1207 3135 3⁰⁰⁰
1221 3079 1312 3149 itaque
1326 3080 1471 3151 pimenii,
1492 3081 1519 3135 ill
1532 3080 1671 3139 ιῑῑιίῑῑθιιθ
1686 3091 1714 3140 el
1728 3099 1803 3140 com·

169 3180 304 3252 agendum
322 3182 367 3237 sit.
385 3181 498 3253 Propter
511 3181 584 3252 quod
596 3189 624 3237 et
638 3180 854 3252 aliusapostolus
868 3179 954 3236 dicit:
1006 3173 1137 3239 motione.
1161 3172 1309 3243 agitatione
1332 3181 1358 3228 et
1371 3171 1515 3229 alilictione
1529 3181 1608 3230 terrae
1628 3182 1656 3230 et
1675 3176 1803 3234 habitan·

168 3269 271 3328 Sniliti
286 3283 367 3327 estote
383 3275 454 3327 omni
466 3269 956 3343 lamonecreeturcepropterlleum:
1007 3267 1074 3322 tium
1090 3265 1116 3320 in
1131 3281 1163 3322 oa
1184 3273 1286 3336 quanta
1306 3265 1377 3321 malo
1405 3266 1598 3334 increbuerint,
1621 3282 1701 3324 nemo
1718 3269 1802 3324 homi·

166 3371 194 3417 et
208 3361 336 3418 docemur
350 3377 429 3417 orare
449 3377 499 3431 pro
520 3362 645 3417 omnibus
665 3362 831 3428 homiuibus,
853 3376 904 3431 pro
916 3374 959 3417 re·
1007 3374 1072 3414 uum
1098 3367 1139 3414 est
1161 3358 1207 3429 otri
1220 3373 1381 3414 enumerare
1394 3359 1490 3430 possit,
1504 3358 1577 3414 nulla
1591 3359 1718 3430 exigente
1732 3376 1800 3417 cau-

165 3450 243 3522 gibus
267 3459 295 3507 et
318 3443 360 3505 liis
375 3450 421 3520 qui
440 3451 466 3504 in
481 3449 645 3505 sublimitate
658 3457 732 3515 sunt,
752 3455 783 3504 ut
795 3449 915 3518 quietam
929 3453 959 3505 et
1008 3463 1049 3514 sa,
1066 3447 1139 3503 nulla
1166 3447 1343 3519 compellente
1366 3448 1529 3505 necessitate
1541 3456 1572 3504 ut
1594 3449 1631 3504 ita
1643 3443 1701 3505 fleri
1717 3465 1800 3521 opor-

167 3541 340 3612 tranquillam
354 3543 439 3597 uitam
465 3556 574 3612 agamus
600 3540 715 3595 inomni
742 3539 853 3610 pietate.
871 3539 905 3594 Et
929 3539 957 3594 in
1007 3541 1080 3595 teret
1104 3539 1253 3594 certamina
1268 3553 1327 3608 quae
1341 3546 1464 3595 tenemus
1478 3557 1485 3592 ε
1499 3539 1563 3608 quia
1586 3540 1609 3595 si
1632 3539 1798 3605 voluissetis,

167 3630 220 3688 alio
239 3633 299 3688 loco
309 3633 409 3688 dicitur
424 3651 430 3687 :
447 3631 511 3686 ideo
526 3631 678 3686 neccessitate
690 3631 788 3685 subditi
797 3640 885 3695 estete,
903 3647 957 3685 non
1006 3630 1178 3700 tranquillum
1192 3637 1219 3684 et
1238 3630 1357 3699 quietam
1370 3629 1451 3684 vitam
1464 3631 1581 3701 ageretis
1603 3646 1664 3686 cum
1678 3630 1742 3686 liliis
1753 3647 1798 3686 ue-

167 3723 252 3778 solnm
267 3733 372 3795 propter
397 3723 476 3788 irum,
495 3722 539 3777 sed
551 3714 629 3776 etium
641 3732 747 3792 propter
760 3722 955 3776 conscientium.
1006 3720 1081 3786 stris,
1092 3735 1145 3775 non
1158 3720 1247 3775 miurus
1268 3735 1349 3789 quam
1365 3729 1376 3758 ι
1389 3729 1468 3790 pater
1477 3729 1578 3785 uester,
1588 3729 1616 3775 et
1630 3736 1706 3776 avus.
1719 3721 1799 3778 Adsit

202 3813 232 3870 ll.
249 3814 316 3871 Cum
341 3824 432 3870 autem
454 3814 513 3869 haec
526 3813 564 3868 ita
588 3812 653 3876 sint,
672 3819 699 3868 et
712 3826 806 3868 omnes
827 3811 904 3866 vobis
926 3809 958 3866 tl-
1006 3814 1177 3883 omnipotens
1196 3821 1224 3868 et
1243 3812 1397 3867 misericors
1417 3811 1498 3877 Deus,
1526 3813 1571 3882 qui
1599 3810 1736 3867 habitator
1757 3821 1801 3868 est

166 3907 240 3965 deles
260 3923 320 3964 esse
333 3909 458 3973 debeant,
471 3905 605 3976 quomodo
617 3904 759 3975 quisquam
775 3902 861 3959 tidelis
880 3901 957 3959 uoltis
1006 3905 1125 3977 pectoris
1136 3905 1229 3969 vestri,
1245 3904 1317 3959 adsit
1328 3904 1410 3960 etiam
1420 3903 1549 3975 patientia
1567 3911 1670 3970 vestra,
1681 3919 1734 3974 qua
1746 3919 1796 3959 caer

166 4012 229 4053 esse
242 3996 352 4068 poterit,
365 3997 388 4051 si
402 3996 498 4051 uidens
518 4001 564 4049 aut
577 3992 730 4064 intelligens
749 3999 871 4047 uestrum
884 3990 958 4062 peri·
1007 4004 1081 4052 seros
1103 3996 1227 4052 homines
1259 3993 1423 4065 praecellitis,
1450 4002 1479 4048 ut
1502 3993 1559 4049 luaee
1585 4009 1646 4063 ‹111ae
1672 4007 1784 4066 suggero

165 4087 266 4153 culum,
293 4102 347 4143 non
373 4101 403 4142 sc
426 4086 524 4157 ingerit
547 4092 678 4154 quantum
701 4091 802 4152 potest,
826 4089 857 4137 ut
880 4082 958 4141 uobis
1007 4086 1152 4156 tranquille
1167 4086 1261 4142 audire
1276 4092 1304 4141 et
1316 4083 1484 4156 perpendere
1497 4084 1654 4154 dignemini.

166 4178 269 4232 inllicet
285 4185 314 4230 ct
329 4177 469 4247 cognitum
493 4174 592 4238 iaciat,
610 4174 634 4228 si
659 4181 749 4228 tumen
764 4172 839 4227 locus
853 4180 901 4228 aut
917 4171 958 4228 ia·
1042 4178 1087 4234 lv.
1099 4178 1128 4233 ln
1138 4178 1184 4233 illo
1201 4187 1330 4249 tempore,
1343 4177 1450 4248 ᾳιιεηᾱο
1468 4176 1553 4232 illium
1563 4184 1683 4232 nestrum
1699 4173 1713 4215 d
1730 4190 1794 4245 par·

165 4266 253 4321 ceritas
266 4266 373 4335 penitus
395 4264 432 4319 illi
454 4280 506 4318 non
524 4261 692 4335 denegatur?
716 4262 813 4318 Testor
832 4259 1116 4338 omnipo-liticipcm
1137 4267 1253 4322 nominis
1276 4268 1361 4322 uestri
1385 4267 1476 4323 iacere
1496 4266 1622 4330 curastis,
1650 4266 1689 4320 ita
1706 4264 1733 4320 in
1747 4279 1798 4335 pu·

165 4366 267 4414 tentem
285 4357 378 4423 Deum,
394 4356 440 4428 qul
459 4363 594 4412 scrutator
612 4362 654 4411 est
668 4355 789 4411 cordium
802 4363 830 4410 et
842 4370 949 4423 renum,
1002 4360 1103 4417 hlicum
1115 4368 1235 4415 vestrum
1252 4358 1445 4428 interrogando
1458 4357 1511 4414 hoc
1525 4357 1683 4423 inchoastis,
1702 4355 1792 4412 dioen-

836 4465 973 4525 unnuzu
991 4468 1107 4527 NOTAE.

202 4577 214 4604 α
234 4562 263 4617 ln
277 4562 372 4618 coelice
392 4560 466 4631 regio
484 4558 572 4615 nullos
592 4561 644 4615 hoc
662 4559 722 4615 loco
742 4557 834 4613 titulus
852 4567 951 4615 exstat.
1005 4564 1047 4618 sui
1059 4564 1163 4619 socium
1177 4564 1227 4619 sibi
1239 4569 1388 4618 consuluit.
1405 4581 1414 4614 r
1430 4559 1579 4617 scultasios
1593 4561 1643 4617 ista
1655 4565 1798 4645 prosequi-

164 4635 256 4705 ltuque
268 4648 330 4687 cum
344 4632 504 4687 retinuimus
528 4630 573 4701 qrri
588 4646 604 4684 a
621 4628 745 4684 ilassouo
761 4629 885 4683 inventus
899 4638 950 4684 est.
1005 4641 1050 4688 tur
1065 4643 1161 4688 auctor
1172 4633 1297 4690 chronici
1320 4631 1528 4694 Moissioceusis,
1548 4631 1594 4702 quui
1613 4630 1693 4685 iidem
1712 4639 1797 4688 ettam

164 4706 323 4773 Quianquam
339 4702 445 4756 animus
465 4707 526 4755 crat
547 4700 618 4754 istud
639 4712 747 4769 qrroqrte
767 4706 881 4752 mutare.
899 4698 953 4754 Sed
1005 4704 1103 4758 astruit
1115 4706 1195 4760 rebus
1206 4719 1275 4774 quas
1287 4702 1331 4757 hic
1345 4710 1454 4755 enarrat
1465 4700 1633 4771 Agohardus.
1651 4719 1661 4753 c
1677 4700 1728 4754 Au.
1743 4701 1797 4756 ull

164 4777 228 4845 eperia
246 4773 339 4829 titulus
358 4772 403 4826 hic
418 4772 475 4843 jam
494 4769 644 4839 prevaluit,
665 4777 692 4824 et
715 4766 812 4823 flebilis
832 4768 953 4838 epistole
1005 4772 1156 4830 Lmlonieus
1176 4775 1333 4844 imperator,
1348 4770 1451 4841 iuquit,
1471 4771 1542 4840 apud
1561 4769 1648 4839 Aornis
1665 4770 1797 4840 palatium

164 4844 274 4900 numine
287 4841 364 4896 citari
381 4839 521 4895 consueuit
539 4838 584 4894 hic
597 4838 714 4903 libellus,
729 4837 816 4892 visum
832 4845 874 4893 est
890 4854 952 4894 mu·
1006 4843 1153 4900 celebravit
1165 4842 1278 4898 Pascha.
1303 4842 1336 4896 Et
1356 4841 1383 4895 in
1403 4841 1461 4910 ipsa
1469 4848 1566 4904 astate
1584 4838 1667 4908 jussit
1683 4856 1744 4896 esse
1758 4840 1797 4897 ibi

164 4916 216 4972 tari
232 4929 284 4969 uon
299 4910 407 4966 debere.
1005 4924 1167 4970 conuentum
1186 4927 1221 4983 po
1240 4910 1275 4967 oli
1289 4912 1322 4966 eie
1340 4911 1413 4966 omni
1437 4924 1519 4981 reguo
1537 4909 1580 4964 vel
1600 4909 1713 4980 imperio
1732 4924 1794 4975 suo,

199 4985 212 5025 b
232 4984 307 5038 Anno
319 4979 452 5063 presenti,
464 4977 490 5032 id
505 4985 557 5043 est,
571 4991 641 5033 anno
651 4976 711 5032 833.
728 4977 803 5034 Tunc
814 4979 886 5035 enim
899 4979 952 5035 er-
1004 4985 1074 5065 apud
1086 4983 1172 5054 Aquis
1181 4929 1272 5037 sociem
1283 4981 1395 5051 regiam,
1407 4979 1433 5034 id
1444 4988 1496 5039 est,
1509 4979 1660 5049 episcopos,
1671 4980 1793 5045 abbates,

163 5056 274 5110 linricus
289 5051 405 5106 liliorum
419 5048 592 5104 rebellionem
607 5063 779 5119 compescere
793 5051 950 5115 meditatus,
1003 5068 1061 5108 sue
1073 5055 1187 5108 comites
1202 5060 1230 5106 et
1244 5051 1361 5121 majores
1378 5057 1442 5104 natu
1465 5049 1642 5106 Francorum.
1658 5051 1693 5104 Et
1707 5050 1797 5105 mani-

162 5125 311 5181 enercitum
339 5121 468 5176 adversus
491 5134 538 5175 eos
560 5118 684 5189 collegit,
712 5117 813 5175 infelici
839 5135 951 5189 prorsus
1003 5120 1111 5178 laetavit
1125 5123 1165 5178 eis
1182 5123 1342 5192 mysterium
1353 5119 1458 5176 consilii
1475 5121 1516 5174 sui
1531 5121 1601 5190 quod
1615 5120 1792 5191 cogitaverat,

161 5201 269 5258 eventu,
281 5201 311 5248 ut
325 5193 435 5247 tradunt
446 5189 591 5258 scriptores
605 5188 709 5242 illorum
724 5197 885 5259 temporum.
1003 5200 1033 5246 ut
1049 5193 1225 5248 constitueret
1236 5206 1319 5246 unum
1335 5188 1367 5245 de
1380 5189 1441 5245 ultis
1455 5191 1510 5244 suis
1525 5191 1725 5260 imperatorem.
1743 5189 1795 5243 lla-

198 5277 209 5303 ο
230 5262 434 5316 Potcruesteret
444 5257 755 5327 onnes,Carolusilaguus
766 5269 793 5313 et
808 5257 946 5329 Pippinus.
1002 5262 1083 5317 hebet
1097 5263 1169 5318 euim
1184 5270 1239 5316 tres
1253 5261 1323 5315 tilios
1339 5276 1373 5315 ex
1392 5275 1476 5315 uxore
1492 5259 1674 5330 Ermengarda
1688 5260 1792 5330 regina.

195 5333 209 5373 d
230 5332 388 5401 Portielpem
406 5331 518 5384 nominis
538 5331 625 5383 nestri.
647 5327 767 5410 Contigit
785 5328 858 5384 istud
877 5343 949 5385 anuo
1003 5330 1105 5387 Nomen
1119 5333 1165 5386 uui
1186 5329 1331 5395 clotarius,
1354 5345 1452 5385 nomen
1475 5332 1586 5385 secundi
1610 5331 1640 5385 Pi
1659 5330 1749 5401 pinus,
1766 5338 1796 5384 et

161 5402 224 5465 817,
237 5409 266 5455 ut
282 5400 450 5470 Eginhardus
464 5400 555 5455 tradit.
572 5399 723 5455 Ludouicus
735 5405 892 5466 imperator,
908 5401 949 5453 in·
1001 5417 1098 5458 nornen
1116 5402 1187 5458 tertii
1206 5401 1367 5456 Ludovicus.
1390 5399 1554 5455 Tuncumni
1574 5416 1625 5471 pop
1655 5416 1672 5451 o
1689 5399 1794 5481 placuit

160 5473 235 5544 quit,
256 5468 432 5591 rpeueralem
449 5470 537 5553 populi
554 5472 595 5524 sui
612 5476 772 5525 conventum
786 5469 947 5550 Aquisgruni
1001 5479 1031 5525 ut
1050 5471 1117 5543 ipsc,
1137 5487 1166 5526 se
1179 5471 1295 5535 uiuente,
1317 5470 1495 5525 constitueret
1514 5486 1597 5524 uuum
1611 5485 1645 5525 ex
1658 5469 1723 5525 ullis
1736 5471 1794 5524 suis

161 5555 237 5597 more
256 5553 286 5594 so
298 5539 335 5593 ito
349 5539 458 5603 habetit3
482 5557 508 5593 m
526 5556 579 5609 qrro
592 5539 674 5594 lilium
690 5552 767 5592 strtrm
783 5539 946 5608 primogeni-
999 5541 1143 5610 imperare,
1165 5541 1236 5595 sicut
1256 5540 1367 5595 Carolus
1390 5548 1467 5609 pater
1488 5540 1548 5606 ojus
1568 5540 1670 5595 lecerat
1690 5539 1790 5609 ipsum.

161 5623 218 5671 tutu
231 5608 386 5667 [rotharium
400 5611 551 5670 coronarit.
571 5619 598 5665 ει
613 5609 729 5664 nominis
743 5616 825 5679 atque
839 5609 944 5679 imperil
999 5611 1074 5668 'lunc
1088 5612 1174 5669 tribus
1190 5611 1284 5666 diebus
1299 5608 1450 5679 jejunatum
1470 5618 1512 5664 est
1533 5611 1567 5666 alt
1585 5610 1657 5666 omni
1678 5611 1788 5680 populu
