3832 6120
168 304 222 361 ’.Ἑὸ
487 286 720 363 QUAES'l'lONES
737 284 812 343 XXX
833 283 948 343 SUPER
966 280 1091 338 blesus
1111 279 1244 336 budda.
1263 309 1298 322 -
1318 279 1420 336 tlhlltt
1439 280 1482 336 lll.
1753 284 1805 340 ἵξις

163 414 234 477 dicis
240 414 417 470 demonstrat.
432 404 484 462 Ubi
492 412 520 461 ct
530 403 595 459 illud
606 410 648 458 est
662 400 778 457 solerter
787 396 956 462 Intuendum,
972 396 998 457 Α
1012 405 1024 434 ·
1041 394 1172 464 disputat,
1186 393 1249 464 quia
1268 406 1416 465 provorsum
1429 394 1523 462 corda,
1537 404 1565 452 et
1576 395 1719 451 humiliora
1730 398 1803 470 judi-

164 504 238 579 qn'od
254 500 347 555 vivens
368 496 440 552 illins
458 495 535 567 prius
553 492 637 548 dividi
657 490 824 561 praecipitur,
853 495 883 542 ut
908 485 958 542 soli
1008 492 1062 542 cat.
1079 483 1347 556 Saperlignnostem
1358 484 1513 557 ιὶιριιισυίι,
1530 486 1637 544 durnin
1658 502 1739 545 cruce
1751 506 1800 562 pc-

163 591 336 668 postmodum
356 585 437 642 matri
453 585 602 640 reddatur:
618 582 682 653 quia
698 580 726 636 ia
741 580 794 635 hac
813 580 867 633 rita
880 576 957 647 qnasi
1007 574 1112 647 pendit.
1127 575 1203 631 'lianc
1219 576 1291 630 enim
1307 577 1333 631 in
1351 576 1444 643 cedro,
1458 577 1548 634 mooli
1565 581 1751 653 arrogantiam
1766 581 1805 635 in-

163 683 261 759 partiri
274 677 434 737 conceditur
457 676 511 730 rita
530 673 664 744 discipuli,
686 673 750 728 dum
766 685 800 726 ex
823 669 867 724 illa
893 683 959 723 non·
1008 664 1227 742 elisamqqoan
1246 666 1330 720 etiam
1348 666 1383 721 ad
1395 667 1504 738 hyssopi
1513 666 1707 736 humilitatem,
1723 670 1750 725 id
1762 680 1806 725 est

164 785 305 844 nonquam
332 768 402 823 alter
429 765 500 837 apud
525 764 609 820 [teum
637 763 772 826 meritum,
803 760 871 815 alter
893 772 958 814 vero
1007 769 1094 826 usque
1108 755 1143 810 ad
1154 755 1244 811 crucis
1256 754 1411 823 stultitiam,
1425 770 1458 812 ae
1473 758 1706 830 contemptibilem
1721 757 1802 815 lldem

162 864 235 938 apud
249 860 374 918 homines
390 857 497 914 laudern
513 857 613 912 habere
626 854 803 925 permittitur.
819 850 873 908 Sed
891 850 959 906 laisa
1006 843 1129 902 deluxit.
1145 864 1155 899 ι

161 953 261 1019 mater,
277 966 350 1016 euna,
371 964 452 1019 quem
471 963 524 1004 non
540 948 642 1018 genuit,
663 946 752 1002 occidi
765 959 819 1001 non
844 943 956 1010 metuit;
1043 930 1141 1006 (Caput
1161 933 1201 1005 r.)
1221 931 1351 1005 Sequitur
1368 934 1492 994 romine
1510 937 1644 995 historia:
1666 940 1802 1010 «quando

162 1044 227 1118 quia
237 1047 398 1113 arrogantes
412 1038 546 1108 magistri,
565 1044 593 1090 et
608 1035 732 1091 caritatis
752 1033 849 1105 lgruari,
863 1034 886 1088 si
899 1033 957 1103 ple·
1008 1021 1138 1080 Salomon
1160 1023 1347 1082 oe‘lfflssllttfflss
1369 1025 1479 1084 domum
1506 1029 1634 1098 D⁰¹¹¹l¹¹⁰r
1663 1033 1803 1101 (illaeslefll

162 1133 306 1202 nissimum
326 1142 425 1183 nomen
444 1126 532 1181 laudis
550 1140 584 1181 ex
598 1123 694 1179 alienis
706 1122 846 1192 discipulis
860 1136 956 1178 cousc—
1005 1117 1138 1183 auritum
1158 1119 1193 1174 ab
1207 1117 1301 1174 liuram
1312 1134 1376 1192 rege
1400 1120 1475 1194 Tyri,
1493 1121 1541 1193 qul
1557 1132 1618 1179 erat
1631 1123 1735 1180 amicos
1748 1125 1803 1180 lia·

161 1227 210 1300 qui
231 1229 379 1295 nequeunt,
392 1235 487 1276 eorum
500 1219 585 1274 uitam
599 1217 747 1273 cmdelitcr
766 1217 955 1286 insequuntur.
1006 1208 1052 1298 vld
1064 1209 1139 1265 omui
1152 1216 1283 1282 tempore,
1305 1219 1334 1267 et
1352 1226 1414 1268 cum
1434 1212 1493 1283 ipso
1514 1228 1623 1284 quoque
1645 1214 1801 1283 Salomone,

161 1315 270 1374 inuidiae
283 1312 356 1369 enim
369 1310 428 1367 iace
439 1310 573 1376 succensi,
589 1308 685 1365 nolunt
703 1308 764 1362 aliis
776 1307 876 1374 rivere,
888 1322 958 1378 quos
1006 1308 1150 1374 postquam
1163 1316 1248 1374 regno
1259 1303 1362 1374 politus
1376 1312 1428 1369 0³²,
1443 1318 1539 1374 pacem
1561 1305 1730 1378 heboreiam
1745 1320 1804 1363 coe-

161 1405 334 1477 conspioiunt
348 1417 379 1458 se
398 1418 451 1457 nnn
469 1414 549 1473 posse
569 1399 720 1469 possidere.
753 1397 830 1454 Unde
854 1405 882 1452 et
903 1397 957 1454 illic
1006 1399 1094 1465 perat,
1103 1402 1380 1465 promptumquemor
1388 1393 1516 1452 Salomon
1529 1396 1750 1468 adady'nrandum
1762 1412 1800 1460 sc,

162 1470 291 1572 peruersa
301 1492 399 1549 mulier
410 1492 511 1548 clamat
532 1490 609 1562 (uero.
628 1490 674 1562 sd)
689 1507 696 1544 :
711 1490 957 1556 acclamatum
1007 1486 1035 1542 ht
1047 1486 1174 1543 omnibus
1187 1485 1246 1557 ejus
1260 1487 1396 1543 invenerit
1418 1487 1548 1558 animum,
1575 1489 1611 1544 ita
1630 1498 1661 1544 ut
1683 1489 1801 1546 artillccs

160 1590 250 1647 istius.
268 1587 305 1644 Ut
317 1586 390 1642 enirn
412 1584 542 1649 dirimas,
563 1598 633 1653 quos
648 1581 700 1638 sibi
714 1582 827 1651 obsequi
847 1596 901 1638 non
914 1581 956 1636 vi·
1007 1576 1057 1644 illi,
1072 1584 1100 1633 et
1113 1576 1198 1648 ligna,
1212 1586 1240 1633 et
1259 1593 1366 1645 aurum,
1380 1586 1462 1648 prout
1475 1592 1544 1649 opus
1567 1581 1695 1647 habebat,
1718 1581 1799 1638 dedc-

162 1683 237 1747 dent,
257 1680 291 1735 ad
304 1677 418 1750 gloriam
440 1676 626 1746 temporalem,
643 1673 766 1730 eosaliis
784 1673 957 1728 inridentvi-
1007 1669 1061 1723 rit:
1087 1668 1165 1741 cujus
1191 1667 1315 1725 benehcii
1338 1668 1426 1741 gratia
1446 1669 1575 1726 Salomon
1598 1671 1623 1726 ei
1645 1685 1695 1741 per
1716 1686 1801 1727 aranos

162 1786 226 1830 uere
245 1786 296 1841 per
314 1767 468 1823 acritatem.
483 1765 552 1823 l'era
577 1773 668 1821 autem
686 1772 775 1820 mater
794 1763 903 1835 satagit,
923 1771 954 1818 ut
967 1746 991 1806 Β
1005 1759 1125 1832 singulos
1134 1761 1266 1832 plurimos
1278 1761 1373 1829 tritici,
1386 1771 1413 1818 ct
1425 1761 1477 1818 olei
1490 1764 1590 1819 choros
1604 1763 1632 1818 in
1644 1762 1735 1818 cibum
1753 1763 1801 1819 dar-

162 1862 221 1933 ejus
240 1861 312 1915 lilius
325 1859 415 1915 saltim
429 1857 500 1927 apud
514 1865 671 1912 extraneam
683 1855 730 1922 sit,
740 1865 769 1911 et
779 1855 870 1922 rivat;
887 1854 951 1925 quia
1003 1852 1059 1908 moi
1074 1849 1132 1922 ejus
1144 1853 1235 1907 dabat.
1252 1851 1323 1908 Nulli
1338 1859 1430 1908 autern
1443 1851 1564 1918 dubium,
1573 1849 1800 1923 quod'Salomon,

161 1951 315 2008 concedunt
325 1963 437 2004 veraces
450 1947 585 2019 magistri,
605 1955 636 2001 ut
648 1962 681 2002 cx
701 1961 796 2002 eorum
814 1946 954 2016 discipulis
1003 1942 1050 2016 qui
1062 1942 1408 2014 interpretaturpocificat,
1421 1951 1449 1998 et
1463 1943 1524 2014 ipso
1542 1945 1664 2010 nornine,
1680 1953 1709 1999 et
1727 1958 1801 1999 sere·

162 2043 208 2099 alii
222 2042 331 2113 quidem
346 2039 494 2111 magisterii
507 2038 614 2094 laudern
624 2039 759 2105 babeant;
776 2039 799 2094 si
811 2046 903 2094 tamen
915 2039 954 2093 in·
1004 2038 1117 2094 nlssimo
1130 2038 1207 2110 regui
1223 2039 1265 2094 sui
1276 2046 1348 2093 statu
1359 2037 1436 2093 illum
1450 2037 1596 2110 signillcet,
1612 2039 1647 2094 de
1661 2054 1715 2109 quo
1731 2037 1800 2093 dixit

162 2136 317 2209 tegritatem
331 2133 394 2188 rite
416 2131 497 2186 iidem
520 2129 646 2199 discipuli
668 2144 722 2184 nun
746 2129 882 2195 amittant,
904 2143 954 2199 per
1003 2128 1088 2186 isaias
1104 2128 1153 2201 (ιι,
1169 2130 1216 2202 'lla
1235 2128 1459 2201 Multiplicaiitar
1475 2129 1534 2200 ejus
1556 2129 1706 2202 imperinm,
1719 2137 1744 2184 ct
1755 2146 1801 2201 pn-

161 2242 222 2299 quar
235 2224 345 2297 pletatis
361 2223 478 2286 viscera,
493 2221 552 2275 hacc
565 2219 662 2275 eadem
676 2235 740 2274 uera
762 2227 851 2275 mater
869 2235 953 2290 agno·
1004 2222 1041 2278 cir
1055 2238 1106 2276 non
1129 2223 1178 2278 erit
1199 2222 1271 2292 finis.
1288 2221 1382 2278 iliram
1395 2237 1472 2289 uero,
1493 2221 1539 2293 qui
1554 2221 1638 2278 latine
1651 2222 1752 2278 dicitur
1763 2222 1799 2277 ci·

161 2316 258 2380 scitur,
270 2313 424 2384 quiaomne
436 2307 620 2379 magisterium
632 2306 660 2360 in
673 2306 798 2361 examine
811 2307 954 2361 charitatis
1005 2328 1065 2366 oens
1090 2310 1199 2379 excelse,
1224 2313 1368 2369 credentes
1388 2327 1420 2368 er
1446 2314 1582 2386 gentibus,
1608 2313 1701 2369 etrite
1720 2313 1792 2368 simu

162 2404 339 2476 approbatur,
369 2407 396 2456 ct
424 2399 482 2456 sola
506 2404 591 2452 tunm
614 2395 735 2465 recipere
761 2396 869 2459 mcmit,
894 2411 954 2465 quite
1004 2415 1067 2455 eum
1081 2400 1133 2455 hde
1156 2401 1288 2471 gloriosos
1306 2402 1456 2473 liguraliter
1472 2402 1610 2475 exprimit.
1632 2400 1725 2472 Neque
1741 2401 1793 2456 ali-

163 2495 242 2566 quasi
256 2502 343 2549 totum
367 2490 518 2563 (coacessit)
539 2490 639 2545 cessit:
656 2489 718 2558 qnia
740 2487 834 2543 hdeles
853 2503 955 2558 praepo·
1004 2488 1070 2558 quid
1084 2490 1221 2561 prohibet,
1244 2491 1309 2561 quin
1321 2490 1425 2558 iliram,
1447 2493 1493 2562 qui
1516 2508 1565 2548 rer
1578 2501 1647 2558 erat,
1659 2493 1800 2565 regalique

163 2585 209 2641 siti
219 2599 269 2654 pro
282 2597 315 2639 eu
326 2583 398 2652 quod
413 2595 446 2636 ex
459 2580 539 2636 honis
560 2579 700 2649 discipulis
719 2578 776 2632 suis
797 2593 851 2632 non
866 2576 953 2632 solum
1004 2580 1125 2652 potentia
1152 2579 1336 2647 Salomonem,
1353 2581 1381 2637 id
1395 2591 1438 2637 est
1457 2579 1605 2652 Pacificam
1634 2583 1661 2637 in
1685 2583 1800 2638 aedilicio

162 2676 223 2730 ahis
236 2673 342 2729 laudem
356 2688 410 2727 non
433 2671 564 2737 inrident,
584 2670 632 2726 sed
647 2669 790 2724 utilitatem
810 2669 851 2724 eis
871 2669 954 2724 etium
1005 2672 1101 2728 domus
1113 2671 1222 2727 Domini
1234 2670 1357 2741 juvabat,
1371 2687 1520 2729 conuersos
1539 2673 1573 2727 ad
1593 2673 1673 2729 iidem
1696 2674 1800 2743 ⁸ipsos

161 2765 316 2840 (profectus)
329 2771 473 2834 provectus
495 2771 626 2827 exorant;
650 2761 701 2831 ipsi
725 2768 754 2816 ct
776 2761 905 2831 integros,
928 2766 954 2815 et
1005 2776 1096 2817 rerum
1107 2762 1236 2818 Domims
1246 2761 1334 2833 typice
1344 2762 1496 2829 denuntiet,
1510 2777 1625 2833 quorum
1633 2777 1684 2832 ope
1693 2770 1800 2817 coristat

160 2857 284 2912 uiuentes
306 2854 376 2910 illios
400 2853 534 2923 recipiunt
558 2852 666 2922 quando
684 2851 710 2906 in
740 2865 866 2922 supremo
891 2865 955 2905 exa·
1004 2852 1154 2910 Ecclesiam
1170 2869 1241 2926 saepe
1254 2853 1387 2924 adiutam,
1399 2870 1431 2911 ac
1442 2856 1569 2912 nobiliter
1583 2864 1798 2928 augmentatam,

160 2948 234 3004 mine
247 2962 281 3002 er
306 2960 401 3002 corum
416 2945 471 3000 vita
495 2942 625 3014 perlectae
649 2942 836 2998 retributionis
857 2941 954 3012 gaudia
1005 2950 1033 2999 et
1046 2953 1142 3000 contra
1155 2946 1309 3012 haereticos,
1331 2947 1531 3014 schismaticos,
1546 2959 1574 3004 et
1590 2964 1709 3021 paganos
1724 2950 1799 3019 prin-

161 3046 332 3109 sequuntur:
1007 3038 1138 3109 cipalihus
1156 3048 1276 3096 erectam
1291 3055 1352 3096 esse
1365 3040 1494 3097 decretis.
1506 3039 1577 3096 Petit
1590 3057 1656 3113 crgo
1668 3039 1796 3096 Salomon

200 3140 214 3168 ⁸
242 3144 252 3178 ¹
269 3125 383 3180 ¹⁴⁰⁶¹ll¹¹⁸
401 3132 438 3180 ³⁵²
459 3139 560 3194 ‘limile
574 3120 699 3178 ⁸⁰²⁰m⁰i¹
711 3120 764 3175 “3⁰
776 3120 860 3175 ml'ui'fl
880 3091 992 3190 darec
1007 3130 1035 3186 ln
1049 3146 1132 3200 opere
1145 3132 1238 3203 templi
1262 3131 1392 3187 auxilium
1414 3132 1448 3187 ab
1471 3133 1581 3201 iliram,
1597 3133 1662 3204 qula
1675 3149 1738 3190 cnm
1754 3149 1799 3189 ue-

162 3216 235 3272 iolns
247 3231 256 3267 .·
267 3225 292 3269 et
301 3215 408 3285 fuerunt
420 3215 538 3268 carmina
548 3213 606 3284 ejas
618 3214 631 3252 b
644 3213 758 3283 quinque
770 3210 866 3266 millio.
884 3210 955 3278 Quid
1006 3219 1084 3275 niens
1099 3220 1126 3274 in
1138 3234 1221 3275 aaran
1234 3220 1375 3285 Dominus,
1400 3221 1526 3278 dilecyam
1543 3224 1595 3279 ,ιω
1618 3223 1738 3290 domum,
1757 3225 1799 3279 vy.

161 3306 233 3361 enim
248 3321 297 3377 per
315 3305 367 3359 tria
390 3303 475 3358 millia
491 3303 646 3373 parabolas,
668 3303 720 3358 nisi
735 3301 873 3373 plenitudo
891 3302 954 3357 ddei
1005 3308 1102 3366 delicet
1116 3310 1276 3378 Ecclesiam,
1294 3313 1431 3369 nidificare
1448 3315 1614 3385 (ypponem,
1635 3332 1688 3372 „011
1703 3318 1736 3373 de
1750 3315 1797 3370 J...

163 3397 191 3452 5¹¹
204 3397 273 3468 ¹080,
293 3403 321 3451 ⁰¹
340 3393 521 3466 El'anlllllssss
543 3393 652 3450 Chlssw
666 3393 764 3448 [fidili
779 3392 956 3463 dffiiilllalffl?
1004 3401 1071 3458 datis
1084 3403 1281 3470 tantummodo,
1293 3419 1388 3459 verum
1403 3406 1485 3461 etiam
1498 3406 1680 3478 degentibus,
1695 3408 1800 3480 adjuto

162 3502 224 3558 ‘lum
237 3487 300 3543 dum
314 3495 370 3541 ²⁰¹³
388 3485 573 3555 munilssiciter
593 3500 642 3554 W
656 3484 845 3554 ³¹¹08⁰fl³l¹1ffl
859 3497 955 3539 ⁸0⁰⁵!ss
1004 3505 1049 3548 res
1060 3491 1153 3562 operis
1163 3492 1255 3562 elegit,
1275 3507 1338 3547 narn
1353 3493 1387 3548 dc
1410 3503 1526 3564 utroque
1545 3497 1644 3567 populo
1658 3498 1798 3553 ministros

162 3577 236 3634 sobe
250 3577 403 3631 ministerio
416 3574 560 3629 Trinitatis
573 3574 726 3637 disseritur,
736 3572 816 3642 quasi
829 3572 880 3626 tria
893 3571 955 3626 oril-
1003 3584 1136 3640 sermones
1152 3586 1306 3656 assumpsq,
1328 3586 1399 3641 yyysq
1421 3587 1515 3642 mmm
1530 3587 1666 3644 gayomony
1685 3590 1798 3658 mci„

162 3670 199 3725 lia
222 3669 358 3741 parabole
391 3676 593 3736 nuncupantur.
622 3666 750 3722 Carmina
777 3673 866 3720 autem
896 3665 955 3735 ejus
1004 3673 1038 3729 de
1050 3672 1154 3730 Libano
1168 3675 1240 3745 ligna
1255 3676 1378 3741 cedrina,
1394 3685 1422 3731 et
1435 3676 1560 3747 abiegna,
1585 3691 1645 3745 qua>
1668 3677 1695 3732 in
1717 3679 1797 3733 dorno

162 3761 377 3834 quinquemillia
393 3775 443 3831 pro
457 3759 577 3829 quinque
591 3758 715 3813 sensibus
735 3756 857 3826 corporis
875 3755 954 3810 inlel-
1004 3758 1110 3818 Domini
1121 3771 1296 3833 ponerentur,
1309 3767 1373 3834 qnia
1386 3781 1517 3821 conuersa
1533 3765 1668 3837 gentilitas
1678 3768 1752 3823 misit
1763 3769 1799 3823 ad

162 3855 292 3926 llssusslssr,
309 3868 376 3923 quos
399 3853 445 3923 qui
462 3852 488 3906 in
503 3851 619 3907 diuersis
637 3849 783 3905 virtutibus
797 3850 865 3903 benc
879 3847 893 3886 ἃ
908 3863 954 3919 ge·
1003 3854 1148 3912 Domimm
1161 3856 1236 3911 uiros
1248 3856 1386 3926 quondam
1400 3858 1434 3914 ad
1447 3858 1574 3914 saeculum
1587 3859 1686 3926 claros,
1702 3875 1799 3916 secure

163 3946 209 4008 rit,
221 3947 316 4001 heatus
334 3952 385 4009 cst,
401 3953 428 3998 ct
441 3958 490 4014 per
502 3958 549 3999 eos
567 3942 646 4013 quasi
666 3940 785 4011 quinque
799 3937 881 3993 millia
895 3953 955 3994 ‹er-
1004 3945 1146 4001 dominice
1157 3946 1350 4020 increpationis
1363 3948 1397 4004 de
1415 3957 1507 4005 monte
1522 3965 1578 4005 succ
1594 3951 1727 4021 superbiae
1739 3952 1797 4023 jara

162 4038 236 4096 mina
260 4038 374 4095 Domino
393 4038 476 4093 canit.
1004 4034 1124 4105 deiectos
1139 4043 1168 4091 et
1183 4036 1352 4105 humiliatos,
1366 4038 1412 4108 qui
1434 4037 1469 4094 ad
1492 4054 1615 4094 normam
1634 4038 1798 4113 evangelica

198 4131 288 4206 (Vera.
305 4131 362 4204 55.)
386 4150 396 4183 ι
419 4130 572 4196 Disputauit
593 4136 683 4184 autem
698 4127 825 4182 Salomon
840 4142 856 4181 a
872 4120 953 4182 cedro
1003 4126 1127 4183 veritatis
1138 4126 1266 4195 instituti,
1281 4128 1309 4183 in
1323 4130 1437 4187 aedilicio
1458 4130 1587 4187 Ecclesia
1599 4147 1649 4204 pro
1659 4148 1709 4189 suo
1723 4134 1798 4205 quis
1862 4178 1864 4183 ,

163 4225 295 4295 usquead
307 4218 808 4294 hyssopumcedrinominecelsitudo
822 4218 913 4289 gloriae
926 4219 953 4273 in
1004 4233 1057 4289 quc
1066 4219 1177 4288 merito,
1188 4220 1232 4276 rel
1245 4228 1368 4293 tempore
1382 4223 1590 4281 collocarentur.

132 4344 144 4369 ι
162 4312 257 4369 electis
270 4314 420 4384 accipitur:
435 4312 506 4368 sicut
519 4320 547 4367 ct
565 4311 699 4383 Propheta
724 4317 841 4366 testatur
859 4309 954 4366 dicens
1042 4331 1052 4363 r
1075 4311 1148 4369 llicit
1166 4315 1245 4369 etiam
1259 4314 1385 4385 artifices,
1399 4316 1463 4387 quio
1487 4332 1632 4374 conversos
1656 4320 1690 4373 ad
1705 4334 1796 4374 serum

163 4402 252 4477 (Ptol.
274 4421 335 4471 xer,
353 4405 397 4479 ld)
416 4420 423 4459 ι
442 4404 536 4459 dotatus
553 4414 582 4458 nt
599 4403 688 4474 palmo
707 4403 820 4473 florebit,
841 4413 864 4457 ct
885 4402 952 4458 aient
966 4447 992 4506 D
1004 4404 1164 4475 sapientiam
1175 4406 1360 4478 philosophos,
1374 4408 1517 4479 quigratia
1531 4409 1700 4475 eruditionis,
1711 4426 1796 4480 popu-

163 4496 268 4561 ccdrus,
278 4513 336 4566 quc
346 4507 384 4550 cst
396 4497 423 4548 in
437 4494 545 4559 Libano,
561 4492 788 4565 nrrtltiplicnbr'tar.
815 4491 953 4563 llyssopus
1006 4493 1152 4564 lisquoquc
1163 4496 1287 4567 regendis
1298 4496 1360 4565 jure
1370 4507 1594 4568 proponerentur,
1607 4499 1721 4554 Domino
1732 4516 1796 4570 gen-

163 4594 256 4640 autem
270 4586 353 4640 herba
364 4593 407 4640 cst
420 4584 539 4646 humilis,
551 4598 617 4639 saxo
631 4585 752 4649 haerens,
766 4599 818 4653 qua
831 4584 955 4654 signatur
1003 4583 1088 4639 tilitas
1102 4585 1209 4651 obtulit,
1232 4587 1320 4656 qualis
1341 4586 1406 4658 ipsis
1426 4586 1609 4658 apostolomm
1631 4588 1797 4659 tenipurihus

164 4676 304 4732 humilitas
314 4676 426 4732 Christi.
443 4675 606 4745 Redemptor
621 4675 720 4745 qnippe
739 4683 831 4731 noster
843 4692 859 4730 a
871 4678 953 4733 cedro
1004 4673 1330 4750 Dionysinshreopagita
1342 4678 1430 4748 qualis
1441 4679 1567 4750 deinceps
1577 4680 1674 4735 doctor
1692 4681 1803 4735 sanaris·

164 4767 296 4838 usquead
311 4767 457 4839 hyssopum
472 4765 743 4836 disputavit‚quiaab
757 4765 954 4822 altaereellcn-
1003 4769 1099 4836 manus,
1127 4780 1157 4826 et
1184 4771 1348 4830 fortissimus
1373 4783 1477 4847 martyr
1505 4774 1665 4846 Cyprianus,
1697 4775 1797 4844 aliique

164 4861 203 4917 tia
215 4859 335 4916 coelestis
353 4859 446 4930 glorie
460 4872 545 4928 usque
560 4857 593 4911 ad
612 4856 703 4912 carnis
716 4857 897 4913 humilitatem
909 4858 954 4914 de-
1005 4860 1206 4929 quamplurimi.
1224 4862 1298 4919 illuit
1310 4880 1405 4920 aarum
1418 4879 1427 4918 :
1439 4868 1510 4936 quod
1524 4867 1550 4921 in
1570 4868 1664 4923 eadem
1677 4882 1746 4937 pone
1759 4868 1795 4921 si-

163 4948 450 5020 scendendoperveuit
465 4967 472 5002 :
489 4948 512 5003 si
523 4948 631 5017 quidem
643 4954 671 5003 et
681 4947 756 5002 cedri
769 4947 879 5003 nomine
894 4963 954 5018 pra·
1006 4952 1178 5022 gnificatione
1191 4956 1331 5025 accipitur.
1354 4957 1423 5024 Quia
1448 4959 1576 5014 nimirum
1597 4961 1669 5014 uiros
1690 4959 1796 5030 sapien·

163 5056 261 5097 rorum
276 5043 391 5110 superba
416 5042 497 5097 elatio
510 5041 676 5112 designatur,
702 5041 773 5096 sicut
797 5056 846 5112 per
869 5042 953 5097 David
1007 5041 1055 5107 tia,
1068 5052 1096 5098 et
1110 5043 1217 5115 ingenio
1228 5046 1373 5114 praeclaros
1385 5048 1399 5087 ¹¹
1411 5049 1539 5112 ostendit,
1554 5066 1603 5118 pro
1620 5050 1719 5118 quihus
1733 5065 1796 5103 cuo·

163 5133 265 5189 dicitur
280 5131 366 5204 (Paci.
389 5148 472 5187 ιιιιιι
484 5174 492 5198 ,
506 5132 553 5205 5);
575 5130 631 5186 Vox
642 5132 748 5187 Dnrrrini
765 5133 953 5204 consuapentia
1006 5133 1058 5189 ctis
1069 5133 1251 5192 oblationibus
1262 5136 1424 5208 gerrtilitasa
1442 5138 1556 5192 Domino
1570 5139 1639 5193 dona
1657 5148 1796 5210 exspectat

164 5224 266 5280 cedros.
295 5224 411 5280 hccdro
426 5224 516 5295 itaque
526 5222 650 5279 Christus
660 5237 746 5294 usqne
760 5224 794 5279 ad
805 5224 953 5294 hyssopum
1006 5210 1100 5297 gratiae
1120 5227 1238 5283 coelestis
1260 5248 1266 5281 :
1288 5228 1408 5284 triticum
1432 5228 1556 5283 uidelicet
1583 5229 1658 5286 rcrlti
1681 5228 1749 5299 Dei,
1767 5238 1796 5287 ct

202 5387 214 5414 ¹
234 5374 300 5500 Cap.
317 5391 354 5441 ιι,
370 5376 416 5432 5⁹2.
442 5374 639 5444 Subsequentia
658 5375 786 5444 perquire
808 5376 835 5431 io
850 5376 953 5433 isidoro
1004 5381 1063 5448 stri,
1076 5396 1137 5435 nam
1152 5381 1278 5452 deinceps
1293 5381 1373 5436 habet
1385 5381 1499 5449 judicat.

165 5443 264 5500 lihmm
290 5446 310 5500 ll
322 5446 424 5518 Regma
435 5446 636 5501 commentariis
655 5446 815 5502 illustrante.
1043 5450 1138 5516 tone
1166 5458 1315 5521 sequuntur
1340 5450 1445 5507 lineolis
1459 5466 1509 5521 pro
1537 5467 1612 5510 urere
1636 5460 1737 5517 notate.
1765 5453 1792 5509 iu

201 5514 216 5555 ¹>
235 5515 359 5587 Vulgata,
373 5519 485 5588 quinque
499 5526 522 5571 et
536 5514 606 5581 rnillc
1004 5520 1118 5576 llaltano
1130 5520 1211 5576 etiarn
1226 5530 1298 5577 sulti.

202 5595 213 5622 ι
236 5584 371 5656 llpstcrio.
1043 5591 1173 5645 illarum
1194 5606 1290 5645 rerunt.

202 5652 214 5693 d
237 5653 320 5727 degit.
342 5725 347 5735 ·
444 5726 448 5735 .
1041 5661 1054 5702 h
1072 5660 1092 5716 l‘
1094 5671 1198 5719 nutasse
1214 5661 1353 5734 legendum
1370 5669 1410 5718 est
1423 5662 1526 5718 oirrtlit.
1570 5688 1584 5717 ι

207 5735 218 5764 ·
237 5726 308 5783 Edit.
319 5726 468 5797 disputant.
492 5724 610 5785 Pracicro
629 5726 772 5786 lectionem
786 5729 887 5789 codicis
908 5745 955 5787 no
