3832 6120
130 261 182 319 hii
698 243 862 309 tubovtct
878 247 889 303 l
908 237 1147 306 COGNOMENTO
1162 236 1206 300 ltv
1722 238 1772 297 ⁵88

130 381 201 435 sinna
212 374 370 434 defensione
389 378 418 431 et
434 352 614 428 immunitatis
622 365 738 423 tuitione
752 364 920 421 habuissent.
936 364 1117 432 Ascoporons
1133 354 1258 415 eamdem
1275 351 1399 412 revelare
1410 351 1547 423 iaemran
1549 392 1628 410 .....
1641 352 1772 410 itsride

132 470 251 539 scalpro
270 465 406 522 tentatis
430 461 521 519 studio
540 458 619 531 petiit
637 455 783 528 predictus
802 453 871 510 abba
893 462 924 509 ut
958 450 1046 533 licet,
1059 455 1090 505 ut
1103 445 1175 522 [pet]
1187 460 1284 505 comos
1305 445 1498 502 smmritsten
1524 450 1723 501 enumeres
1732 446 1773 502 eni

133 559 206 614 circa
220 556 307 627 ipsum
328 559 452 609 sanctum
469 551 558 607 locum
571 548 661 607 denuo
675 546 739 604 talia
752 561 803 618 pro
821 559 923 601 meree-
971 539 1092 611 episcopi
1105 535 1345 606 resetmancipia,
1360 548 1422 605 que
1439 536 1467 591 lu
1480 535 1586 593 eisdem
1599 535 1771 592 instrum

133 648 175 703 dis
188 652 287 701 nostrae
306 648 451 714 augmento
475 640 623 696 concedere
643 646 672 695 ct
694 636 856 693 conllrmare
877 635 924 690 de-
972 633 1007 687 tis
1021 627 1178 687 chartarum
1195 628 1323 686 incendio
1339 628 1446 685 exustis
1467 627 1703 692 continebantur,
1717 626 1774 682 sive

134 736 269 791 heremus.
279 731 362 799 Cujus
372 731 530 801 petitionem
543 745 592 800 pro
605 727 697 784 divino
707 741 800 782 amore
810 739 924 783 renuere
972 722 1066 780 cadem
1080 736 1140 792 quae
1160 728 1256 793 postea
1278 720 1451 778 acatholicis
1472 718 1540 775 siris
1564 717 1660 774 eidem
1674 716 1773 774 coliata

133 827 279 884 noluimus.
307 825 361 881 Sed
375 825 402 879 in
426 823 551 879 omnibus
572 828 601 875 ot
613 826 761 890 presentes
783 826 811 874 et
839 817 923 873 iuturi
973 813 1081 870 luerunt
1093 810 1224 878 ecclesiae,
1234 812 1365 867 hactenus
1379 817 1512 867 semreet
1525 809 1619 880 quiete
1635 809 1665 863 in
1676 807 1775 878 jurcet

134 917 227 974 ddeles
239 924 340 973 sancta
358 913 486 970 Ecclesia
504 920 532 968 et
548 912 633 968 nostri
653 911 691 966 ita
712 924 871 966 concessum
882 918 924 965 at·
972 909 1107 976 potestate
1116 901 1254 973 praedictae
1270 900 1563 958 tenuissentecclesiae.
1574 898 1631 956 Sed
1642 906 1672 955 ct
1688 899 1773 970 ipsam

135 1016 356 1080 queperpetuoa
372 1005 451 1062 nobis
464 1004 653 1060 continuatum
666 1017 725 1058 csse
749 1012 922 1074 cognoscant.
973 1003 1096 1051 muctam
1107 992 1398 1049 sedcmantecessores
1411 991 1499 1048 nocui
1513 1005 1595 1060 reges
1606 1005 1675 1046 cum
1693 989 1773 1045 cella·

133 1093 534 1168 Praecipientcserqojubemus
546 1101 577 1148 ut
589 1091 677 1148 nullus
694 1090 777 1162 judex
790 1092 923 1163 publicus,
973 1086 1007 1141 lis
1031 1083 1163 1155 subiectis
1180 1082 1223 1137 vel
1249 1082 1376 1139 omnibvs
1388 1081 1471 1138 rebus
1494 1079 1569 1150 iuste
1593 1080 1631 1135 td
1656 1093 1688 1134 te
1707 1080 1773 1150 tepi-

135 1202 224 1258 neque
243 1185 371 1257 quislibet
383 1201 415 1240 er
428 1183 569 1254 judiciaria
582 1188 725 1252 potestate,
738 1195 789 1237 uec
800 1182 870 1238 ullus
890 1198 924 1238 cx
974 1176 1117 1243 cientibus,
1128 1174 1308 1231 munitionem
1320 1173 1449 1230 videlicet
1463 1174 1620 1245 Lingonicse
1642 1174 1772 1237 civitatis,

135 1277 260 1334 lldelihus
272 1283 373 1333 sancte
384 1274 514 1331 Ecclesiae
527 1281 554 1328 et
565 1273 676 1338 nostris,
692 1273 719 1326 in
732 1272 862 1329 ccclesias
878 1282 925 1330 aut
973 1269 1020 1325 ubi
1032 1268 1147 1324 habetur
1160 1267 1274 1325 ecclesia
1287 1267 1316 1322 in
1341 1267 1472 1324 bonorem
1501 1267 1589 1322 sancti
1616 1265 1772 1322 llammetis

135 1369 195 1425 tora
218 1369 261 1425 vet
278 1383 369 1441 apros,
383 1383 432 1425 sen
459 1369 575 1440 reliquas
598 1371 784 1439 possessiones
803 1371 926 1442 praetor
974 1359 1068 1416 eximii
1083 1358 1230 1430 martyrem
1258 1356 1385 1414 uasorum
1411 1359 1585 1424 bremense,
1598 1357 1630 1413 tn
1649 1373 1704 1428 qno
1724 1360 1774 1414 na

136 1457 303 1520 monasterii,
317 1472 386 1528 quas
401 1457 532 1514 moderno
546 1466 666 1529 tempore
680 1457 753 1527 juste
767 1467 795 1515 ct
809 1460 927 1515 ratione·
975 1461 1018 1507 est
1029 1450 1144 1507 eeclesia
1158 1450 1186 1506 in
1206 1449 1310 1505 honore
1334 1449 1423 1505 uncti
1437 1446 1569 1519 Stephani
1588 1458 1774 1523 protomarty-

135 1546 226 1601 tnltrer
239 1547 533 1616 posidemrtdeeurin
547 1547 711 1618 quibuslibet
734 1550 811 1622 pagis
825 1558 854 1605 et
872 1559 927 1606 ter-
977 1536 1027 1606 ris,
1040 1547 1067 1596 et
1082 1539 1160 1610 iuxta
1183 1553 1292 1594 nurum
1316 1538 1512 1594 monasterium
1532 1536 1565 1592 B·
1580 1537 1700 1609 flentem
1715 1555 1773 1596 osu

136 1636 242 1693 ritoriis
255 1637 325 1690 inira
344 1636 473 1693 ditionem
487 1639 593 1708 imperii
617 1638 713 1704 nostri,
727 1639 762 1695 ad
773 1653 871 1695 minsas
883 1655 928 1695 au-
977 1631 1051 1685 ⁰mni
1072 1643 1166 1685 mrum
1187 1627 1359 1699 inlefflitiei
1390 1636 1419 1683 ei
1440 1628 1469 1683 in
1495 1642 1566 1699 9³8⁰
1584 1626 1773 1685 Tomotrente

138 1724 400 1788 diendas,velireda
414 1727 556 1798 exigenda,
578 1720 1026 1795 autinlerendasexactan-B[Le
1053 1720 1232 1793 tornacen,
1246 1721 1442 1778 monasterium
1467 1719 1668 1786 llelundense,
1695 1727 1724 1777 et
1746 1722 1772 1776 in

138 1815 198 1877 das,
214 1813 270 1869 sive
284 1814 439 1871 mansiones
461 1817 504 1871 vel
518 1825 627 1887 paratas
640 1815 788 1882 iaciendas,
801 1817 929 1874 necilde·
978 1813 1074 1869 eodem
1091 1828 1161 1885 papo
1182 1811 1308 1869 Castrum
1330 1812 1524 1878 Tornotrense,
1541 1820 1628 1883 caput
1652 1812 1774 1869 videlicet

133 1919 256 1973 russores
279 1904 428 1973 tollendos,
448 1914 497 1962 aut
524 1907 647 1964 homines
668 1906 788 1976 ejusdem
809 1909 929 1965 ccclesia
979 1902 1140 1968 comitatus3
1159 1910 1187 1958 et
1204 1901 1371 1958 abbatiolam
1388 1901 1417 1958 S.
1436 1900 1631 1973 symphoriani
1656 1902 1685 1957 in
1699 1901 1774 1957 ladi-

136 1995 349 2068 discerpendos,
373 2011 424 2053 nec
439 1997 507 2054 ullas
533 1999 729 2055 redhibitiones
751 2005 799 2054 aut
821 2000 930 2056 illicitas
978 1994 1078 2060 uinco,
1099 2008 1161 2050 cum
1172 1993 1296 2051 ecclesiis
1311 1993 1427 2065 aliisque
1451 1995 1532 2050 rebus
1548 1984 1602 2049 sibi
1619 1995 1773 2065 aspicienti-

139 2089 297 2145 occasiones
307 2089 495 2159 requirendas,
503 2089 558 2146 ullo
567 2104 685 2160 unquam
694 2098 815 2160 tempore
825 2091 929 2162 ingredi
978 2083 1046 2151 bus3
1075 2092 1104 2140 et
1120 2083 1192 2139 inira
1206 2098 1299 2139 muros
1317 2081 1466 2153 jamdictae
1487 2083 1771 2154 Lingouisabbatiam

137 2179 246 2246 sudent,
256 2178 299 2235 vel
310 2187 438 2237 exactare
451 2189 607 2251 prasumat.
621 2180 674 2237 Sed
687 2181 767 2236 liceat
778 2190 930 2239 memorato
981 2173 1011 2231 S·
1023 2174 1114 2242 ¹²0er
1129 2173 1251 2257 01111113
1274 2173 1398 2230 &tndem
1423 2172 1568 2264 civitatem·
1577 2175 1772 2230 monasterinm

138 2271 230 2328 abbati
239 2271 558 2341 suisquesuccessorihus
567 2271 869 2342 resprelatacllcclcsiae
878 2274 929 2331 sub
979 2273 1133 2322 sanctorum
1157 2263 1348 2332 Geminomm3
1374 2272 1402 2320 et
1415 2264 1442 2319 ln
1468 2265 1770 2332 commoriente,

138 2359 317 2415 immunitatis
337 2358 493 2416 detonsione
509 2362 601 2432 quieto
612 2363 722 2417 tramite
736 2363 888 2434 possidere,
901 2372 930 2420 et
979 2374 1041 2415 cum
1055 2358 1182 2415 omnihus
1199 2359 1252 2416 sibi
1268 2358 1495 2428 competentibus,
1515 2357 1775 2415 croatensem

138 2450 216 2508 nobis
226 2449 341 2506 ildelitcr
354 2450 502 2516 deservire,
514 2460 595 2521 atque
606 2466 657 2522 pro
671 2452 825 2508 'stabilitate
836 2462 929 2510 nostra
979 2450 1044 2524 quid
1068 2451 1197 2522 martyris
1211 2448 1331 2516 Christi,
1356 2464 1417 2520 quaa
1433 2449 1570 2521 quondam
1593 2449 1772 2520 quommtlam

138 2537 182 2594 vel
204 2539 286 2595 totius
303 2540 409 2610 imperii
435 2555 450 2594 a
468 2540 524 2596 lieo
541 2541 619 2597 nohis
634 2543 756 2599 concessi
771 2551 854 2615 atque
867 2559 931 2600 oon·
979 2541 1130 2613 principum
1144 2542 1285 2613 tyrannica
1299 2541 1483 2613 sacrilegaque
1493 2539 1672 2606 temeritate,
1696 2549 1773 2611 atque

141 2628 278 2694 sonandi,
291 2642 344 2684 una
357 2643 418 2685 cunt
431 2628 561 2686 iratribus
578 2631 645 2698 suis,
658 2631 765 2688 Domini
776 2634 929 2690 misericor·
979 2631 1073 2687 illicita
1083 2631 1294 2702 presumptione
1303 2631 1362 2687 sine
1375 2629 1570 2700 omnipotentis
1583 2628 1635 2684 Dei
1652 2639 1771 2700 respectu

139 2717 212 2774 diam
226 2733 351 2775 exorare.
378 2719 456 2776 Etut
482 2722 541 2777 haec
564 2723 735 2779 auctoritatis
757 2724 930 2780 confirmatio
979 2724 1133 2779 substracta
1145 2721 1256 2790 luisset;
1278 2723 1325 2779 sed
1335 2738 1385 2794 per
1394 2721 1519 2778 eumdem
1532 2721 1674 2778 decretum
1687 2724 1716 2779 in
1727 2739 1769 2779 ee

139 2806 244 2863 firmior
257 2823 289 2864 ac
306 2809 441 2866 mbustior
452 2809 594 2877 habeatur,
609 2818 637 2866 et
659 2812 693 2867 ab
707 2813 833 2868 unsuihus
844 2813 929 2870 tideli-
979 2811 1041 2869 dem
1053 2813 1279 2871 locorestitutaet
1291 2813 1449 2868 confirmata
1465 2829 1472 2865 ε
1487 2818 1515 2866 et
1530 2811 1557 2865 in
1569 2826 1642 2882 pago
1651 2811 1770 2868 blondo

138 2896 300 2954 bussanctu
311 2898 357 2954 liei
373 2898 500 2955 Ecclesiae
518 2907 547 2955 et
566 2901 666 2958 nostris
690 2901 846 2975 diligentius
868 2920 930 2961 con·
979 2921 1038 2962 rum
1052 2906 1249 2961 monasterium
1260 2905 1397 2960 &coense
1433 2902 1656 2975 subplenissima
1670 2920 1773 2976 semper

140 2997 274 3056 servetur,
288 3005 369 3045 manu
379 2991 488 3061 propria
500 2991 721 3062 subscripsimus,
737 3000 764 3048 et
781 2994 873 3050 annuli
883 3010 929 3051 no
979 2994 1135 3051 detonsione
1150 3002 1177 3050 et
1206 2995 1385 3065 immunitatis
1400 2994 1515 3049 tuitione
1545 2994 1718 3050 habnisscnt.
1733 2992 1771 3049 Oh

140 3082 188 3136 stri
203 3081 381 3152 impressione
394 3081 497 3152 signari
507 3081 648 3152 iussimus.
716 3078 720 3086 ’
942 3061 965 3124 C
981 3085 1139 3142 llrmitatem
1154 3066 1244 3141 umen
1262 3085 1300 3140 rei
1312 3084 1459 3158 postulavit
1470 3084 1619 3155 pradictus
1634 3086 1712 3141 lietto
1723 3086 1772 3155 epi·

175 3168 289 3239 Signum
301 3169 430 3227 Ludovici
447 3173 613 3229 serenissimi
629 3174 812 3244 imperatoris.
980 3190 1080 3246 scopus
1093 3184 1124 3231 ut
1133 3177 1290 3232 eorumdem
1302 3188 1395 3246 regum
1407 3173 1596 3238 auctoritates,
1609 3173 1647 3229 ob
1656 3188 1773 3230 amorem

175 3259 333 3316 llelisachar
343 3264 497 3333 recognovi.
981 3265 1029 3322 liei
1042 3274 1069 3323 et
1082 3266 1264 3323 reverentiam
1276 3266 1362 3321 sancti
1376 3264 1500 3320 llammae
1511 3266 1664 3336 martyris.
1683 3275 1772 3322 nostra

175 3349 301 3406 Datamu
312 3351 372 3407 llal.
385 3352 535 3424 Septemb„
550 3371 621 3413 anno
636 3358 726 3429 primo
744 3360 854 3416 Christo
865 3375 928 3429 pru·
981 3356 1204 3413 confirmaremus
1219 3357 1389 3413 auctoritate.
1416 3354 1498 3425 Cujus
1512 3357 1640 3425 petitioni
1663 3358 1774 3413 libenter

140 3441 207 3512 pitio
225 3441 330 3511 imperii
354 3445 456 3510 nostri,
479 3445 572 3502 indict.
601 3447 627 3502 l.
647 3448 745 3504 Actum
768 3448 930 3521 liquisqrani
981 3447 1177 3518 acquievimus,
1192 3458 1218 3504 et
1232 3450 1284 3504 boc
1305 3457 1470 3520 praeceptum
1486 3449 1659 3505 auctoritatis
1675 3460 1771 3505 nostra

140 3532 241 3604 palatio
254 3535 280 3589 in
296 3534 343 3591 Dei
357 3537 466 3594 nomine
478 3536 603 3596 leliciter.
625 3540 720 3597 Amen.
981 3539 1054 3595 circa
1068 3539 1156 3609 ipsum
1171 3540 1269 3605 locum,
1282 3554 1332 3610 pro
1348 3554 1441 3595 amore
1466 3540 1666 3610 omnipotentis
1680 3543 1728 3599 liei
1748 3555 1775 3597 ct

506 3645 571 3704 quq,
983 3628 1112 3687 S.larobi
1120 3631 1234 3700 apostoli
1248 3639 1274 3686 et
1288 3629 1506 3696 iratrisliumini‚
1516 3630 1774 3699 cariusbrachiumiu

283 3752 332 3792 „0
351 3753 473 3795 ,5770ss
492 3755 617 3797 mom
636 3757 802 3797 mmm„
982 3725 1096 3781 ecelesia
1109 3725 1137 3780 S.
1150 3724 1506 3788 llnmmetisconditumest‚
1521 3725 1579 3781 lieri
1598 3726 1774 3789 decrevimus,

447 3829 533 3900 (Anno
546 3830 620 3903 814.)
982 3831 1031 3885 per
1048 3817 1119 3885 quod
1136 3815 1264 3884 jubemus
1282 3822 1363 3885 atque
1391 3815 1565 3885 praecipimus
1578 3823 1610 3871 ut
1626 3816 1774 3872 nemohde

74 3914 77 3922 ’
143 3913 276 3984 [ppppp¹
295 3916 687 4003 30„q„0„‚pppp‚·p,3·pqp3
716 3923 931 3979 mmmm-ad
983 3906 1047 3961 lium
1062 3914 1228 3968 nostrorum,
1242 3905 1283 3959 vel
1300 3905 1414 3975 quilibet
1425 3918 1458 3958 ex
1468 3904 1617 3975 judiciaria
1630 3915 1773 3977 potestate,

248 3993 314 4040 tour.
329 3985 363 4043 ll
386 3988 481 4044 Gallim
494 3988 661 4057 Christano,
676 3992 729 4047 col.
746 3993 825 4065 lto]
983 3997 1011 4051 in
1024 3996 1153 4052 ccclesias
1164 4006 1211 4050 aut
1222 3996 1281 4051 loca
1298 3995 1341 4051 vel
1367 4011 1447 4067 agros
1464 4010 1512 4050 seu
1526 3996 1650 4066 reliquus
1674 4012 1776 4067 posses

178 4074 207 4128 ln
223 4076 332 4131 nomine
350 4077 456 4133 hurniui
483 4079 529 4135 liei
544 4088 572 4134 et
595 4081 744 4138 Salvatoris
759 4083 843 4138 nostri
867 4081 931 4138 lesu
983 4087 1084 4153 siones,
1096 4086 1152 4142 sive
1166 4101 1212 4142 eas
1227 4094 1290 4141 ante
1307 4085 1448 4157 praelatam
1473 4088 1683 4155 occupationem
1701 4087 1776 4143 Sara·

144 4162 416 4230 tilrristi,hudov·icus
433 4167 523 4222 divina
538 4169 683 4226 ordinante
696 4172 866 4241 providentia
879 4173 932 4227 im·
984 4192 1112 4234 cenomm
1134 4192 1149 4231 a
1165 4177 1316 4232 rectoribus
1342 4177 1427 4246 ipsius
1445 4176 1570 4232 ecclcsiae
1595 4193 1648 4247 per
1669 4177 1775 4248 prefata

143 4254 409 4324 1013101111111151115·
984 4277 1134 4325 stmmenta
1148 4270 1306 4324 chartarum
1321 4269 1445 4340 legaliter
1460 4284 1615 4339 possessas,
1630 4279 1659 4326 ct
1671 4287 1721 4340 pro
1731 4286 1774 4325 au·

180 4339 209 4395 Si
224 4344 408 4402 sacerdotibus
432 4347 459 4403 in
472 4349 637 4420 quibuslibet
663 4353 869 4410 necessitutibus
889 4370 933 4412 ec·
986 4363 1113 4417 ctoritate
1138 4361 1354 4417 confirmationis
1385 4369 1590 4418 antecessorum
1625 4356 1775 4418 nostrorum

142 4429 302 4490 clesiasticis
326 4445 419 4494 nostra
440 4442 600 4497 arrctorimte
622 4445 795 4502 sublevandis
816 4447 934 4503 consuli·
987 4466 1081 4521 regum
1095 4460 1189 4520 postea
1202 4450 1236 4505 ad
1247 4459 1352 4520 partem
1362 4450 1582 4522 ipsiusEcclesiac
1591 4452 1775 4521 confirmatas,

145 4536 217 4587 mus,
227 4531 255 4577 et
279 4525 314 4578 tul
338 4528 518 4586 ministerium
541 4549 619 4589 suum
638 4534 750 4592 liberius
784 4554 934 4609 exsequen·
988 4540 1056 4613 [aul]
1073 4541 1160 4597 nullas
1175 4540 1369 4597 redhibitiones
1380 4549 1427 4597 aut
1439 4541 1549 4595 illicitas
1563 4542 1776 4598 occasionesrc

144 4610 206 4665 dum
220 4626 298 4681 opem
313 4613 433 4682 ierimus,
447 4634 463 4672 a
477 4635 582 4676 summo
607 4623 735 4692 pontifice
754 4625 868 4682 Delmino
882 4645 932 4684 no
985 4631 1132 4702 quirendas
1150 4631 1293 4688 nostriset
1309 4630 1407 4687 suturis
1419 4633 1587 4702 temporibus
1614 4633 1720 4705 ingredi
1733 4648 1775 4686 au-

143 4709 201 4757 stro
213 4698 277 4758 lesu
297 4703 405 4762 Christo
418 4720 526 4765 aeterum
543 4716 768 4771 remunerationis
781 4717 873 4789 largiri
885 4734 933 4774 no-
985 4718 1058 4784 dcat,
1073 4719 1115 4774 vel
1130 4733 1160 4775 ea
1172 4734 1232 4789 qum
1243 4735 1324 4790 supra
1340 4729 1490 4775 memorata
1505 4729 1569 4776 sunt
1579 4723 1693 4792 exigere
1706 4721 1775 4792 pcrti-

144 4794 186 4851 bis
198 4797 308 4866 premia
326 4814 379 4854 uun
396 4801 566 4873 amlriqimus.
584 4803 684 4860 Notum
708 4806 744 4861 sit
756 4808 933 4878 igituromni·
985 4818 1030 4865 tus
1041 4820 1201 4881 praesumam
1218 4809 1265 4865 sed
1280 4811 1359 4867 liceat
1371 4819 1523 4867 memorato
1546 4814 1658 4882 pmcsull
1671 4814 1776 4881 sinisque

143 4885 194 4942 bus
207 4885 329 4943 fidelibus
343 4899 442 4945 sancte
453 4891 501 4946 liei
513 4892 640 4949 Ecclesiae
655 4903 682 4950 et
695 4898 806 4963 uostris,
815 4912 932 4968 praescn·
983 4900 1184 4956 successoribus
1197 4916 1241 4956 res
1254 4901 1390 4970 praedicas
1413 4902 1536 4958 ecclesiae
1550 4943 1558 4968 ,
1584 4890 1649 4958 curu
1676 4903 1777 4960 cellulis

144 4977 216 5034 tibus
229 4979 374 5038 scilicctet
397 4979 504 5048 suturis,
518 4985 579 5053 quia
596 4986 757 5043 venerabilis
769 4987 848 5051 Betto
873 4988 933 5045 Lin-
982 4990 1035 5047 sibi
1061 4990 1206 5060 subiectis,
1229 4993 1279 5047 suh
1299 4981 1479 5048 immunitatis
1504 5003 1607 5050 nostrae
1623 4995 1777 5052 defensione

143 5070 303 5139 cunensium
316 5070 391 5127 urhis
402 5073 544 5145 episcopus
558 5077 656 5132 obtulit
666 5078 744 5134 nohis
758 5082 934 5138 auctoritates
982 5080 1075 5151 quicto
1090 5082 1186 5137 ordine
1197 5082 1348 5153 possidere,
1362 5091 1389 5138 et
1402 5083 1481 5139 nohis
1492 5082 1610 5140 lidclitcr
1631 5086 1776 5150 deservire,

144 5169 346 5219 antecessorum
361 5173 515 5220 nestrorum
529 5158 632 5237 regrum}
646 5169 673 5223 in
688 5170 786 5239 quibus
802 5172 932 5227 inscrtum
983 5178 1064 5241 atque
1076 5186 1126 5240 pro
1143 5172 1291 5228 stabilitate
1304 5181 1396 5227 nostra
1407 5172 1448 5229 rel
1466 5174 1551 5229 totius
1565 5174 1675 5245 imperii
1691 5191 1706 5231 a
1727 5175 1778 5231 lieo

144 5251 295 5320 temnimus
322 5254 393 5324 quod
416 5256 479 5311 olim
509 5267 620 5328 propter
636 5261 838 5330 occupationem
853 5261 934 5317 Sara·
986 5262 1064 5317 nobis
1076 5262 1165 5319 collati
1177 5264 1218 5319 vel
1237 5265 1433 5331 conservandi,
1459 5279 1587 5320 unacum
1607 5266 1778 5338 cteroetpo

145 5355 287 5408 cernomnr,
301 5343 479 5402 instrumenta
499 5349 665 5416 chartarum,
679 5351 721 5406 vel
744 5353 825 5408 ctiam
840 5354 934 5409 irnmu·
986 5354 1049 5426 pulo
1061 5355 1111 5411 sibi
1135 5357 1275 5426 subjecto,
1299 5359 1346 5414 lici
1369 5358 1581 5415 {inisericordiam
1605 5377 1731 5418 exorare.
1747 5359 1777 5415 Et

145 5427 244 5483 nitates
258 5445 362 5501 regum,
377 5448 437 5504 qum
459 5435 556 5492 ibidem
571 5447 659 5503 erant,
683 5440 787 5510 perdita
802 5440 843 5495 vel
861 5441 935 5498 diru-
987 5445 1116 5515 quidquid
1132 5447 1230 5502 exinde
1246 5446 1328 5503 iiscus
1344 5457 1436 5504 noster
1449 5449 1558 5521 cripere
1583 5451 1675 5515 delmt,
1692 5453 1726 5508 ad
1739 5453 1776 5506 in·

144 5526 190 5585 pta
214 5517 336 5619 luissent,
355 5532 382 5578 et
399 5525 479 5581 iidem
495 5543 572 5600 reges
594 5547 641 5585 sua
666 5533 838 5597 auctrvritate,
854 5534 934 5589 misc·
987 5546 1092 5607 tegrum
1108 5539 1243 5608 praedictae
1256 5540 1379 5596 ecclesie
1397 5541 1583 5605 concedimus,
1596 5551 1627 5597 ut
1645 5543 1777 5614 prrprtnis

145 5608 225 5661 rorida
239 5611 334 5679 qratia,
352 5613 384 5667 ml
399 5629 493 5684 preces
504 5621 732 5689 prcctleccssorum
753 5639 863 5680 suorum
879 5627 937 5697 cp'·
988 5629 1153 5697 ternporihus
1166 5627 1266 5685 ibidem
1281 5632 1405 5702 proiciat
1419 5633 1446 5687 in
1461 5642 1649 5704 nvrgvnentunr.
1663 5638 1695 5693 lit
1710 5639 1775 5692 lraut
