3832 6120
131 260 202 319 ists

696 240 857 302 wuovtct
875 239 885 295 l
903 236 1137 295 COGNOMENTO
1156 236 1196 292 itt

1709 230 1777 287 titt

127 376 198 448 perti
212 371 303 429 domui
323 368 406 434 nostri
420 364 549 422 ludovici
568 361 683 434 piissimi
699 359 831 433 Augusti,
853 354 923 409 indi·
937 353 1053 413 Asnam
1072 361 1259 423 preceptum,
1281 353 1391 424 propria
1411 353 1516 409 seilicet
1541 366 1592 408 sua
1619 366 1705 408 mann
1732 369 1777 409 ro-

128 465 221 521 ctione
236 462 262 515 t.

167 554 263 608 Actum
276 547 440 620 hquisgrani
455 546 556 618 palatio
569 545 644 616 regio
658 545 684 599 in
698 544 746 598 liei
760 543 869 597 nomine
884 540 923 596 le-

130 642 229 699 liciter.
244 641 340 695 huten.

484 744 584 801 ccxii.

376 877 426 917 etio
445 877 533 915 banc!
553 876 687 916 ECCLESlh·

440 974 527 1040 (Anne
545 973 620 1043 8:56.)

384 1062 474 1135 [Apud
486 1064 593 1131 Baium,
608 1065 672 1119 ibid.

974 447 1111 511 boratum,
1125 455 1152 504 et
1167 447 1259 502 annuli
1267 447 1308 502 sui
1317 447 1495 516 impressione
1506 445 1661 516 signatum,
1677 444 1779 501 tuturis

974 537 1141 606 temporibus
1154 535 1217 604 jure
1231 537 1414 592 ecclesiastico
1431 536 1641 605 possidendum,
1660 545 1696 590 ut
1714 551 1778 591 rere

975 628 1045 695 quod
1056 626 1207 692 asserebat,
1216 626 1348 681 veraciter
1359 626 1437 681 nobis
1444 642 1495 696 per
1504 627 1598 680 omnia
1606 633 1778 696 patesceret,

975 719 1072 773 obtulit
1088 719 1228 774 obtutibus
1243 719 1393 790 majestatis
1414 726 1516 774 nostrae
1532 719 1663 789 quaedam
1678 719 1778 774 instro

977 816 1066 863 ments
1081 817 1236 863 sanctorum
1251 809 1369 879 propriis
1379 808 1630 879 subscriptionibus
1643 808 1775 872 lirmata,

977 907 1152 952 monumenta
1166 898 1293 954 videlicet
1304 899 1470 964 chartarum,
1494 908 1524 955 et
1538 899 1669 971 praedicti
1686 899 1777 955 domni

976 1093 1039 1133 nem
1050 1085 1131 1147 atque
1142 1079 1394 1147 supranominatum
1403 1089 1580 1150 praeceptum,
1593 1080 1779 1150 perqued,ut

169 1165 198 1221 ln
212 1165 322 1221 nomine
335 1165 444 1221 Oonrird
467 1166 516 1222 Oei
541 1177 569 1222 et
594 1166 745 1222 saluatoris
761 1167 848 1222 nostri
863 1166 927 1222 lesu
974 1169 1145 1241 jamdictum
1158 1177 1211 1233 est,
1227 1170 1414 1240 praescriptum
1432 1171 1551 1228 bnlsoiae
1573 1173 1778 1228 monasterinm

132 1258 256 1326 Christi,
280 1258 444 1326 ludovicus,
458 1260 549 1315 divina
563 1261 759 1331 repropitiante
770 1260 926 1322 clementia,

133 1351 282 1421 imperatur
296 1351 443 1420 Augustus.

169 1440 198 1496 Si
220 1443 396 1511 petitionibus
428 1445 599 1499 sacerdotum
633 1459 828 1514 servorumque
857 1443 925 1508 bet,

132 1531 213 1602 iustis
232 1542 259 1588 et
282 1534 459 1591 rationalibus
484 1537 710 1606 postulationibus
726 1553 776 1607 pro
797 1535 928 1606 quibusli-

976 1267 1134 1314 memoratae
1153 1259 1247 1313 matris
1268 1259 1390 1314 eeclesiae
1413 1260 1575 1316 solemniter
1598 1272 1628 1318 et
1653 1264 1781 1333 legaliter

977 1349 1678 1420 reddidit.insuperdetulituobisnonnuliaaliorum
1687 1373 1779 1429 regum

977 1449 1112 1511 praecepta
1128 1456 1181 1495 non
1199 1456 1285 1511 pauca
1300 1443 1527 1512 decessorumque
1556 1454 1723 1501 nostrorum
1739 1466 1781 1504 re-

979 1546 1042 1602 gum
1057 1531 1184 1586 videlieet
1201 1531 1386 1597 Francorum,
1402 1534 1520 1602 propriis
1537 1536 1673 1591 inanibus
1689 1553 1781 1593 corre

134 1629 180 1684 bet
192 1628 370 1684 ecclesiarum
380 1630 648 1688 sibieommissarum
662 1635 777 1704 negotiis
791 1643 818 1687 et
833 1648 928 1687 neces-
980 1626 1074 1680 boleti
1089 1665 1097 1689 t
1115 1630 1143 1678 et
1158 1623 1254 1694 sigillis
1276 1639 1372 1678 eorum
1400 1624 1493 1679 subter
1515 1625 1659 1696 sigillam
1686 1629 1782 1697 quitus

134 1716 260 1774 sitatibus
280 1735 375 1774 corum
388 1736 469 1776 aures
484 1733 594 1779 nostras
609 1724 725 1779 libenter
735 1727 889 1789 annuimus,
900 1735 928 1781 et
942 1692 964 1751 Β
979 1716 1108 1785 inspectis
1130 1723 1211 1784 atque
1231 1713 1338 1770 relectis
1355 1714 1495 1770 euidenter
1512 1716 1678 1771 ostenditur
1691 1720 1782 1786 predi

133 1819 181 1862 eas
203 1822 265 1860 curn
290 1809 338 1863 lici
361 1810 463 1865 auxilio
475 1812 507 1865 ad
525 1813 650 1867 ed'eetum
663 1815 849 1883 perducimus,
873 1829 926 1870 non

133 1897 222 1954 solutu
238 1899 340 1969 regiam
359 1906 387 1954 et
402 1900 608 1969 imperatoriam
635 1919 795 1960 exercemus
813 1921 928 1961 consue-

134 1986 276 2053 tudinem,
294 1989 343 2044 sed
363 1989 390 2043 id
409 1990 487 2046 nobis
513 1995 548 2047 ad
569 2004 677 2049 aeterum
702 1997 927 2052 remunerationis

132 2081 245 2151 proemia
271 2082 444 2152 percipienda
465 2084 635 2154 profuturum
660 2086 762 2155 liquido
781 2089 926 2143 credimos.

135 2171 239 2241 ideirco
250 2182 343 2229 notum
355 2190 416 2230 esse
432 2177 556 2232 volumus
567 2178 674 2233 cunctis
690 2179 814 2234 lideiibus
827 2187 928 2235 sancte

134 2263 182 2319 liei
197 2264 320 2320 ecclesie
338 2274 366 2320 et
389 2269 511 2331 nostris,
528 2270 707 2338 praesentibus
722 2271 826 2326 scilicet
847 2280 876 2326 et
891 2271 929 2325 lu-

135 2357 223 2418 turis,
245 2349 374 2426 quoniam
406 2359 501 2414 adiens
529 2361 705 2416 serenitatem
728 2371 850 2416 nostram
879 2363 928 2416 ili·

135 2446 228 2503 drictts
240 2447 403 2503 venerabilis
419 2448 607 2504 Cenomauicae
623 2450 700 2506 urbis
720 2453 863 2523 episeopus
886 2454 928 2508 in·

979 1815 1053 1863 ctum
1060 1806 1255 1862 monasterium
1261 1806 1330 1877 juris
1341 1807 1491 1876 saepedictae
1502 1808 1579 1865 sedis
1590 1807 1781 1866 Cenomanicae

981 1901 1032 1956 sibi
1045 1900 1309 1965 commissaeesse,et
1322 1900 1349 1954 iu
1363 1900 1448 1970 ipsius
1460 1899 1657 1957 dominatione
1668 1900 1733 1970 jure
1743 1902 1781 1956 lir-

980 1989 1103 2044 missimo
1117 1987 1218 2044 debere
1233 1989 1389 2059 persistere,
1404 2003 1457 2058 qua
1473 1989 1506 2045 dc
1526 2005 1558 2045 re
1575 1989 1723 2046 humiliter
1736 1992 1780 2047 im·

979 2080 1091 2152 plorans
1101 2089 1221 2136 nostram
1232 2079 1403 2135 clementiam
1414 2089 1444 2135 ut
1454 2080 1529 2151 quod
1541 2090 1597 2136 tarn
1609 2083 1782 2138 evidentibus

980 2171 1090 2227 indiciis
1103 2171 1274 2236 declaratur,
1288 2177 1381 2225 nostra
1402 2186 1510 2242 quoque
1533 2172 1711 2237 assensione,
1728 2174 1780 2228 into

979 2262 1142 2319 auctoritate
1165 2261 1360 2316 declararetur.
1385 2260 1450 2329 Ouae
1468 2263 1506 2317 ila
1522 2262 1663 2333 liquidius
1688 2278 1783 2335 cogno

981 2359 1099 2416 scentes,
1117 2350 1212 2422 eisquc
1226 2351 1261 2407 ob
1275 2366 1395 2406 amorem
1415 2351 1464 2406 liei
1479 2360 1508 2407 et
1535 2352 1666 2422 ejusdem
1686 2365 1784 2409 sancte

981 2444 1056 2501 sedis
1074 2443 1256 2498 reverentiam
1271 2440 1392 2497 iasorcm
1408 2442 1492 2498 nostri
1504 2443 1641 2499 culminis
1657 2445 1783 2501 adbibere

135 2535 224 2590 notuit
246 2536 325 2591 nobis
338 2539 410 2606 quod
426 2538 621 2594 monasterium
633 2541 751 2596 Anisoiae
764 2543 845 2597 situm
859 2542 929 2597 inira
980 2533 1093 2604 dignum
1110 2532 1275 2603 iudicantes,
1291 2534 1362 2588 hane
1375 2534 1548 2591 auctoritatis
1563 2545 1671 2593 nostra·
1684 2552 1782 2607 prece·

135 2628 267 2684 terminos
290 2629 425 2698 parochias
441 2644 507 2696 sum,
527 2631 554 2684 in
568 2645 623 2700 quo
643 2633 725 2687 etiam
746 2641 857 2690 sauctus
879 2634 932 2690 ua»
980 2630 1101 2702 ptionem
1116 2611 1172 2682 sffis
1183 2643 1232 2699 per
1247 2637 1367 2696 tempora
1383 2628 1592 2686 successoribus
1608 2628 1672 2686 lieri
1683 2647 1716 2687 ae
1729 2632 1783 2686 dari

136 2717 258 2788 rilepbus
274 2733 389 2789 corpore
405 2721 560 2790 requiescit,
574 2738 589 2777 a
601 2720 658 2790 jani
675 2723 748 2779 dicto
763 2725 862 2780 domno
875 2725 928 2781 Ca·
976 2720 1120 2793 iussimus,
1140 2735 1189 2790 per
1203 2736 1284 2791 quam
1296 2721 1466 2776 decernimus
1487 2730 1575 2792 atque
1596 2724 1741 2780 sancimus
1757 2731 1784 2778 ut

136 2809 241 2880 rilepbo
251 2812 416 2867 conoedente
427 2821 509 2883 atque
520 2816 663 2871 ordinante
676 2810 930 2874 domnolenocente
981 2802 1162 2872 memoratum
1177 2819 1372 2869 monasterium
1386 2812 1505 2868 tntsoiae
1528 2813 1607 2884 qued
1628 2814 1783 2886 aliquandiu

136 2903 301 2973 praeseriptae
313 2903 665 2977 urbisquondamepiscopo
679 2909 804 2964 derebus
820 2918 874 2963 tam
888 2910 930 2964 sui
982 2905 1016 2962 sb
1030 2921 1124 2961 eorum
1134 2903 1197 2973 jure
1211 2913 1238 2958 et
1254 2901 1357 2958 ditione
1371 2904 1543 2959 subtractum
1566 2903 1676 2969 luerat,
1688 2907 1783 2961 abhinc

136 2992 266 3061 episcopii
283 3008 365 3063 quant
385 3003 414 3049 et
426 2996 459 3050 de
472 2994 552 3050 rebus
563 2997 677 3052 aliorum
692 2998 825 3053 bonorum
842 3000 930 3054 homi-
983 3000 1010 3054 in
1025 3007 1163 3069 posterum
1177 2995 1295 3052 habeant
1305 3004 1331 3049 et
1339 2994 1552 3065 possideant;ut
1561 2995 1700 3067 quidquid
1712 3012 1782 3051 more

137 3099 203 3139 num
217 3093 273 3139 mm
286 3101 380 3156 regum
397 3102 479 3157 quam
498 3098 526 3143 et
540 3088 654 3143 aliorum
669 3089 797 3145 nobilium
808 3092 928 3146 virorum
943 3048 965 3110 C
981 3089 1168 3147 ecclesiastico
1181 3088 1214 3144 de
1227 3103 1261 3143 co
1273 3087 1415 3158 disponere
1429 3086 1588 3151 soluerint,
1602 3087 1721 3144 liberam
1735 3089 1782 3144 ba·

137 3184 288 3233 memorato
302 3180 401 3235 domim
423 3180 568 3252 Carilcplro
590 3183 718 3250 traditis,
734 3201 802 3256 quas
822 3195 851 3242 et
872 3188 930 3258 ipse
979 3183 1062 3238 beant
1074 3186 1245 3252 potestatem,
1263 3193 1351 3249 neque
1361 3178 1415 3233 ullo
1426 3178 1557 3248 deinceps
1569 3185 1701 3248 tempore
1714 3180 1781 3250 aju-

137 3278 232 3340 postca
247 3283 296 3339 per
313 3273 492 3328 instrumenta
515 3277 671 3331 chartarum
687 3285 715 3331 et
727 3294 777 3348 per
791 3280 929 3335 licentiam
981 3288 1010 3328 re
1029 3271 1196 3343 prescriptae
1215 3269 1287 3324 sedis
1301 3266 1412 3337 ejusque
1433 3276 1574 3324 rectorum
1600 3268 1729 3339 qualibet
1746 3285 1785 3325 oe-

137 3361 195 3416 sire
212 3361 374 3430 permissum
396 3370 478 3432 atque
491 3379 652 3421 eonsensum
671 3367 837 3426 childeberti
857 3374 930 3441 regis
981 3363 1091 3419 cislfflle
1104 3371 1152 3416 alit
1164 3360 1292 3416 ll0¹0¹¹tltt
1305 3368 1474 3431 segregetur,
1486 3361 1537 3416 sed
1547 3376 1664 3432 temper
1676 3363 1704 3417 in
1718 3361 1786 3416 illius

139 3452 304 3507 Francorum
317 3453 352 3507 ad
365 3461 478 3509 matrem
500 3463 528 3509 et
542 3456 660 3513 civitatis
676 3459 820 3514 ecelesiam
835 3500 842 3526 ,
870 3477 930 3530 quae
982 3463 1175 3523 rectorumque
1197 3453 1256 3523 ejus
1269 3461 1403 3521 potestate
1414 3459 1442 3507 et
1455 3449 1643 3521 dispositione
1654 3461 1685 3508 et
1696 3451 1786 3509 solun·

138 3552 181 3602 est
195 3552 352 3600 constructa
368 3545 394 3600 in
408 3546 511 3602 honore
527 3560 626 3605 sancia)
648 3549 739 3606 Martae
757 3553 805 3609 pei
819 3554 931 3624 genius.
980 3552 1036 3601 tate
1047 3546 1080 3600 ad
1089 3544 1211 3599 divinum
1222 3543 1323 3598 cultum
1331 3542 1491 3613 propensius
1501 3545 1714 3614 exsequendum
1726 3561 1786 3601 cusu

138 3637 219 3692 ciset
233 3644 391 3692 sanctorum
409 3646 559 3710 martyrum
585 3639 708 3697 Gcrvasii
735 3652 762 3698 et
791 3643 928 3710 Protasii,
981 3635 1107 3691 omnibus
1119 3633 1154 3689 ad
1173 3648 1202 3688 se
1225 3633 1426 3702 pertinentibus
1439 3632 1621 3703 integerrime
1632 3633 1788 3689 sincerissi-

139 3727 258 3784 instante
272 3736 299 3784 et
313 3728 493 3786 confirmante
518 3729 595 3799 jusso
620 3734 742 3802 praelieti
763 3734 930 3791 childeberti
982 3739 1079 3795 ineque
1096 3732 1227 3794 lissllt⁰¹t¹⁰
1244 3722 1387 3778 wsssislii·
1411 3722 1445 3777 Εῑ
1457 3730 1488 3776 ¹¹⁸
1507 3723 1568 3778 haec
1580 3733 1684 3779 ⁰⁰⁵²OE
1697 3725 1788 3779 reddi-

139 3820 212 3889 regis
227 3818 392 3874 franeorum
404 3861 411 3886 ‚
425 3830 454 3875 ct
476 3822 587 3877 tradidit
600 3831 681 3893 atquc
697 3827 828 3882 canonice
844 3836 872 3883 er
893 3829 931 3885 ιθ.
981 3815 1064 3871 ticnis
1077 3815 1228 3871 auctoritas
1241 3812 1422 3869 inviolabilem
1440 3822 1469 3868 et
1481 3813 1684 3870 inconvulsam
1697 3831 1789 3886 perpe

139 3908 236 3980 goliter
268 3908 454 3974 coniirmasit,
483 3911 510 3964 in
539 3913 638 3981 quibus
665 3915 745 3970 rebus
770 3917 930 3986 praedictum
982 3912 1109 3974 luantque
1131 3903 1254 3960 ⁰llst¹i⁰³⁸
1269 3902 1437 3968 firmitatem,
1454 3918 1540 3957 ΜΝ
1556 3905 1677 3976 propria
1699 3906 1791 3962 subiti

140 4002 336 4056 monasterium
360 4002 501 4058 fundatum
529 4020 544 4058 a
566 4003 622 4073 jam
648 4007 728 4063 dietis
745 4011 847 4066 sanetis
865 4013 931 4068 viris
982 3996 1169 4060 mimium&
1187 4004 1215 4052 θῑ
1229 3995 1322 4051 annuli
1340 3995 1428 4050 1¹⁰tlsi
1442 3995 1633 4065 impiissime
1656 3998 1791 4069 ²⁸³58¹¹²fi

140 4099 222 4160 atque
235 4102 423 4147 constructum
436 4101 487 4158 est,
500 4103 528 4149 et
545 4096 708 4164 apraedietae
730 4100 802 4155 sedis
821 4100 931 4171 pontid·
979 4087 1120 4158 iussimus·

140 4181 219 4236 cibus
233 4182 365 4237 canonice
376 4182 535 4254 legibusque
548 4185 627 4256 lungo
640 4195 762 4257 tempore
773 4205 928 4259 possessum
1019 4181 1131 4252 Signum
1144 4180 1275 4235 Ludollti
1291 4177 1407 4250 piissimi
1420 4177 1616 4250 imperatoris·

141 4279 224 4340 atque
249 4273 416 4327 dominatum
429 4314 436 4338 ,
451 4275 498 4329 sed
511 4274 672 4343 quibusdam
688 4279 930 4339 intervenientibus
1019 4270 1387 4327 llirmimnarusnotariusad
1400 4269 1485 4324 sicem
1501 4269 1635 4342 lingonis
1649 4277 1795 4347 reeoguori

141 4365 232 4421 causis
248 4365 417 4434 postmodum
442 4381 457 4420 a
472 4364 533 4434 jure
552 4367 670 4435 praelatae
693 4372 788 4427 matris
807 4374 931 4430 eeclesia
944 4390 970 4451 D
983 4374 1011 4421 et
1024 4364 1183 4433 subscripsi·

142 4456 310 4512 subtractum
332 4463 361 4508 et
376 4455 467 4525 aliquo
490 4465 612 4527 tempore
637 4458 737 4530 injuste
763 4463 848 4518 tuisse
865 4464 930 4520 2110.
1018 4456 1129 4511 batam
1140 4454 1202 4509 idus
1218 4452 1368 4522 Septemb,
1383 4453 1595 4518 anno,Cbristo
1609 4461 1750 4532 propitio,
1763 4462 1797 4518 25

142 4554 246 4601 natum.
263 4544 317 4600 Sed
330 4544 509 4612 haecomnia,
535 4557 565 4603 ut
579 4551 657 4606 nubis
670 4568 685 4605 a
701 4552 825 4621 Orogonc
848 4555 933 4612 tratre
982 4548 1090 4617 imperii
1105 4546 1195 4603 d01nnl
1208 4544 1338 4599 Lutlovici
1351 4544 1465 4614 piissimi
1476 4545 1606 4619 Augusti
1620 4591 1631 4617 ,
1646 4553 1797 4610 indictione

142 4644 171 4690 et
207 4636 423 4706 archicapellano
451 4648 545 4695 nostro
573 4653 600 4695 et
625 4658 640 4697 a
668 4645 780 4715 reliquis
809 4646 932 4704 lidelibus
981 4640 1078 4709 prima.

143 4727 233 4783 missis
254 4729 374 4793 uostris,
391 4730 554 4800 quibushoc
569 4733 774 4806 investigasset
790 4738 934 4808 diligenter
1016 4733 1113 4784 Actum
1125 4726 1262 4784 &tisiam
1274 4725 1461 4797 palatio'reglo
1480 4726 1508 4781 3¹¹
1534 4729 1587 4785 ⁰05
1607 4736 1729 4794 nomine
1743 4736 1802 4792 ῐῶ·

144 4822 283 4889 inquirere
297 4824 485 4893 precepimus,
499 4827 631 4881 veraciter
647 4830 829 4883 renuntiatum
845 4839 888 4886 est
905 4840 933 4886 et
983 4819 1061 4876 titel·
1077 4817 1177 4875 Amen·

144 4915 252 4984 scriptis
265 4914 468 4971 maniiestatum
489 4933 504 4971 a
524 4917 603 4974 bonae
627 4923 764 4976 memorie
783 4923 882 4978 domno
906 4933 934 4979 et

144 5009 266 5081 genitore
279 5007 477 5062 nostroCarolo
488 5009 683 5081 gloriosissimo
693 5029 756 5085 rege
768 5014 932 5071 Francorum
1108 5036 1158 5075 nno
1176 5034 1290 5075 tuuntco
1308 5034 1491 5075 ceuouausust
1517 5038 1670 5084 criscoro.

145 5104 180 5160 ad
200 5104 334 5173 liquidum
348 5103 413 5157 olim
427 5101 510 5158 luisse
524 5113 578 5157 tam
592 5119 640 5175 per
654 5121 683 5159 se
703 5122 783 5175 quam
796 5122 846 5177 per
868 5109 933 5164 lide·
1297 5109 1384 5183 (dano
1398 5111 1473 5182 856.)

144 5196 263 5254 tissimus
274 5197 622 5266 missossuosperscrutata
634 5207 661 5252 et
675 5199 935 5268 diligenterinsesti·
987 5203 1155 5272 l'rioilegium
1173 5208 1282 5254 monete
1301 5201 1325 5254 ei
1348 5200 1455 5271 ejusque
1471 5212 1688 5266 successoribus
1706 5230 1798 5268 concr-

146 5299 229 5361 gata,
246 5297 273 5343 et
287 5297 348 5360 post
362 5290 401 5343 rei
420 5289 562 5344 reritatem
586 5291 720 5346 veraciter
745 5292 933 5364 investigatam
1336 5271 1418 5325 dms·
1455 5362 1460 5372 Ι

145 5382 314 5452 pleniterque
337 5395 386 5452 per
398 5381 489 5436 ornnia
504 5382 639 5451 cognitam
654 5383 687 5437 ad
702 5380 748 5451 jus
766 5394 794 5439 et
813 5387 935 5441 domina·
1234 5360 1320 5431 [Apud
1336 5360 1440 5426 Bm*
1452 5361 1535 5436 'Ml

148 5472 248 5527 tionem
271 5473 435 5544 praescriptae
460 5473 647 5529 cenomanice
681 5477 777 5531 stratris
812 5478 934 5533 ecclesio
1021 5472 1296 5528 luttomiucliomini
1321 5471 1368 5528 liei
1392 5483 1421 5529 et
1441 5474 1715 5540 Salsatnrisnostri
1734 5486 1797 5541 issu

147 5560 280 5618 Franconi
303 5562 423 5631 ejusdem
446 5563 567 5619 eeclesias
590 5568 716 5636 episcopo
741 5566 858 5622 llnisohn
878 5585 934 5622 ino
984 5564 1100 5628 Christi,
1116 5562 1279 5630 Ludovieus,
1301 5564 1392 5620 divina
1409 5569 1616 5639 repropitiante
1632 5576 1795 5643 clementia,

149 5653 296 5707 hasterium
318 5653 448 5710 cattotsiee
468 5663 496 5710 et
518 5654 641 5726 legaliter
663 5656 817 5722 redditum,
835 5665 861 5711 st
887 5674 934 5724 per
986 5661 1130 5721 imperator
1144 5659 1290 5723 iltsgtrstus.

1320 4906 1430 4963 ccxdt.
