3832 6120
175 328 231 388 838
656 333 686 387 S.
706 329 879 389 AGOBARDI
897 330 1050 388 EPlSCOPl
1070 331 1313 391 tntcotttbb'sts
1658 340 1668 361 ⁹
1763 344 1816 399 338

178 452 216 505 ris
240 463 295 505 uon
317 449 504 515 succumbens,
521 450 558 505 ita
583 452 709 507 resistcre
729 452 809 507 debet
832 440 908 507 avanae
936 466 968 506 ae
982 454 1006 513 Α
1020 465 1100 519 quam
1126 466 1170 506 res
1188 467 1248 522 quac
1272 453 1387 517 enititur,
1416 453 1524 523 poenalc
1550 453 1616 509 dicit
1639 468 1701 511 esse
1723 474 1818 528 poem.

175 539 263 594 noxia
281 539 453 595 delectationi
476 540 594 607 aurium,
618 542 688 597 sicut
703 551 731 597 et
746 542 970 598 delectationibus
1022 549 1087 604 tuni,
1103 541 1140 594 ita
1156 549 1185 595 ut
1200 542 1295 597 meiius
1309 543 1344 597 sit
1358 559 1409 596 non
1423 544 1517 598 audire
1535 553 1708 616 constantem,
1725 552 1819 622 utique

176 647 303 687 sensuum
328 608 502 701 caeterorum,
525 634 600 689 visus
622 635 760 701 videlicet,
788 642 815 690 et
843 634 968 699 ollactus,
1021 630 1143 686 incanto
1168 639 1196 686 et
1211 634 1367 702 sonisquos
1388 632 1478 687 divina
1498 634 1605 704 eloquia
1628 638 1768 708 animant,
1788 659 1821 701 ac

175 732 287 794 gustus,
308 732 336 780 et
354 732 459 792 taetus,
485 740 601 797 quorum
615 725 865 797 perturbationibus
879 727 969 780 anima
1020 721 1176 787 ririiicaut3
1203 730 1235 777 ut
1257 725 1313 778 rita
1339 731 1469 779 cantuum
1495 738 1527 778 ac
1550 739 1678 783 sonorum
1704 729 1732 785 in
1757 747 1821 789 scu-

174 825 417 888 praegravandum
439 819 554 889 capitur.
571 817 709 886 Quantum
722 820 838 889 denique
852 819 971 874 obteru-
1022 814 1114 869 tentiis
1134 814 1170 869 sit
1194 814 1347 868 divinorum
1368 814 1549 884 eloquiorum.
1572 814 1725 886 Caeterum,
1746 824 1769 878 si
1792 825 1821 879 in

175 908 266 964 tiones
287 908 393 963 aurium
414 908 544 964 virtutem
571 909 670 964 mentis
692 918 834 973 enervent,
855 913 971 962 testatur
1022 900 1117 956 diebus
1142 902 1200 957 suis
1222 903 1344 958 audisset
1368 902 1475 971 aliquos
1501 918 1555 957 non
1579 905 1612 959 de
1638 906 1739 965 divinis
1762 912 1820 966 clo·

175 1000 304 1071 prelatus
316 1002 421 1066 doctor,
440 1001 487 1071 qui
506 1001 545 1055 ait
568 1017 575 1055 ε
603 999 746 1056 «Auditus
760 1001 837 1055 vario
852 1014 971 1070 organo·
1021 999 1110 1067 epuiis,
1131 1001 1177 1056 scd
1201 1001 1234 1055 dc
1258 1001 1383 1056 humanis
1405 1002 1643 1059 adinventionibus
1666 1015 1818 1072 cantantes,

177 1106 237 1145 rum
253 1099 350 1156 cantu,
366 1099 393 1146 ct
411 1105 508 1146 recum
529 1089 722 1147 inflexionibus
745 1090 884 1157 delinitur,
903 1091 970 1147 ctin
1022 1092 1142 1162 nunquid
1172 1109 1226 1148 non
1250 1101 1429 1148 mortuorunt
1447 1094 1508 1149 sine
1528 1095 1583 1149 riu
1602 1096 1684 1151 talem
1708 1107 1820 1153 cantum

175 1186 296 1241 carmine
316 1194 458 1258 poetarum
480 1195 509 1241 et
528 1187 743 1253 comediarum,
770 1188 972 1258 mimorumque
1017 1182 1173 1252 judicaret?
1821 1184 1827 1193 ’

175 1276 388 1343 urbanitatibus,
402 1284 432 1332 ct
445 1277 575 1347 strophis,
589 1285 618 1334 et
630 1278 762 1349 quidquid
774 1293 825 1349 per
838 1295 919 1335 aures
934 1279 972 1334 in·
1059 1275 1117 1332 lill.
1136 1278 1237 1334 ilerum
1252 1279 1315 1348 quia
1330 1291 1343 1319 ⁸
1359 1277 1482 1349 Gregorii
1501 1279 1623 1348 praesulis
1637 1295 1736 1336 nomen
1753 1282 1820 1336 titu-

175 1366 277 1424 troicus
288 1367 446 1423 virilitatem
458 1368 558 1423 mentis
572 1367 721 1425 effeminat.
739 1389 749 1423 e
799 1440 802 1445 ἢ
1023 1366 1065 1422 lus
1077 1365 1183 1438 praelati
1198 1366 1280 1421 libelli
1295 1367 1484 1438 praetenditet
1494 1367 1558 1424 binc
1572 1369 1699 1438 opinione
1713 1381 1821 1443 sumpta

208 1456 277 1513 xiil.
299 1457 353 1514 Sed
367 1467 396 1514 et
417 1458 515 1514 beatus
531 1469 636 1532 martyr
647 1458 801 1532 Cyprianus
821 1460 919 1535 (Serm.
940 1461 972 1516 de
1022 1465 1120 1527 putant
1138 1472 1201 1512 eum
1216 1457 1356 1526 quidama
1376 1458 1455 1513 beato
1469 1457 1600 1528 Gregorio
1612 1459 1736 1516 Romano
1749 1478 1820 1533 pon-

175 1549 230 1604 aelo
241 1561 265 1604 et
279 1549 371 1620 liuore)
386 1550 469 1606 simili
483 1550 564 1606 modo
577 1551 652 1618 dicit,
668 1566 807 1622 exponens
819 1552 885 1608 illud
897 1551 971 1623 Apo-
1023 1548 1095 1604 tiitce
1108 1560 1135 1604 et
1148 1548 1332 1604 illustrissimo
1348 1549 1457 1604 doctore
1470 1550 1667 1619 compositum
1680 1552 1822 1608 rideamus

174 1642 247 1707 stoli,
272 1641 446 1696 deuersoriae
470 1651 556 1698 vester
576 1643 699 1698 diabolus
719 1653 844 1716 tauquam
864 1644 904 1698 leo
927 1662 972 1698 ru·
1023 1640 1095 1708 quod
1118 1647 1228 1694 sauctus
1242 1637 1287 1694 illc
1299 1640 1343 1694 vir
1363 1640 1396 1694 de
1413 1648 1494 1694 cantu
1509 1640 1696 1697 ecclesiastico
1710 1644 1822 1699 ordina-

174 1734 258 1804 piene,
273 1733 366 1788 circuit
376 1749 495 1805 querens
504 1749 581 1805 quent
594 1734 709 1789 deuoret.
723 1735 769 1790 nit
781 1750 846 1806 ergo
863 1754 868 1788 :
888 1733 971 1791 ‹Gir·
1023 1731 1102 1795 terit,
1125 1730 1166 1786 sel
1190 1730 1255 1801 quid
1277 1731 1336 1802 ejus
1358 1739 1479 1801 tempore
1496 1731 1617 1788 Romana
1631 1734 1753 1791 Ecclesia
1773 1737 1821 1791 dc.-

174 1826 231 1881 cuit
252 1825 297 1881 ille
312 1841 362 1881 uos
376 1823 506 1896 singulos,
522 1833 551 1881 et
565 1833 693 1896 tanquam
708 1825 795 1882 bostis
808 1826 914 1882 clausos
925 1827 974 1882 ob·
987 1830 1010 1890 B
1024 1823 1150 1877 eantarit.
1174 1821 1220 1877 att
1233 1821 1313 1893 igitur
1328 1822 1356 1876 in
1369 1822 1491 1878 Decretis
1504 1824 1560 1878 suis
1580 1825 1650 1897 (Lib.
1669 1843 1708 1892 rr,
1723 1827 1820 1884 indict.

174 1917 282 1984 sidens,
299 1930 392 1972 muros
406 1916 548 1986 explorat,
565 1924 593 1971 et
605 1923 738 1972 tentatan
754 1917 790 1972 sit
801 1932 865 1987 pars
878 1917 970 1988 aliqua
1023 1916 1068 1981 ib,
1091 1915 1171 1985 epist.
1191 1913 1237 1986 il)
1256 1933 1262 1968 ε
1285 1932 1294 1965 r
1312 1913 1341 1968 lu
1356 1922 1449 1970 sancta
1470 1915 1522 1971 bac
1542 1917 1664 1973 llomana
1687 1919 1820 1987 Ecclesia,

175 2008 360 2065 membrorum
383 2008 474 2063 minus
495 2007 602 2063 stabilis
627 2014 654 2062 et
685 2007 774 2063 miuus
803 2006 867 2073 Dda,
893 2005 970 2076 ceritas
1022 2007 1065 2062 cui
1091 2007 1182 2062 diviua
1206 2006 1379 2076 dispensatio.
1395 2021 1513 2077 praeesse
1531 2024 1575 2064 mc
1597 2009 1692 2075 voluit,
1716 2012 1821 2067 dudum

175 2101 249 2157 aditu
271 2100 305 2155 ad
322 2099 453 2155 interiora
470 2106 639 2172 penetretur.
662 2097 747 2155 ouen
767 2098 854 2155 oculis
869 2097 971 2155 formas
1022 2095 1189 2152 consuetudo
1206 2106 1248 2152 est
1263 2096 1338 2152 ratus
1354 2097 1578 2168 reprehensibilis
1591 2109 1696 2166 exorta,
1716 2110 1746 2157 ut
1760 2104 1822 2174 qui·

176 2190 263 2247 illices
276 2198 305 2245 et
318 2187 415 2246 faciles
427 2188 591 2259 voluptates,
605 2196 636 2243 ut
648 2188 706 2258 viso
722 2190 844 2245 destruat
858 2189 971 2245 castita·
1022 2189 1084 2244 daut
1099 2188 1133 2244 ad
1147 2190 1218 2244 sacri
1233 2188 1327 2245 altaris
1340 2190 1521 2247 ministerium
1534 2201 1660 2247 cantores
1672 2193 1819 2264 eligantur,

171 2281 339 2337 temburcs
350 2293 540 2352 percanoram
556 2280 832 2344 musicamtcntat,ut
845 2279 972 2334 sonidul-
1022 2292 1049 2339 et
1064 2283 1090 2338 in
1104 2283 1263 2338 diaconatus
1275 2283 1371 2337 ordine
1386 2284 1526 2338 constituti
1546 2283 1725 2339 modulationi
1745 2286 1822 2340 vocis

174 2377 258 2433 eioris
266 2377 359 2432 auditu
368 2375 456 2432 soluat
468 2383 495 2430 et
507 2374 612 2431 molliat
619 2374 944 2446 Christianumrigorcm.
958 2394 968 2426 r
1022 2357 1181 2439 inserviant,
1192 2387 1260 2443 quos
1272 2373 1306 2427 ari
1320 2372 1522 2442 predicationis
1535 2373 1652 2428 officium
1667 2373 1819 2446 elecmosy-

211 2467 282 2524 xlv.
303 2465 380 2535 Quod
402 2474 430 2521 et
447 2466 546 2523 beatus
561 2465 729 2538 Augustinus
743 2466 777 2521 ad
792 2465 972 2521 tentationem
1023 2478 1173 2534 uarumque
1187 2464 1306 2519 studium
1320 2480 1417 2520 raeare
1429 2465 1607 2535 congruebat.
1623 2465 1700 2521 Unde
1719 2465 1750 2520 sit
1763 2466 1821 2537 ple

175 2557 276 2613 diaboli
296 2556 450 2626 intelligens
462 2556 617 2627 pertinere,
632 2557 660 2611 in
673 2556 750 2612 libris
765 2555 971 2613 Gouiessionum
1023 2569 1154 2626 rumque,
1177 2561 1208 2609 ut
1231 2555 1265 2610 ad
1287 2570 1396 2610 sacrum
1414 2556 1611 2621 ministerium,
1635 2557 1699 2611 dum
1716 2556 1819 2612 blanda

175 2663 286 2704 suarum
298 2646 369 2718 (Lib.
384 2664 413 2714 x,
428 2661 488 2718 cap.
505 2648 552 2719 tt)
563 2646 620 2703 Deo
637 2648 739 2719 gratias
755 2646 841 2702 reiert
854 2647 926 2717 quod
938 2648 972 2703 ab
1022 2660 1075 2699 vox
1097 2643 1248 2714 quaeritur,
1274 2647 1358 2713 quacri
1380 2661 1500 2717 congrua
1523 2648 1579 2701 rita
1604 2648 1767 2720 negligatur,
1793 2659 1823 2703 ct

175 2739 227 2796 boc
237 2739 305 2794 ritio
316 2738 449 2795 liberatus
463 2739 510 2794 sit.
527 2738 724 2810 «Voluptates,
747 2739 845 2810 inquit,
865 2739 971 2794 aurium
1023 2746 1119 2793 cantor
1131 2737 1255 2793 minister
1270 2738 1377 2794 Domini
1393 2741 1514 2796 moribus
1529 2741 1668 2807 stimulet,
1691 2757 1755 2796 cum
1772 2758 1822 2812 po-

174 2829 301 2885 teuacius
314 2843 359 2886 me
374 2828 596 2899 implicaverant,
617 2836 645 2885 et
665 2828 898 2900 subjugaverant3
924 2830 973 2884 sed
1023 2827 1116 2897 pulum
1130 2827 1243 2883 vocibus
1256 2827 1380 2884 delectat.
1403 2829 1461 2898 Qua
1481 2830 1515 2885 de
1529 2847 1559 2886 re
1570 2833 1695 2902 presenti
1709 2833 1821 2889 decreto

175 2921 354 2978 resolvisti-et
365 2920 488 2978 liberasti
504 2937 558 2977 mc.
581 2920 658 2977 Nunc
669 2921 701 2976 iu
718 2920 811 2988 souis,
830 2936 898 2992 quos
912 2921 972 2977 ani·
1024 2919 1179 2985 constituo,
1198 2927 1228 2974 ut
1242 2918 1346 2975 insede
1361 2920 1411 2974 bac
1425 2921 1496 2976 sacri
1510 2921 1604 2977 altaris
1624 2922 1741 2978 ministri
1755 2940 1821 2980 eau-

176 3020 253 3070 maut
272 3012 380 3086 eloquia
406 3019 472 3081 tua,
497 3029 559 3070 curn
583 3012 662 3070 suari
687 3021 716 3071 et
736 3012 884 3069 artificiosa
908 3027 974 3070 rooc
1025 3017 1084 3064 tare
1103 3024 1157 3063 non
1179 3008 1315 3071 debeant,
1342 3009 1483 3080 solumque
1507 3010 1668 3081 eratrgelicac
1694 3011 1822 3070 lectionis

174 3111 344 3171 momatur,
373 3101 462 3159 fateor
486 3102 685 3173 aliquantulum
710 3103 873 3174 acquiesco,
910 3104 973 3158 dum
1025 3099 1143 3156 oiiiciurn
1167 3101 1239 3155 inter
1260 3101 1402 3155 missarum
1418 3101 1548 3156 solemnia
1568 3102 1726 3169 exsolverim
1745 3104 1820 3175 psal·

174 3191 241 3264 ipsis
267 3192 370 3248 sanctie
389 3190 470 3248 dietis
489 3191 647 3264 religiosius
668 3202 697 3248 ct
720 3193 860 3249 ardentius
884 3187 1008 3251 sentioC
1024 3207 1084 3248 mos
1097 3206 1163 3247 uero
1177 3206 1209 3246 ac
1222 3191 1340 3262 reliquas
1352 3191 1483 3247 lectiones
1499 3208 1597 3248 censeo
1614 3209 1663 3264 per
1677 3194 1822 3250 subdiaco-

175 3285 278 3340 moveri
302 3283 409 3340 animos
425 3290 535 3340 nostros
558 3284 586 3338 in
610 3283 747 3340 flammam
770 3286 890 3357 pietatis,
910 3298 972 3341 cum
1024 3298 1085 3350 taos,
1100 3283 1141 3338 sei
1163 3283 1186 3338 si
1209 3284 1360 3339 necessitas
1379 3284 1480 3355 exigit,
1504 3300 1554 3355 per
1573 3285 1693 3340 minores
1709 3283 1821 3340 ordines

174 3374 211 3430 ita
232 3381 387 3440 cantantur,
410 3388 491 3444 quam
514 3374 538 3430 si
563 3389 617 3431 non
640 3375 679 3431 ita
701 3384 917 3432 cantarentur.»
940 3377 975 3431 Et
1023 3374 1157 3431 exbiberi.
1172 3373 1201 3430 Si
1216 3376 1276 3445 quis
1290 3383 1381 3430 autern
1395 3385 1489 3430 contra
1505 3377 1557 3431 boe
1571 3376 1712 3431 decretum
1727 3391 1819 3430 arreum

175 3480 270 3521 rursus
286 3472 349 3537 post
366 3463 458 3535 aliqua
473 3464 507 3520 de
520 3464 638 3521 utilitate
657 3465 789 3537 psallendi
802 3466 834 3521 in
850 3465 972 3521 Ecclesia
1023 3466 1116 3522 renirc
1141 3467 1296 3531 tentaverit,
1324 3467 1469 3522 anathema
1495 3468 1540 3523 sit.
1565 3467 1599 3521 Et
1622 3467 1824 3536 responderunt

176 3556 323 3613 discretam
347 3554 489 3629 proicrens
510 3557 693 3623 sententiam,
720 3558 786 3615 dieit
810 3577 817 3613 z
849 3558 972 3615 «Tutius
1023 3573 1130 3624 omnes,
1150 3557 1301 3613 buatbema
1316 3558 1361 3613 sit.
1382 3578 1390 3612 a
1411 3559 1534 3614 Eecerir
1547 3558 1713 3629 apostolicus
1727 3575 1821 3629 repre-

177 3646 288 3716 quidenr
304 3647 373 3702 mibi
386 3646 495 3703 ridetur
508 3647 580 3718 quod
595 3649 628 3704 de
648 3647 833 3705 Alexandrino
844 3650 972 3721 episeopo
1023 3650 1117 3707 bendit
1148 3650 1395 3717 cousuetudinem,
1422 3667 1477 3722 qua
1505 3651 1663 3706 diaconibus
1691 3651 1820 3705 cantandi

175 3741 328 3797 Athanasio
342 3755 414 3812 saepe
437 3740 503 3796 mibi
517 3740 621 3797 dictum
634 3741 819 3806 commemini,
832 3742 895 3813 quia
915 3751 971 3797 tam
1022 3739 1140 3797 officium
1164 3739 1365 3811 injungebatur,
1386 3753 1436 3796 nec
1457 3741 1483 3796 in
1506 3741 1546 3796 eis
1568 3741 1696 3796 blandam
1711 3756 1821 3804 rocem,

176 3830 284 3886 artadico
295 3829 367 3887 Dexo
380 3831 456 3888 rocis
468 3829 584 3888 iaciebat
598 3846 696 3888 sonare
709 3831 839 3889 lectorem
848 3833 969 3903 psalmi,
1023 3831 1071 3888 sed
1083 3846 1230 3903 congruam
1245 3831 1330 3887 vitam
1345 3832 1410 3887 dicit
1425 3847 1485 3888 esse
1503 3832 1709 3903 requirendam
1727 3832 1822 3887 stirnu·

176 3928 206 3976 ut
218 3922 405 3992 pronuntianti
417 3922 533 3978 vicinior
544 3931 616 3980 esset
627 3939 708 3995 quam
723 3924 843 3980 canenti.
855 3922 971 3980 Verum·
1023 3922 1127 3994 larique
1149 3922 1234 3978 Deum
1258 3922 1353 3979 talium
1376 3925 1562 3980 ministrorum
1577 3924 1697 3979 moribus
1711 3923 1819 3986 asserit,

176 4020 267 4068 tamen
281 4027 344 4068 cum
358 4013 520 4069 reminiscor
532 4013 668 4087 iacrymas
680 4029 766 4080 meas,
784 4029 852 4086 quas
867 4014 922 4071 iudi
938 4017 971 4072 ad
1022 4014 1129 4073 etiamsi
1145 4014 1274 4084 populum
1296 4015 1409 4070 vocibus
1431 4015 1577 4071 delectent.
1600 4016 1733 4070 Damnata
1753 4029 1820 4070 vero

176 4098 276 4158 carnus
295 4102 426 4160 Ecclesia
440 4111 493 4160 tute
507 4104 534 4160 in
548 4106 706 4176 primordiis
724 4115 890 4177 recuperatae
909 4107 971 4162 ildci
1024 4105 1072 4160 tali
1084 4105 1296 4171 consuetudine,
1316 4105 1437 4176 psalmos
1448 4122 1480 4162 ac
1494 4106 1612 4176 reliquas
1626 4106 1757 4161 lectiones
1770 4122 1821 4176 per

177 4210 256 4261 nteoe,
269 4202 380 4251 etaunc
395 4195 454 4266 ipso
464 4209 647 4260 commoveor,
658 4211 712 4250 nou
726 4204 821 4260 cantu,
833 4196 880 4251 sed
891 4196 972 4252 rebus
1023 4195 1201 4251 subdiaconos
1220 4196 1263 4251 vel
1286 4210 1335 4265 per
1358 4196 1479 4253 minores
1501 4197 1610 4254 ordines
1625 4212 1719 4253 censet
1741 4197 1820 4251 exbi-

176 4301 237 4356 quae
251 4293 407 4352 cantantur,
429 4301 492 4342 eum
516 4285 618 4357 liquida
636 4301 703 4342 uoce
727 4295 755 4341 et
770 4285 971 4342 convenientis·
1022 4284 1097 4351 beri;
1113 4284 1172 4339 solo
1192 4283 1318 4341 videlicet
1339 4287 1504 4358 evangelicae
1523 4286 1646 4343 lectionis
1659 4286 1747 4341 officio
1761 4286 1820 4341 dia-

176 4381 246 4435 sima
260 4379 445 4436 modulatione
455 4387 608 4446 cantantur,
621 4393 719 4452 magna
731 4378 849 4435 instituti
868 4378 970 4433 utilita·
1023 4379 1136 4435 conibus
1150 4379 1282 4450 delegato.
1297 4380 1337 4434 Ex
1351 4381 1449 4450 quibus
1459 4383 1603 4453 perspicue
1615 4382 1820 4437 demonstratur

175 4482 232 4528 tem
252 4487 348 4528 rursus
370 4487 521 4545 coguoseo;
537 4473 679 4546 magisque
693 4473 823 4538 adducor,
839 4486 893 4527 nou
908 4472 970 4541 qui·
1021 4471 1142 4542 psalmos
1156 4481 1220 4528 tunc
1241 4474 1268 4529 in
1289 4474 1411 4530 Ecclesia
1434 4477 1574 4532 decantari
1599 4476 1722 4540 solitum,
1745 4476 1820 4530 uode

176 4565 238 4621 mm
251 4564 478 4623 irretractabilem
491 4567 655 4622 sententiam
675 4565 826 4637 proferens,
842 4566 971 4622 cantandi
984 4543 1011 4602 D
1023 4565 1172 4620 maximam
1191 4575 1297 4637 partem
1312 4567 1465 4625 divinorum
1480 4570 1631 4626 oiiiciorum
1645 4570 1727 4624 ctiarn
1745 4585 1820 4625 nunc

176 4656 402 4711 cousuetudinem
417 4657 567 4728 approbare
588 4657 616 4712 in
639 4656 777 4722 Ecclesia,
794 4665 824 4710 ut
836 4671 886 4726 per
899 4656 972 4711 obice
1024 4667 1133 4716 constat
1152 4675 1212 4717 esse
1227 4662 1421 4731 compositam,
1436 4671 1464 4718 et
1477 4679 1530 4719 non
1545 4661 1670 4735 figmenta
1687 4677 1820 4733 quorum-

175 4754 313 4801 etamenta
327 4747 435 4816 anciram
451 4747 586 4801 iniirmior
600 4747 708 4801 animus
719 4746 746 4800 in
760 4745 886 4801 allectum
911 4747 969 4816 pie·
1024 4748 1090 4804 libet
1100 4749 1256 4817 homiuum,
1270 4766 1330 4821 quae
1347 4767 1362 4806 a
1378 4760 1453 4807 tanto
1466 4752 1512 4807 iilo
1525 4753 1583 4807 siro
1600 4768 1654 4806 non
1669 4765 1730 4806 esse
1743 4765 1821 4805 eorn-

175 4833 240 4890 tatie
255 4841 390 4906 assurgat·
406 4832 508 4889 Temen
533 4827 595 4888 cum
616 4833 684 4888 mihi
699 4833 800 4890 accidit
816 4841 846 4889 lli
859 4849 903 4890 me
915 4850 972 4890 ³111·
1023 4842 1122 4912 posita,
1142 4858 1223 4898 tremo
1243 4844 1295 4898 uisi
1310 4843 1560 4913 quisincerissimae
1577 4846 1635 4909 eius
1650 4841 1712 4896 iidei
1727 4851 1755 4896 et
1771 4857 1821 4896 en·

175 4925 246 4994 plius
259 4933 356 4980 cantus
369 4939 452 4996 quara
465 4939 511 4980 res
522 4939 583 4996 quae
594 4925 702 4981 canitur
714 4933 839 4992 moreat,
857 4925 972 4998 poenali·
1025 4932 1222 4990 cellentissimae
1232 4933 1392 4990 eruditionis
1403 4934 1515 5005 ignarus
1528 4943 1580 5000 est,
1594 4933 1709 4988 dubitat.

175 5027 274 5075 terme
286 5015 592 5089 peccareeonssteor,et
606 5026 671 5074 tunc
686 5017 794 5074 mallem
806 5034 861 5074 nou
876 5019 970 5075 audire
1060 5024 1128 5080 xvi.
1149 5025 1233 5097 igitur
1256 5026 1316 5096 quia
1341 5036 1498 5081 sauctorum
1521 5027 1632 5081 Petrum
1651 5025 1731 5080 dictis
1752 5025 1819 5080 satis

176 5114 343 5164 cantantem.
363 5126 373 5160 a
391 5106 462 5163 Ecce
478 5107 521 5162 rir
535 5109 735 5176 sanctissimus,
750 5117 832 5180 atque
844 5110 971 5166 doctissi·
1023 5123 1162 5171 ostensum
1176 5125 1218 5171 est
1236 5126 1364 5186 quantum
1382 5116 1507 5171 hrrttranac
1528 5117 1649 5171 levitates
1662 5124 1690 5170 ct
1705 5115 1818 5170 menda-

176 5207 285 5264 mus‚et
300 5202 431 5272 approbat
453 5201 607 5257 institutum
622 5202 749 5257 cantandi
772 5212 882 5274 propter
894 5201 971 5257 inilr·
1023 5205 1066 5260 cia
1093 5206 1250 5270 deuitanda,
1263 5215 1445 5278 quantumque
1471 5208 1624 5263 divinorum
1648 5207 1818 5276 eloquiorum

177 5303 256 5356 mos,
273 5305 342 5360 quos
365 5293 393 5348 in
409 5291 536 5350 affectum
551 5292 661 5364 pietatis
676 5291 741 5348 iacit
759 5307 917 5364 assurgere;
941 5301 969 5348 et
1023 5295 1125 5350 reritas
1138 5310 1171 5350 ac
1184 5296 1326 5350 sinceritas
1344 5298 1530 5367 amplectenda
1546 5301 1590 5365 sit,
1608 5299 1674 5354 libet
1687 5313 1773 5369 pauca
1785 5311 1819 5352 ex

178 5385 343 5436 tamencum
366 5382 465 5439 accidit
477 5390 509 5440 ut
521 5382 582 5458 plus
598 5390 706 5439 moueat
724 5382 844 5439 animum
860 5391 968 5450 cantus,
1023 5384 1115 5439 uerbis
1136 5383 1211 5440 beati
1230 5386 1360 5456 martyris
1378 5387 1503 5457 Cypriani
1525 5390 1698 5453 subnectere,
1719 5386 1820 5458 quibus

810 5503 826 5554 .'
864 5495 1001 5554 untbztt
1021 5496 1135 5554 NOTAE.

212 5613 227 5643 ι
240 5600 293 5655 Gre
310 5601 360 5655 orii
373 5608 578 5664 nomentitulue.
599 5609 695 5664 Exstat
708 5608 780 5664 enim
796 5607 868 5662 inter
879 5604 966 5676 Opera
1021 5609 1100 5664 braim
1118 5627 1171 5667 non
1187 5627 1247 5669 esse
1268 5613 1392 5686 Gregorii
1414 5617 1553 5673 contendit
1573 5617 1743 5687 Agobardus.
1761 5615 1820 5672 Nisi

178 5671 263 5756 sancti
303 5673 400 5752 regorii
423 5690 499 5744 pape
519 5676 731 5749 Antiphonarius
751 5679 808 5732 sive
822 5674 967 5731 Gradualis
1019 5679 1041 5734 si
1065 5694 1159 5737 revera
1181 5682 1305 5756 Gregorii
1327 5695 1397 5751 erat,
1414 5688 1461 5742 sed
1481 5695 1626 5758 corruptus
1642 5696 1731 5743 tractu
1748 5695 1819 5743 tenr-

172 5744 242 5799 bber
254 5741 394 5797 ordinatus
407 5757 456 5814 per
472 5746 604 5804 circulum
629 5749 702 5804 nuni.
721 5745 822 5803 Verum
846 5745 918 5801 bunc
933 5745 966 5801 li·
1018 5749 1102 5819 poris.
