3832 6120
140 199 194 267 tis
688 201 881 263 nommant
899 203 1230 262 tnmrtsarumtss-
1708 208 1765 267 ase

372 326 490 381 iduatas
503 323 703 379 ttun'rssrases.
939 319 967 380 Α
1113 336 1123 351 “
1225 336 1341 378 annates
1361 334 1515 380 sarmium.

139 417 203 473 lade
213 415 314 471 iterum
322 426 388 469 cnm
399 429 497 483 magno
504 413 608 468 bonore
623 413 750 468 dimissus
760 419 812 466 est.
824 411 926 466 Eodem
975 414 1064 481 ipsum
1074 422 1193 481 qurnern,
1205 423 1236 467 ut
1245 414 1378 469 ricarium
1390 417 1476 471 saneti
1488 416 1562 471 Petrt
1572 425 1600 472 et
1611 416 1766 474 itomanam

139 525 211 567 anno
224 507 418 579 genebrarum
432 506 441 537 ¹
458 523 475 560 a
487 505 539 561 ilde
550 521 632 575 quam
641 506 805 576 promiserat
814 502 923 569 deiecit,
976 504 1141 575 pontificem,
1158 520 1220 559 curn
1235 521 1341 562 summo
1355 509 1459 563 honore
1470 509 1504 564 ad
1524 522 1554 562 se
1567 508 1707 578 praecepit
1718 509 1768 566 ad·

84 648 87 655 .
138 610 167 656 et
181 598 292 653 Ericus¹
307 596 361 650 dux
374 595 558 651 foroiulensis
576 597 586 629 ¹
603 605 664 666 post
679 605 720 651 tot
735 609 865 667 prospere
877 609 925 664 ge·
976 595 1050 658 duci,
1074 596 1128 650 iter
1149 603 1239 650 tantan
1262 612 1350 660 suurn,
1367 599 1439 668 quod
1465 599 1492 651 in
1508 598 1654 654 Saxoniam
1675 598 1769 656 lacere

138 699 195 745 stas
207 704 250 744 res
261 687 335 741 iuxta
349 686 517 742 Tarsaticam
532 698 544 728 ¹
559 685 705 741 Liburniae
724 685 861 740 civitatem
885 683 927 738 in-
976 685 1165 750 cortstitucrat,
1190 700 1243 740 non
1266 688 1367 741 omisit.
1402 688 1501 742 llahito
1527 690 1618 759 itaque
1644 690 1770 761 generali

137 778 213 835 sidiis
225 777 420 847 oppidanorum
433 791 580 847 oppressus
592 786 644 841 est,
655 784 684 831 et
696 775 830 831 Geroldus
845 773 856 805 ¹
879 787 927 828 co·
975 786 1109 831 conventu
1124 791 1205 845 super
1215 776 1337 830 Rhenum
1352 778 1378 832 in
1393 778 1510 848 incoqui
1535 777 1681 849 Lippeham
1696 780 1770 836 *ιο-

139 855 233 932 mes',
249 866 565 935 Baioariaepraeseetos‚
588 866 737 921 commisso
748 872 843 920 contra
856 862 927 917 nra-
975 871 1061 926 catur,
1079 864 1170 933 ibique
1185 865 1280 919 eodem
1296 867 1306 896 ¹
1322 881 1403 923 amne
1428 869 1599 934 transmisso,
1614 884 1678 924 enm
1707 878 1770 925 toto

136 970 183 1013 res
203 956 319 1026 proelio,
347 955 446 1011 cecidit
464 954 475 986 ⁸
488 957 509 1008 ¹.
524 956 560 1009 At
583 958 655 1011 enim
670 955 775 1010 insulae
789 953 924 1017 Baleares,
975 952 1097 1007 exercitu
1110 967 1160 1008 suo
1184 953 1217 1007 ad
1230 953 1444 1010 Padrabrunnon
1459 956 1470 988 ⁸
1484 957 1610 1021 aceemit,
1627 957 1722 1026 ibique
1739 957 1769 1012 in

137 1060 208 1117 quae
222 1061 239 1101 a
251 1045 350 1101 Mauris
362 1054 389 1098 et
402 1043 561 1100 Sarracenis
571 1058 644 1098 anno
650 1044 735 1113 priori
746 1043 927 1112 depraedatae
976 1043 1076 1100 castris
1090 1043 1245 1108 considens,
1260 1045 1396 1115 pontilicis
1411 1047 1444 1101 ad
1460 1062 1489 1101 se
1501 1049 1673 1118 properantis
1686 1063 1769 1119 prac-

137 1135 730 1208 aunt,postulatoadqueacoepteanestris
747 1134 926 1198 auriliano·
975 1134 1089 1190 stolatur
1112 1136 1268 1191 adventurn.
1305 1136 1378 1192 llisit
1411 1138 1513 1194 interea
1539 1139 1650 1195 liarium
1679 1141 1768 1198 illium

126 1226 180 1281 bis
202 1241 232 1281 se
260 1216 435 1290 ded'ilemnt,
465 1233 492 1280 et
511 1239 572 1280 crim
587 1224 635 1279 liei
651 1224 781 1278 aurilioa
796 1223 925 1279 nostrisa
975 1222 1078 1277 snum*
1094 1224 1129 1279 ad
1140 1224 1230 1280 albim
1243 1240 1305 1282 cnm
1319 1235 1396 1295 parte
1408 1229 1544 1284 exereitus
1555 1239 1666 1298 propter
1677 1244 1767 1300 qnae·

137 1315 304 1387 praedonum
318 1314 473 1368 incursione
487 1302 615 1369 defensae
629 1322 702 1368 sunt.
722 1312 806 1389 Sina
814 1320 926 1385 ¹qnoque
975 1314 1038 1370 dam
1051 1317 1160 1386 negotia
1178 1332 1240 1372 cum
1255 1317 1348 1374 Wilcis
1367 1319 1377 1350 ¹
1394 1327 1422 1373 et
1433 1319 1571 1374 Abodritis
1585 1320 1767 1391 disponendas

138 1405 293 1461 llauromm
307 1404 334 1458 in
349 1419 439 1475 pugna
462 1404 579 1469 sublata,
591 1413 619 1459 et
639 1403 737 1459 domno
749 1398 925 1474 wlprae-
975 1412 1003 1459 et
1022 1405 1153 1473 quosdam
1176 1405 1297 1462 &sones
1319 1409 1353 1464 de
1373 1408 1526 1464 Nordliudis
1551 1411 1562 1442 ⁸
1582 1411 1765 1480 rccpiendoss

138 1504 244 1556 tentata
266 1502 338 1549 sunt.
360 1493 440 1548 ll'ido
459 1509 550 1549 eomes
566 1495 577 1526 ⁸
593 1494 639 1564 qui
663 1495 690 1548 in
715 1506 807 1548 marca
825 1493 926 1547 Britta·
975 1491 1058 1549 Gnius
1075 1496 1257 1551 reversionem
1282 1499 1292 1529 ⁷
1310 1513 1371 1552 enm
1389 1507 1523 1568 expectat,
1539 1501 1614 1554 venit
1629 1498 1765 1570 pontifex,

137 1583 221 1640 niae¹
235 1584 408 1655 praesidebat
422 1584 451 1649 ¹⁰,
465 1600 586 1640 unacum
597 1585 679 1640 sociis
696 1584 840 1639 comitibus
853 1583 925 1638 Brit·
975 1592 1004 1640 et
1018 1585 1096 1640 ratde
1109 1586 1259 1643 honorilice
1278 1588 1313 1643 ab
1341 1587 1387 1644 illo
1399 1590 1410 1621 ⁸
1424 1600 1567 1660 susceptus
1580 1598 1633 1656 est,
1649 1592 1767 1647 mansit·

137 1675 239 1731 taniam
254 1675 392 1746 ingressus
408 1683 545 1745 totamque
557 1674 734 1745 perlustrans,
758 1673 784 1727 in
806 1671 924 1728 dedicio
938 1660 962 1720 Β
974 1691 1027 1746 que
1042 1678 1113 1746 apud
1124 1693 1187 1733 eum
1200 1680 1258 1735 dies
1276 1679 1389 1750 aliquot.
1406 1680 1513 1736 Etcum
1532 1683 1556 1737 ei
1571 1691 1681 1747 cuncta,
1697 1697 1763 1754 pro·

138 1782 200 1822 nem
224 1767 350 1835 accepit:
374 1775 401 1820 et
423 1766 480 1836 regi
504 1766 524 1797 ¹¹
540 1766 574 1820 de
592 1764 708 1820 Saronia
723 1778 832 1819 reverso
849 1778 924 1818 arma
974 1774 1036 1837 pter
1052 1782 1122 1836 quae
1134 1778 1246 1824 verterat
1267 1759 1432 1835 intimasset,
1457 1772 1553 1826 iterum
1567 1771 1681 1826 liomam
1701 1786 1766 1828 eum

138 1862 247 1925 ducum,
262 1859 309 1929 qui
322 1874 351 1914 se
364 1858 534 1923 dediderant,
548 1857 686 1926 inscriptis
694 1854 862 1926 singulorum
877 1870 925 1910 nn
975 1850 1093 1926 magno¹
1108 1858 1211 1912 honore
1236 1858 1397 1929 perlegales
1414 1860 1485 1930 regis
1502 1859 1549 1930 qni
1563 1874 1626 1914 cum
1639 1875 1673 1915 eo
1687 1859 1766 1917 nini

138 1949 265 2015 minibus,
282 1949 476 2019 praesentarit.
493 1946 561 2002 Nam
577 1947 620 2002 his
633 1962 664 2005 te
674 1954 703 2003 et
717 1955 816 2002 terram
831 1955 859 2001 et
877 1961 926 2017 po-
975 1953 1049 2012 sunt,
1066 1947 1204 2011 reductus,
1220 1956 1300 2019 atque
1317 1949 1344 2004 in
1358 1948 1447 2004 locum
1460 1965 1539 2004 suum
1554 1950 1699 2004 restitutus
1710 1958 1762 2006 est

137 2040 230 2111 pulum
246 2040 431 2110 unusquisque
446 2041 468 2071 ¹¹
481 2039 588 2095 illomm
606 2036 728 2102 tradidit,
744 2045 771 2092 et
787 2045 842 2092 tota
856 2037 926 2091 Brit·
974 2035 1035 2104 Quo
1046 2038 1169 2104 dimisso,
1185 2054 1231 2094 rer
1246 2055 1345 2109 paucos
1357 2040 1415 2095 dies
1429 2040 1528 2095 ibidem
1544 2040 1564 2072 ¹⁰
1577 2048 1711 2105 moratus,
1725 2039 1765 2095 le··

139 2134 272 2189 laniorum
299 2131 449 2203 provincia,
465 2129 535 2200 quod
551 2142 687 2197 nunqnam
701 2136 790 2190 antea,
805 2142 820 2180 a
840 2125 926 2180 Fran·
974 2138 1066 2202 patum
1085 2131 1224 2187 llichaelis
1239 2133 1260 2163 ¹¹
1275 2132 1381 2202 patricii
1403 2132 1436 2187 de
1460 2131 1564 2198 Sicilia,
1584 2133 1695 2188 nornine
1712 2132 1765 2187 lla·

138 2226 179 2282 cis
198 2224 219 2256 ¹⁸
231 2224 374 2294 subiugata
384 2231 435 2278 est.
457 2221 558 2277 Eodem
572 2235 644 2274 anno
657 2216 925 2286 monachusquidam
974 2221 1092 2278 rihelem
1107 2224 1140 2288 ¹¹,
1153 2224 1188 2278 ad
1209 2239 1239 2279 sc
1261 2224 1374 2279 missum
1397 2224 1522 2280 absolvit.
1547 2224 1659 2296 decepit
1680 2225 1763 2281 etiarn

139 2318 173 2372 do
187 2314 374 2371 llierosolimis
390 2311 413 2344 ¹⁸
425 2311 556 2377 veniens,
576 2309 788 2365 benedictionem
812 2316 840 2360 et
862 2306 925 2360 reli·
976 2315 1080 2370 triseem
1096 2315 1117 2347 ¹⁸
1129 2317 1253 2371 nuntium
1271 2317 1304 2371 de
1315 2316 1423 2372 Geroldi
1441 2319 1462 2349 ¹¹
1475 2328 1503 2373 et
1514 2319 1587 2374 Erici
1602 2320 1625 2351 ¹⁸
1641 2321 1762 2384 interitrr,

136 2407 214 2477 quius
227 2406 259 2461 de
273 2403 416 2473 sepulchro
432 2401 549 2466 Domini,
562 2406 630 2470 duas
640 2397 795 2469 patriarcha
807 2396 926 2450 ilerum·
975 2419 1090 2473 qnorum
1111 2405 1191 2470 alter,
1204 2405 1337 2463 Geroldns
1352 2409 1373 2439 ¹⁸
1388 2409 1514 2464 videlieet
1531 2409 1671 2465 Baioariae
1684 2426 1764 2482 prae-

136 2495 275 2551 limitanus
289 2495 312 2527 ¹⁸
325 2495 425 2549 domno
450 2493 507 2563 regi
527 2491 549 2523 ¹⁸
563 2491 694 2555 miserat,
718 2486 823 2544 detulit·
848 2486 924 2542 Αιιι
976 2492 1076 2560 lectus,
1091 2497 1237 2552 commisso
1250 2514 1311 2553 cum
1328 2499 1413 2554 llunis
1425 2501 1527 2568 proelio
1541 2501 1639 2556 eccidit
1651 2503 1684 2565 ¹¹,
1695 2501 1764 2557 alter

136 2585 289 2658 praefectus
313 2584 451 2649 civitatis,
477 2597 548 2654 quae
568 2582 588 2615 ¹¹
610 2581 708 2636 dicitur
726 2577 814 2644 Osca,
835 2577 925 2633 clares
974 2601 1051 2652 rere,
1067 2587 1094 2642 id
1106 2596 1149 2643 est
1161 2588 1258 2644 Ericns
1270 2589 1303 2653 ¹¹,
1319 2597 1378 2659 post
1392 2590 1474 2644 rnulta
1487 2590 1588 2660 proelia
1602 2600 1632 2646 et
1644 2591 1765 2664 mrigera

136 2677 211 2732 urbis
229 2690 277 2745 per
301 2675 421 2745 legatum
442 2687 521 2728 sunm
539 2686 603 2729 oum
625 2671 785 2727 muneribus
796 2670 925 2724 transati-
974 2677 1103 2732 victorias
1117 2678 1187 2747 apud
1203 2678 1391 2733 Tharsaticam
1416 2680 1437 2711 ¹¹
1453 2694 1487 2745 ν,
1503 2681 1648 2736 Liburniae
1664 2682 1763 2737 cirru-

136 2767 182 2823 sit.
203 2767 225 2799 ¹⁸
249 2765 283 2821 Et
299 2765 452 2821 celebratus
469 2772 512 2820 est
535 2763 556 2796 ¹⁸
575 2763 633 2818 dies
652 2763 675 2795 ¹¹
697 2761 789 2817 natale
816 2761 923 2816 Dourird
974 2776 1040 2832 tent,
1055 2767 1161 2822 insidiis
1177 2768 1373 2837 oppidanorum
1397 2769 1563 2840 interceptus
1582 2779 1665 2840 atque
1679 2771 1765 2828 inter·
1790 2829 1795 2839 ,

137 2858 163 2912 in
186 2856 281 2912 eodem
299 2855 411 2926 palatio.
430 2855 464 2910 lit
482 2855 626 2911 inmutavit
644 2868 673 2909 sc
691 2867 821 2908 numerus
838 2867 923 2909 anne
974 2856 1061 2913 lectus
1080 2858 1103 2889 ¹⁰
1116 2866 1159 2915 est
1172 2857 1196 2911 b.
1213 2858 1305 2913 Rebus
1318 2858 1410 2928 itaque
1422 2861 1442 2891 ¹¹
1457 2860 1595 2916 Saxonum
1608 2876 1659 2931 pro
1671 2876 1763 2918 rerum

137 2960 198 3000 rum
214 2944 244 3000 in
968 2944 1318 3017 opportunitatedispositis,
1338 2964 1385 3003 rex
1403 2950 1430 3004 in
1443 2949 1586 3006 Franciant
1605 2953 1763 3007 reuertitur»

171 3051 311 3125 ffoeciffit'
321 3060 350 3110 ει
366 3053 394 3108 j„
403 3053 490 3127 pugi„
507 3055 645 3125 mum
657 3053 696 3109 pe
708 3066 763 3123 quo
780 3054 807 3108 pn
817 3053 921 3109 „mone
972 3033 1008 3089 tn
1020 3050 1082 3090 cunt
1094 3035 1258 3109 Aquisgrani
1273 3038 1416 3104 hiemaret,
1431 3038 1512 3096 lllido
1528 3055 1620 3097 comes
1639 3058 1674 3100 ac
1684 3057 1763 3114 prae·

136 3120 249 3179 Wcttini
262 3123 370 3194 legitur,
383 3128 455 3195 quod
465 3124 537 3181 inter
548 3133 682 3198 martyres
693 3125 730 3181 ait
742 3134 923 3180 manumort-
974 3124 1215 3183 iectnslirittaniei
1231 3128 1335 3194 limitis,
1349 3132 1394 3201 qui
1412 3134 1508 3188 eodem
1522 3149 1594 3189 anno
1611 3151 1674 3191 eum
1687 3138 1765 3194 sotlia

136 3199 191 3248 11¹³·
205 3191 273 3264 bia]
972 3212 1116 3276 comitibus
1138 3228 1222 3299 totam
1241 3223 1263 3253 ¹¹
1278 3223 1430 3280 Brittonum
1445 3225 1468 3256 ¹³
1481 3227 1648 3297 provinciam
1672 3228 1765 3298 melu·

972 3320 1116 3379 straverat,
1131 3326 1207 3368 arma
1219 3314 1318 3369 ducum
1335 3316 1381 3385 qui
1396 3331 1426 3371 se
1443 3317 1604 3373 dediderunt
1617 3318 1649 3384 ¹¹,
1666 3320 1764 3376 insert

971 3402 1025 3470 ptis
1038 3402 1204 3473 singulorum
1219 3405 1382 3469 nominibus,
1395 3406 1501 3461 detulit.
1516 3407 1665 3463 Videbatur
1677 3409 1761 3475 enim,

971 3493 1044 3563 qnod
1057 3493 1081 3524 ¹⁸
1093 3508 1124 3548 ea
1145 3495 1284 3562 pmrineia
1305 3504 1363 3551 tum
1382 3507 1456 3551 esset
1468 3497 1490 3528 ¹¹
1510 3513 1543 3552 er
1563 3506 1619 3552 toto
1639 3499 1763 3565 subeon,

914 3602 918 3611 ·
971 3593 1000 3640 et
1011 3568 1084 3640 esset
1095 3586 1128 3652 ¹¹,
1143 3586 1195 3641 nisi
1221 3587 1339 3656 persidae
1353 3591 1442 3659 gentis
1455 3588 1618 3644 instabilitas
1630 3590 1687 3645 cito
1702 3590 1761 3647 id¹'

971 3675 1100 3731 aliorsum
1114 3692 1189 3732 more
1201 3677 1280 3732 solito
1293 3688 1486 3735 commutasset
1495 3681 1529 3733 ¹¹.
1544 3680 1633 3735 illlata
1655 3690 1720 3737 sunt
1734 3690 1764 3739 et

971 3767 1059 3837 signa,
1074 3782 1144 3836 quae
1162 3769 1261 3823 occisis
1279 3770 1305 3823 in
1321 3769 1449 3826 llaiotica
1464 3771 1566 3828 Mauris
1579 3773 1763 3842 praedonibus

971 3870 1063 3928 crepta
1092 3856 1211 3914 luerunt.
1240 3860 1273 3914 Et
1294 3861 1368 3916 Azan
1392 3862 1582 3929 Sarracenos,
1606 3864 1761 3935 praetactos

876 3955 880 3962 ·
971 3946 1069 4013 Oscae,
1086 3948 1176 4005 dares
1188 3949 1211 3981 ¹¹
1224 3951 1299 4007 urbis
1316 3967 1377 4007 cum
1399 3953 1459 4009 aliis
1474 3954 1552 4010 donis
1567 3955 1623 4026 regi
1638 3954 1661 3987 ⁸¹
1676 3956 1760 4021 misit,

971 4039 1131 4108 promittens
1142 4055 1201 4094 cam
1220 4055 1249 4095 se
1264 4041 1417 4097 dediturum
1432 4044 1493 4102 ⁸¹,si
1499 4044 1687 4113 opportunitas
1700 4059 1761 4100 erc·

971 4129 1051 4182 niret.
1066 4128 1159 4184 Sedet
1170 4130 1317 4186 monachus
1328 4132 1438 4201 quitiam
1451 4130 1484 4186 tle
1496 4131 1673 4188 hierosolima
1684 4133 1707 4165 ¹¹
1718 4147 1761 4188 re-

1167 4247 1359 4323 tentantes
1375 4248 1575 4306 tectiores.

934 4362 960 4422 D
1009 4337 1138 4420 ¹lippiam
1158 4340 1185 4393 i.
1205 4340 1284 4411 lippia
1304 4341 1332 4395 5.
1344 4341 1371 4397 6.
1385 4342 1410 4394 7.
1435 4341 1598 4412 lipperrheiru
1613 4343 1639 4399 8.
1690 4342 1763 4397 'ibi-

972 4423 1066 4476 que-
1078 4409 1168 4479 ibique
1181 4413 1251 4464 deest
1262 4411 1288 4465 ι,
1307 4410 1332 4464 7.
1385 4412 1394 4443 ¹
1406 4413 1613 4495 paderbrunnon
1624 4412 1656 4494 ⁴⁸.
1665 4412 1763 4494 padra-

971 4477 1212 4603 inunitai'r‘nrg'aar⁸
1237 4480 1420 4605 bilibit
1447 4478 1763 4608 ,13:1tlflfi„,³·,¹¹'¹t¹{,?;

971 4562 1075 4719 ῗὶιῐιιιῖἳιιι
1109 4619 1134 4700 i..
1179 4584 1244 4676 ’.οι
1258 4582 1303 4722 ¹¹1?
1323 4592 1456 4729 'rrirrgnoao
1474 4622 1499 4675 i.
1522 4620 1653 4722 busti.
1672 4620 1699 4675 d.
1731 4619 1760 4675 Ἰ.

318 4712 513 4780 ventus
527 4718 795 4844 ,rernm
846 4829 852 4842 ,
970 4687 1519 4860 5,.ιιιιιιιι-..ιιιιιϊ-ι·
1535 4699 1675 4862 ipra?
1690 4687 1761 4842 ie

131 4902 145 4937 ⁸
157 4846 337 4958 labiim
358 4831 388 4956 ἔ.
409 4833 443 4955 d.¹
466 4827 871 4971 hclrrgssurg'''tllrrsxzinrot'ulzgulsmss
890 4829 917 4952 ii.
970 4843 1018 4928 ’Ἶρι
1035 4826 1761 4956 fferrtircedrsngn''ghriczlsgghl‹pslgkmhimonelcgdtfflz

131 4970 340 5028 ⁸ceciditatem
365 4968 452 5025 insule
474 4969 502 5024 ι.
539 4969 638 5025 cecidit
668 4967 771 5023 insulae
795 4967 821 5023 5.
848 4968 875 5024 6.
891 4969 918 5024 i.
968 4967 1119 5022 auricomi.
1133 4967 1388 5025 abtinebant.
1428 4970 1637 5025 ²⁰a.i.deesttl.
1676 4968 1762 5023 ⁸¹ao·

130 5038 263 5097 'reeb
325 5037 474 5096 ’conisa
530 5038 668 5094 ¹brittan
681 5038 731 5093 ,iae
753 5038 780 5091 ll.
798 5040 825 5092 7.
845 5038 883 5094 ito
895 5046 921 5095 et
969 5044 1023 5090 tom
1044 5037 1070 5090 7.
1117 5038 1140 5068 ¹¹
1160 5047 1246 5092 toturn
1265 5039 1291 5093 Ξ.
1344 5040 1367 5070 ¹⁸
1387 5039 1544 5094 brittaniam
1564 5057 1591 5110 p.
1612 5040 1639 5092 3.
1659 5038 1764 5095 bretto-

130 5058 261 5182 delrrgrepr.
298 5107 542 5177 ”ammonitae
582 5109 603 5141 ¹¹
618 5108 714 5179 reget.
754 5109 776 5140 ¹¹
790 5109 920 5165 nrtirracu-
969 5122 1032 5161 nunt
1043 5107 1070 5160 i.
1094 5106 1251 5161 brittaniam
1262 5108 1290 5163 in
1303 5109 1356 5163 hiis
1373 5110 1418 5180 spui
1439 5109 1684 5165 eedeiideruntb.
1703 5107 1763 5165 itri-

131 5176 227 5249 ¹¹¹⁵¹³¹'⁰
248 5181 287 5263 ⁷··
322 5179 442 5278 ''³¹¹³“
460 5193 475 5233 ²
496 5177 597 5262 nnn
618 5177 707 5304 ‘lii‘
727 5193 743 5233 ³
765 5176 916 5303 but·
966 5184 1063 5301 libb
1076 5174 1211 5301 itb
1234 5177 1762 5304 Jg,⁴¹²tt⁶p,⁷·„,²,;,pa¹⁹·..ggp

131 5247 919 5448 333¹ss{Teffrglrllmilsilgitnabiirgff‘ifflmlssii
967 5284 1126 5441 ffrlrltisseti'.
1164 5262 1315 5443 figavit&
1353 5317 1490 5443 ‘factug
1529 5289 1757 5374 ¹¹traditurum&

284 5390 362 5447 ‘ent
452 5390 616 5446 'enamem
749 5387 788 5443 ies
851 5397 916 5444 rt.
1024 5401 1224 5455 reroscyma.
1273 5402 1481 5458 reresoymrs.

155 5575 180 5628 ‘¹⁸
194 5585 294 5655 Terret,
307 5604 356 5660 pro
369 5588 461 5646 l'larnc
475 5591 589 5663 (lumen
605 5589 634 5647 S.
650 5588 724 5662 tiri.)
883 5498 1014 5632 §omi
1027 5591 1068 5648 ιι.
1089 5592 1235 5663 liginlrar‘li
1248 5590 1338 5648 Vitam
1352 5591 1450 5658 Caroli,
1466 5610 1524 5666 rap.
1539 5596 1581 5652 lh.
