3832 6120
118 274 158 329 85
658 273 701 335 ba:
720 272 873 329 subulcis
892 271 1237 331 schhhsrrrtchthbs.
1722 282 1765 334 gg.

120 392 196 445 nrinc
220 386 328 442 ὓοιιιὶιιί
353 386 438 442 uestri
459 385 522 442 Jcsu
551 387 652 442 Christi
676 388 844 458 cougregatis
865 401 914 456 pro
928 405 953 464 Α
966 385 1026 453 quis
1041 384 1274 442 dicithriuthutu
1286 387 1440 442 haereticum
1456 386 1547 454 luisse,
1562 390 1756 456 nouudacuur,

120 484 214 536 causis
226 480 350 548 corporis
367 477 437 548 ciris,
450 481 522 548 (quud
534 490 575 535 est
594 480 725 544 Ecclesia,
741 481 811 533 iuter
831 478 915 533 urrrlta
965 476 1071 531 norerit
1093 479 1259 546 temporibus
1280 478 1461 548 apostolorum
1479 494 1530 533 nou
1550 479 1633 537 luisse
1652 480 1757 537 haereti

120 568 279 626 haeetiaur
298 570 412 624 statuit:
429 589 437 620 r
457 570 525 636 Quia
548 571 603 625 Deo
621 570 736 639 propitio
753 570 802 624 sub
820 570 915 624 catho-
965 565 1477 623 cnsuisicrludaeisetSauraritanis.
1507 568 1758 627 SicutsuenrutSi-

120 659 237 715 lienum
252 676 346 730 regum
367 661 551 716 dominatione
569 661 752 725 consistimus,
766 676 781 713 a
794 659 837 714 dic
854 658 916 714 Coe-
965 669 1027 707 nron
1041 665 1068 708 ct
1082 653 1237 720 Menander,
1254 655 1356 709 Hebion
1370 665 1397 711 ct
1409 657 1544 712 Nieolaus.
1566 657 1619 713 Sed
1633 675 1665 713 ex
1683 642 1758 714 erro2

120 767 166 804 rrae
181 749 287 804 bouriui
299 763 385 817 usqae
403 749 429 801 iu
445 749 561 802 secunda
576 748 680 802 sabbati
694 748 722 803 iu
736 748 850 811 Pascha,
864 747 916 801 hoc
966 745 1041 799 ribus
1062 745 1210 814 supradicti
1223 745 1344 800 Ccriuthi
1361 755 1504 816 eognoscat
1517 749 1588 816 quod
1598 749 1689 802 omnia
1704 748 1758 806 sint

48 901 50 905 ἲ
119 851 174 901 cst,
191 839 250 908 ipso
262 838 418 908 quatriduo,
432 839 577 907 procedere
589 838 660 890 iuter
675 836 854 900 Christianos,
870 851 916 889 ue·
964 830 1076 889 Judaiea
1095 850 1155 904 (puae
1173 836 1321 891 astruebat.
1348 836 1425 906 (l'ile
1444 836 1595 906 Epiphau.,
1613 837 1632 891 l.
1653 855 1672 902 r,
1691 840 1755 892 her.

118 946 174 996 qne
186 928 329 984 catholicis
338 927 444 998 populis
459 942 488 983 se
501 927 554 982 ullo
567 927 637 992 loco,
653 926 694 980 rel
705 940 917 997 quacunqueoe
965 940 1059 988 urm,
1079 933 1106 979 et
1124 924 1206 990 lreu.,
1225 925 1243 979 l.
1265 942 1284 992 r,
1304 942 1328 981 c.
1349 924 1406 999 25.)
1427 926 1595 983 Prmdicabar
1613 929 1756 984 Dominum

119 1022 231 1075 rasione
245 1020 361 1074 miscere
375 1027 550 1087 praesumant.
569 1039 579 1071 r
966 1029 1088 1073 uostruru
1111 1015 1203 1073 iesum
1229 1016 1367 1074 Christum
1389 1035 1487 1089 purum
1506 1018 1589 1074 luisse
1608 1021 1755 1088 homiuem,

158 1110 224 1166 i'lll.
238 1111 267 1165 lu
280 1110 395 1167 correilio
404 1107 661 1182 Laodiccuo(Capp.
674 1107 773 1177 57,58)
785 1114 916 1162 statutum
966 1124 1016 1162 nec
1036 1108 1226 1176 resurrexisse,
1247 1117 1275 1163 et
1293 1108 1449 1164 circumcidi
1472 1118 1607 1181 oportere.
1631 1109 1696 1164 Post
1715 1123 1758 1164 re·

118 1213 185 1254 cst«
207 1201 278 1268 quod
300 1216 352 1254 uuir
368 1204 521 1267 oporteata
536 1195 648 1262 JudaeiS,
663 1196 704 1249 rel
722 1195 868 1258 hmretieis,
883 1209 916 1251 ca
965 1199 1160 1254 surrectionem
1190 1201 1297 1256 dicebat
1321 1209 1460 1259 terrenum
1484 1197 1605 1253 futurum
1633 1215 1693 1255 esse
1715 1215 1759 1255 rc-

119 1307 182 1357 quae
202 1291 347 1345 mittuntur
369 1304 481 1344 munera
496 1289 594 1345 lestira
610 1289 756 1359 srrscipere,
782 1301 833 1343 uec
854 1301 915 1342 curn
966 1304 1048 1359 gnum
1067 1286 1167 1343 Christi
1191 1290 1218 1344 iu
1245 1289 1423 1354 llierusalem,
1446 1296 1474 1343 et
1492 1289 1616 1343 homines
1642 1289 1671 1344 iu
1697 1304 1758 1344 car-

118 1380 161 1434 ris
183 1380 253 1435 festa
268 1381 417 1444 celebrare,
441 1389 469 1433 ct
481 1380 553 1449 quod
577 1394 630 1434 noo
648 1387 773 1449 oporteat
792 1393 916 1449 azyuraur
966 1398 1000 1437 ue
1022 1383 1120 1439 iterum
1137 1383 1363 1454 concupiscentiis
1383 1391 1410 1437 et
1426 1382 1500 1437 vitiis
1520 1380 1667 1449 subjectam
1693 1397 1758 1436 eon-

119 1490 135 1523 a
161 1470 262 1527 iudaeis
288 1472 422 1541 accipere,
449 1480 477 1526 et
503 1471 705 1526 communicare
733 1470 916 1539 impietatibus
965 1475 1146 1529 versationem
1170 1474 1312 1528 habituros
1336 1473 1370 1546 ad
1393 1471 1493 1543 legales
1515 1470 1675 1526 festivitates
1697 1488 1758 1526 rur·

118 1577 228 1616 corum.
242 1581 251 1613 r
264 1562 298 1618 Et
310 1563 338 1616 iu
348 1562 402 1617 alio
413 1562 528 1618 concilio
542 1560 634 1632 (Cenc.
650 1559 741 1616 derel.
757 1578 777 1626 r,
790 1576 852 1632 cap.
867 1561 913 1625 l9;
966 1579 1024 1617 suur
1053 1564 1249 1631 celebrandas,
1272 1573 1300 1619 et
1324 1565 1427 1618 hostias
1452 1563 1575 1618 carnales
1598 1564 1693 1618 iterum
1712 1565 1757 1634 ju-

119 1653 233 1707 Arcern.
258 1670 277 1715 ι,
291 1669 351 1722 cap.
372 1651 423 1724 dl:
447 1651 509 1709 rUt
523 1652 545 1707 si
561 1651 623 1723 quis
644 1649 764 1706 iudaice
787 1649 914 1724 pravitati
965 1655 1104 1725 gulaudas.
1126 1656 1178 1711 Sed
1197 1663 1274 1710 etex
1294 1655 1485 1725 suprascriptis
1504 1656 1613 1711 statutis
1634 1656 1758 1710 advertat

119 1738 203 1811 jugali
223 1742 351 1796 societate
373 1740 554 1811 compingitur,
570 1739 663 1803 idest,
688 1737 745 1792 sire
759 1735 915 1793 Christiano
928 1745 952 1806 Β
966 1746 1051 1801 multo
1065 1746 1249 1802 detestabilius
1266 1746 1430 1801 exsecranda
1448 1754 1475 1799 et
1492 1745 1601 1800 vitanda
1618 1747 1754 1801 consortia

118 1830 225 1896 iuclaea,
245 1832 302 1887 sire
323 1830 416 1886 tadaeo
439 1829 592 1887 Christiana
619 1828 716 1883 mulier
735 1827 838 1882 carnali
851 1843 916 1883 coo·
965 1831 1130 1901 iudeorum,
1147 1852 1228 1905 quam
1248 1845 1406 1890 ceterorum
1425 1835 1623 1890 haereticorum.
1644 1833 1712 1901 Quia
1732 1850 1756 1891 st

120 1923 547 1992 surtiomisoeatur;quicuuque
559 1922 656 1977 horum
668 1916 917 1975 mntomuelasad-
941 1970 944 1978 ,
966 1942 1060 1982 omues
1078 1938 1219 1998 propterea
1240 1927 1390 1982 detestandi
1412 1935 1485 1992 saut,
1507 1927 1634 1997 quoniam
1653 1928 1754 1983 inimici

118 2016 228 2070 misisse
239 2023 396 2082 ¹¹⁰S⁰¹¹⁰²l¹s2
408 2029 427 2068 ³
440 2013 593 2069 Chllsiifflw
605 2020 679 2066 00³1ss
692 2008 916 2079 ssehmwssl'ilio
929 2011 937 2026 ⁸
965 2017 1088 2074 veritatis
1101 2019 1235 2083 existuut;
1250 2018 1334 2072 multo
1344 2017 1383 2072 illi
1398 2019 1484 2089 magis
1493 2018 1538 2088 qui
1552 2016 1668 2086 majores
1678 2033 1756 2072 erer-

117 2115 148 2160 et
161 2123 178 2161 a
193 2107 381 2163 communione
405 2105 532 2163 Ecclesiae
552 2104 676 2176 protinus
701 2110 912 2173 segregentur-a
966 2116 1028 2163 ceut
1046 2109 1211 2164 iuimicitias.
1232 2109 1272 2164 lle
1287 2108 1388 2164 etenim
1409 2108 1487 2181 (hug.
1500 2110 1529 2162 in
1541 2107 1637 2162 ilntth.
1652 2109 1670 2163 l.
1690 2126 1710 2176 r,
1729 2126 1754 2164 c.

155 2199 201 2253 lh.
224 2201 259 2254 Et
275 2198 563 2270 quia1ecelesiastica
582 2205 682 2252 statuta
699 2212 747 2267 per
767 2195 915 2265 apostolica
965 2200 1010 2271 ll)
1026 2215 1087 2256 uera
1101 2203 1239 2272 proprium
1248 2208 1290 2257 est
1302 2201 1491 2256 baereticorum
1501 2202 1528 2255 iu
1539 2201 1673 2272 aliquibus
1685 2213 1756 2257 coru·

119 2303 181 2349 acta
196 2293 328 2348 lirmauda
344 2300 421 2356 suut,
437 2301 464 2347 et
478 2291 492 2331 b
508 2305 576 2345 noua
588 2305 637 2359 per
649 2298 759 2353 uetera,
774 2286 915 2342 rideamus
964 2291 1082 2345 maniter
1095 2291 1196 2345 sentire
1210 2307 1270 2345 eum
1283 2289 1412 2355 Ecclesia,
1425 2289 1452 2344 in
1463 2287 1597 2358 aliquibus
1612 2289 1756 2344 dissentire

117 2387 185 2456 quid
201 2386 235 2440 de
248 2386 328 2441 beato
349 2383 463 2448 iosuae,
482 2398 562 2452 quem
585 2381 714 2450 diligebat
731 2380 811 2435 lesus
831 2379 914 2449 pluri·
964 2381 998 2434 ab
1011 2397 1053 2446 ca,
1071 2384 1122 2437 huc
1138 2392 1188 2448 est,
1202 2391 1325 2454 exparte
1339 2382 1534 2452 blasphemare,
1551 2399 1582 2437 ex
1596 2391 1673 2452 parte
1685 2383 1755 2437 rcri-

118 2492 204 2539 mum,
221 2474 343 2544 apostolo
356 2481 381 2529 et
397 2473 571 2542 evangelista,
588 2471 793 2540 antiquissimus
809 2480 836 2526 et
848 2486 914 2542 apo·
965 2475 1012 2527 tati
1027 2490 1192 2540 consonare,
1208 2473 1361 2530 ludaeorum
1374 2482 1463 2529 autem
1475 2489 1507 2528 ea
1521 2481 1576 2528 toto
1588 2473 1706 2538 mentiri,
1721 2488 1754 2528 ex

118 2568 232 2623 stolicus
244 2568 339 2623 doctor
349 2583 382 2621 ac
393 2576 496 2638 martyr
507 2565 607 2621 Christi
623 2575 649 2621 et
666 2565 793 2622 Ecclesiae
806 2566 914 2639 Lugdu·
964 2575 1020 2621 toto
1034 2565 1222 2636 blasphemare
1234 2565 1377 2620 Dominum
1389 2572 1417 2619 et
1431 2563 1515 2619 Deum
1528 2572 1650 2618 nostrum
1661 2561 1754 2617 lesum

118 2658 214 2714 nensis
236 2656 379 2727 episcopus
396 2656 513 2710 lreuaeus
531 2656 603 2710 dicat
622 2653 683 2726 (hp.
705 2654 816 2721 Euseb.,
838 2655 910 2709 [list
963 2657 1100 2713 Christum
1109 2665 1138 2711 ct
1149 2656 1296 2711 Ecclesiam
1309 2654 1376 2726 ejus,
1388 2661 1416 2708 et
1425 2652 1491 2707 nihil
1502 2654 1534 2708 de
1546 2668 1579 2707 co
1589 2667 1682 2707 rerum
1696 2666 1755 2706 cre-

117 2746 317 2812 eccl.,l.1r,c.
334 2745 376 2800 ii.
393 2745 460 2802 Vide
474 2746 572 2801 Barna.
586 2747 620 2802 ad
634 2763 679 2800 an.
694 2745 750 2817 li).
771 2746 816 2801 hit
829 2762 911 2819 ergo:
964 2750 1028 2805 dere
1044 2747 1096 2804 uisi
1114 2755 1229 2804 mortem
1242 2762 1414 2819 :quanquam
1430 2761 1480 2801 uec
1497 2745 1525 2799 iu
1540 2759 1573 2799 eo
1588 2757 1681 2796 verum
1696 2754 1756 2797 cre-

121 2837 353 2910 ‹EcPolycarpus
365 2853 439 2903 vcro,
454 2853 506 2892 noo
519 2837 603 2895 sulum
616 2837 798 2907 apostolorum
811 2837 837 2891 in
849 2853 913 2893 con-
964 2841 1040 2906 daut,
1062 2854 1094 2895 eo
1117 2840 1188 2909 qrrurl
1209 2847 1324 2893 mortem
1350 2837 1408 2908 ejus
1432 2845 1591 2892 caeterorum
1616 2834 1755 2890 homiuum

120 2927 282 2999 discipulatu
296 2928 430 2993 eruditus,
445 2937 472 2983 et
487 2935 662 2982 conversatus
679 2943 742 2983 curu
761 2927 853 2982 multis
866 2928 913 2999 qui
964 2932 1097 2987 mortibus
1110 2930 1226 2987 similem
1237 2931 1338 2990 dicant,
1354 2930 1406 2984 hoc
1422 2937 1472 2993 est,
1486 2944 1518 2982 ex
1533 2927 1694 2982 necessitate
1706 2941 1755 2980 na-

119 3021 265 3076 iiomiuurn
285 3019 420 3085 viderunt,
443 3019 491 3076 sed
513 3028 541 3074 et
564 3020 598 3074 ab
619 3019 748 3090 apostolis
766 3019 913 3076 collocatus
965 3033 1043 3089 turae,
1062 3038 1115 3078 uon
1135 3037 1169 3076 ex
1188 3021 1326 3076 voluntate
1346 3019 1546 3075 misericordiae.
1571 3018 1685 3088 Propter
1704 3019 1755 3073 hoc

119 3112 193 3169 Asiae
204 3111 273 3182 apud
284 3110 490 3182 smyrnensium
504 3109 653 3165 Ecclesiam
667 3111 817 3181 episcopus,
832 3125 912 3180 quem
926 3125 948 3189 C
964 3114 1127 3171 maledicere
1140 3128 1187 3169 eos
1200 3112 1344 3168 Dominum
1358 3120 1385 3167 et
1398 3127 1495 3181 corpus
1507 3111 1566 3182 ejus
1584 3111 1611 3165 iu
1629 3110 1755 3164 omuibus

117 3213 149 3258 et
168 3215 216 3256 uos
230 3201 346 3257 uidimus
365 3202 392 3257 iu
409 3206 498 3271 prima
518 3208 610 3254 nostra
632 3207 712 3255 aetate
733 3198 790 3271 (diu
813 3200 913 3255 etenim
964 3204 1132 3260 orationibus
1145 3205 1213 3269 suis,
1227 3204 1297 3260 sicut
1309 3212 1335 3258 et
1352 3209 1414 3258 ante
1431 3203 1618 3273 prophetatum
1634 3209 1676 3256 est
1690 3214 1755 3255 roce

119 3292 229 3358 rrmnsit,
243 3300 271 3346 et
285 3291 361 3348 ralde
375 3299 513 3347 senectute
526 3306 583 3360 prae
596 3289 847 3363 enterislougrerus
858 3291 914 3362 glo-
964 3295 1070 3350 homiui
1092 3295 1206 3351 dicentis
1224 3294 1258 3349 ad
1279 3294 1386 3348 Patrem
1402 3312 1408 3347 :
1426 3291 1583 3347 delenierat
1607 3289 1657 3357 illi,
1682 3301 1704 3344 et
1726 3298 1755 3344 tn

121 3385 194 3439 riosc
210 3392 238 3438 et
252 3383 403 3439 luculenter
421 3391 534 3438 testatus
552 3384 621 3438 obiit
637 3382 720 3456 rita),
743 3384 801 3439 haec
823 3384 915 3441 docuit
964 3388 1106 3444 benedices.
1133 3387 1161 3444 Si
1183 3404 1247 3460 ergo
1265 3390 1357 3444 hostes
1375 3387 1516 3443 catholica
1532 3386 1595 3440 hdei
1612 3394 1753 3456 propterca

119 3489 229 3544 semper
248 3489 308 3545 quae
328 3474 361 3528 ab
377 3473 509 3544 apostuhs,
529 3473 632 3539 didicit,
657 3489 718 3546 quae
740 3482 768 3530 et
786 3475 913 3532 Ecclesiae
963 3479 1123 3534 exsecrandi
1136 3486 1199 3534 sunt
1210 3487 1236 3533 et
1250 3477 1371 3540 carendi,
1386 3476 1450 3548 qaia
1464 3475 1566 3530 inimici
1581 3484 1643 3530 suut
1656 3475 1755 3528 verita-

119 3564 242 3630 tradidit,
257 3581 316 3636 qua:
329 3576 357 3619 et
370 3564 425 3621 sola
440 3571 503 3620 suut
513 3580 576 3619 vcra
587 3581 596 3631 ;
608 3573 636 3619 et
648 3573 712 3621 sunt
720 3566 767 3636 qui
779 3567 914 3623 audierint
964 3572 1015 3639 tis;
1029 3588 1110 3644 super
1119 3587 1214 3628 omues
1225 3570 1354 3632 infideles,
1372 3568 1534 3633 incredulos,
1545 3567 1588 3622 vel
1599 3566 1754 3631 haereticos,

118 3672 184 3712 cum
202 3658 273 3726 quod
291 3655 409 3711 loannes
429 3655 535 3709 linuriui
558 3655 705 3726 discipulus
725 3651 759 3712 ad
777 3657 912 3728 Ephesum
964 3663 1113 3720 detestandi
1129 3670 1191 3719 suot
1205 3660 1307 3727 ludaei,
1322 3659 1385 3732 quia
1400 3659 1500 3715 nullum
1516 3672 1600 3728 genus
1614 3657 1754 3712 homiuum

120 3746 187 3800 dum
201 3755 326 3816 pergeret
338 3746 468 3812 lavatum,
482 3754 513 3800 ut
525 3745 591 3801 vidit
607 3747 679 3802 iutus
688 3745 857 3815 Cerinthum,
869 3764 914 3804 ex·
963 3753 1098 3808 inuenitur
1111 3753 1153 3808 cui
1166 3755 1205 3808 ita
1224 3752 1306 3808 libeat
1321 3751 1482 3806 maledIeere
1499 3748 1652 3804 homiuum.
1678 3745 1756 3813 Quod

120 3837 207 3892 silirit
217 3853 232 3892 a
242 3836 337 3892 balneo
353 3853 405 3892 non
420 3836 500 3903 lotus,
515 3837 607 3892 dicens
620 3836 682 3906 quia
694 3837 802 3892 timeret
814 3852 848 3892 oe
860 3838 914 3892 bal-
964 3845 1041 3899 nobis
1053 3859 1107 3898 uon
1120 3843 1233 3898 minimo
1246 3852 1339 3897 notum
1353 3849 1404 3905 est,
1416 3840 1462 3909 qui
1475 3838 1595 3908 quoditie
1609 3851 1678 3905 pene
1692 3853 1753 3893 cum

121 3942 203 3981 neum
220 3932 370 3992 carrueret,
384 3927 473 3998 posito
486 3927 560 3982 intus
575 3926 702 3981 Cerintho
722 3927 845 3983 veritatis
858 3929 911 3982 ini·
964 3933 1004 3988 eis
1017 3933 1166 4002 loquentes,
1181 3933 1308 4002 mysteria
1322 3930 1425 3985 erroris
1438 3930 1557 3999 ipsorum
1570 3928 1705 3984 audimus.

120 4017 205 4072 amm.
222 4016 256 4072 Et
269 4017 399 4089 ipserero
415 4016 579 4088 polycarpus
592 4015 721 4071 biarcioni
733 4017 866 4087 quondam
886 4018 912 4073 in
999 4023 1032 4077 li.
1053 4022 1152 4077 Dicunt
1169 4022 1285 4092 denique
1303 4021 1388 4078 Deum
1409 4036 1487 4076 suum
1506 4035 1566 4075 esse
1581 4033 1751 4090 corporeum,

121 4105 219 4163 iaciens
238 4107 291 4178 ipsi
305 4108 422 4163 venienti
437 4115 464 4165 et
483 4106 595 4172 dicenti,
609 4105 747 4177 Cognosce
762 4122 819 4171 uos,
834 4109 859 4164 ei
871 4126 914 4165 re-
964 4123 993 4171 et
1007 4113 1145 4185 corporeis
1159 4113 1323 4170 liniamentis
1337 4130 1385 4185 per
1402 4117 1520 4169 membra
1540 4113 1713 4178 distinctum,
1727 4118 1755 4166 et

121 4198 241 4267 spondit,
266 4197 424 4270 Cognosce,
450 4214 582 4270 cognosco
602 4194 769 4269 primitivum
794 4199 910 4259 Satanae.
964 4202 1016 4258 alia
1030 4203 1138 4273 quidem
1150 4212 1229 4274 parte
1242 4202 1317 4258 illurn
1338 4205 1432 4260 audire
1451 4210 1481 4258 ut
1497 4217 1557 4268 nos,
1576 4201 1628 4256 alia
1649 4201 1752 4265 videre,

123 4287 240 4343 'iuratum
257 4288 369 4360 apostoli
390 4297 417 4345 et
437 4289 560 4362 discipuli
579 4303 673 4344 eorum
694 4289 814 4346 habuere
834 4307 912 4349 reve·
964 4292 1016 4347 alia
1030 4306 1095 4348 vern
1106 4291 1189 4364 loqui,
1201 4292 1244 4348 vel
1260 4293 1332 4348 aliud
1347 4293 1410 4363 quid
1423 4306 1523 4360 agere;
1537 4306 1569 4346 ac
1580 4305 1630 4359 per
1641 4290 1693 4344 hoc
1704 4289 1755 4343 lm-

124 4380 250 4446 rentiam,
271 4390 302 4435 ut
324 4396 359 4435 ue
378 4380 462 4435 uerbo
477 4378 584 4450 quidem
605 4379 835 4435 communicarent
855 4383 912 4437 cui·
964 4399 1074 4437 uranum
1095 4397 1192 4451 corpus
1215 4382 1250 4437 ad
1271 4383 1416 4454 imaginem
1438 4381 1486 4436 hei
1507 4380 1618 4443 iactum,
1640 4385 1760 4447 excepto

123 4487 207 4540 qrram
221 4472 387 4528 iucararauti
400 4471 573 4528 ueritatem.»
595 4471 636 4526 hd
653 4470 711 4525 haec
730 4471 752 4525 si
770 4470 839 4527 sorte
858 4473 908 4527 ali·
922 4469 949 4528 D
961 4474 1033 4545 quod
1051 4474 1094 4529 ille
1111 4473 1209 4545 digitos
1227 4488 1354 4528 manuum
1371 4473 1469 4528 habeat
1485 4470 1644 4526 inflexibiles
1664 4485 1696 4524 ac
1716 4469 1755 4522 ri-

794 4588 930 4646 bhhbzu
948 4589 1061 4647 NOTAE.

159 4714 173 4742 ¹
187 4701 370 4757 Ecclesiastico
384 4710 494 4757 statute.
507 4702 592 4757 Recte
614 4702 760 4758 admonent
781 4703 911 4771 episcopi,
964 4706 1031 4759 mati
1053 4714 1156 4771 esseut,
1177 4702 1333 4760 delinitione
1354 4700 1497 4770 pontilicis,
1521 4707 1549 4754 ct
1570 4696 1755 4757 declaratione

121 4772 308 4829 ecchsiastica
324 4780 426 4828 statuta
447 4772 651 4827 esselirmanda
666 4788 715 4843 per
734 4779 913 4842 acmaposto
964 4776 1164 4845 synodizhunc
1176 4789 1236 4832 csse
1250 4771 1380 4828 hiarciaui
1391 4770 1459 4841 hug.
1477 4784 1596 4834 sensum,
1611 4783 1672 4823 cunr
1685 4768 1753 4825 scri·
1792 4834 1795 4838 ⁴

124 4845 189 4907 lica,
211 4843 238 4898 id
253 4852 304 4907 est,
322 4843 428 4914 regulas
446 4843 644 4896 ecclesiasticas
667 4858 719 4895 nou
734 4856 812 4910 posse
829 4841 912 4896 rideri
963 4846 1017 4914 psit
1031 4844 1073 4899 illa
1086 4861 1146 4915 qum
1161 4843 1277 4898 aLcuue
1287 4842 1298 4896 l
1310 4856 1380 4912 papa
1395 4839 1542 4896 secundum
1554 4837 1767 4894 ecclesiasticos.

122 4928 226 4983 aquas,
240 4913 291 4967 nisi
306 4920 411 4967 constet
428 4927 474 4968 eas
489 4927 636 4981 congruere
656 4911 804 4966 traditioni.
825 4910 913 4976 Quare
964 4930 1083 4969 canones
1097 4912 1284 4978 definirentur,
1298 4928 1314 4966 a
1328 4913 1429 4984 syuodo
1444 4910 1608 4966 declaratum
1626 4909 1670 4962 iri.

123 4998 179 5037 nou
204 4982 300 5051 injuria
338 4983 494 5037 adnotatum
523 4994 565 5036 est
588 4983 622 5036 ab
642 4983 744 5052 optimo
770 4981 914 5036 hlmcenate
1000 4984 1102 5039 bNoun
1112 5000 1159 5052 per
1168 4991 1262 5036 cetere.
1277 4982 1346 5036 Nam
1363 4997 1460 5045 ierim,
1476 4989 1505 5035 ut
1518 4980 1572 5035 illic
1583 4978 1672 5033 hiarca
1688 4980 1755 5033 seri·

124 5068 187 5107 nien
202 5053 229 5105 iu
250 5053 319 5106 libro
333 5068 350 5106 v
363 5055 396 5106 de
409 5052 559 5107 Concordia
582 5049 733 5106 sacerdotii
758 5059 785 5104 et
807 5050 914 5119 imperii
965 5053 1014 5116 bit,
1026 5054 1110 5109 semel
1127 5052 1231 5106 tradita
1245 5051 1306 5107 lidei
1322 5051 1476 5106 haerendum
1497 5051 1541 5114 sit,
1556 5057 1587 5103 ut
1606 5048 1685 5101 docet
1702 5046 1752 5101 Ju-

109 5122 184 5193 ‘cap
201 5124 225 5185 9,
240 5122 292 5194 §a
315 5136 481 5193 quaecuuque
496 5121 559 5175 olim
575 5123 644 5190 apud
659 5122 775 5191 synodos
792 5122 913 5190 prolere·
966 5125 1014 5178 das
1036 5122 1181 5194 apostolus,
1205 5122 1268 5177 hiuc
1290 5122 1412 5191 sequitur
1434 5135 1494 5175 eam
1515 5131 1575 5172 esse
1596 5116 1657 5169 lidei
1673 5116 1753 5171 Chri·

124 5191 234 5259 bantur,
251 5192 285 5246 ab
300 5192 334 5246 iis
346 5208 399 5247 uon
415 5192 582 5262 simpliciter,
596 5188 643 5245 sed
658 5205 721 5245 cum
739 5191 914 5260 inquisitione
966 5195 1062 5248 stiauae
1083 5192 1231 5257 rationem,
1252 5200 1283 5246 ut
1302 5193 1394 5246 vetera
1421 5196 1561 5251 eruantur,
1584 5201 1637 5240 non
1662 5195 1753 5241 autem

124 5262 269 5345 approbari
288 5262 383 5328 solita;
407 5276 505 5331 nempe
515 5262 539 5315 si
559 5266 737 5331 congruerent
750 5275 811 5315 cunr
833 5273 916 5328 erpo·
966 5280 1035 5318 nova
1049 5263 1214 5326 condentum
1233 5261 1458 5331 quemadmodum
1473 5265 1548 5338 recte
1569 5257 1674 5337 monuit
1688 5257 1754 5313 Eiu-

124 5337 224 5387 srtrooe
242 5342 270 5387 et
286 5332 409 5387 doctriua
426 5330 547 5385 Petrum.
566 5330 665 5396 Quare,
683 5330 801 5384 ut'idcru
821 5338 915 5383 auctor
967 5334 1072 5387 centius
1083 5331 1267 5386 Lirinensis.»
1299 5332 1345 5385 Sic
1358 5328 1485 5384 Claudius
1500 5342 1563 5397 imp.
1579 5326 1670 5381 arebat
1681 5327 1754 5398 apud

126 5392 167 5456 aii
176 5401 203 5455 in
215 5402 303 5475 capite
314 5409 410 5457 octavo
422 5400 541 5470 ejusdem
555 5400 626 5465 libri,
640 5401 705 5454 illud
718 5399 781 5453 olim
794 5398 873 5452 auxie
887 5399 915 5452 in
967 5404 1090 5458 Tacitum
1114 5404 1142 5457 in
1157 5402 1227 5456 libro
1245 5417 1272 5454 ru
1287 5399 1450 5455 Annalium:
1466 5414 1476 5448 r
1496 5396 1591 5452 Omnia
1605 5395 1635 5450 P.
1648 5396 1678 5453 C.
1693 5410 1755 5467 quae

126 5486 140 5527 s
161 5471 237 5527 nodis
251 5472 461 5543 disquirebatur,
478 5485 513 5524 arr
528 5484 597 5525 nora
616 5470 765 5540 cuiuspiam
779 5469 915 5538 pontilicis
968 5489 1039 5528 naue
1053 5472 1236 5528 vetustissima
1253 5471 1408 5532 creduntur,
1422 5481 1491 5522 nova
1504 5465 1589 5523 luere.
1613 5465 1752 5523 invetera-

151 5541 241 5596 omani
258 5541 373 5611 epistola
394 5557 455 5597 cum
471 5540 619 5608 scripturis
637 5549 665 5594 et
682 5540 832 5594 canonibus
850 5552 915 5593 mn·
967 5552 1024 5599 scer
1042 5545 1094 5598 hoe
1110 5557 1234 5613 quoque;
1257 5548 1284 5594 et
1298 5537 1370 5609 quod
1385 5538 1465 5595 hodie
1482 5537 1613 5609 exemplis
1634 5544 1764 5607 thesaur,

127 5620 252 5680 grueret;
271 5619 302 5666 ut
319 5612 357 5666 ha
369 5612 477 5666 mmum
497 5609 657 5664 auctoritare
672 5609 745 5664 illius
756 5623 849 5663 omues
872 5616 914 5662 te-
968 5615 1039 5671 inmr
1053 5612 1174 5682 exempla
1190 5611 1252 5666 erit.
1270 5628 1279 5661 r

128 5689 269 5748 ueremur,
283 5690 364 5754 atque
376 5682 479 5738 duobus
494 5679 575 5735 veluti
588 5678 701 5736 uinculis
713 5679 741 5733 iu
756 5678 808 5734 lide
820 5677 917 5734 contir-
