3832 6120
160 290 214 351 tit
640 291 669 350 S.
690 293 866 352 AGOBARbl
884 294 1039 353 EPlSCOPl
1058 296 1302 355 tucubdettSts
1747 302 1798 363 iti

128 468 132 473 ι
158 415 171 443 ¹
192 400 289 457 summi
304 400 463 465 sacerdotis,
475 415 529 459 uon
539 399 657 458 bumana
668 404 779 472 vinnm,
798 404 847 462 sod
859 406 947 462 sanmi
961 407 1219 477 Aooelosie‘miiiit,
1235 416 1264 466 et
1281 411 1339 480 ipsa
1355 409 1382 464 in
1397 409 1504 467 cloacas
1518 411 1676 470 descendit?
1689 415 1797 476 Timea-

157 489 277 563 spirtius
297 491 473 561 periloiantur
495 490 669 551 inednbttiter
689 495 840 564 mdesute.
871 495 952 552 Nullo
1001 512 1063 555 mus
1072 501 1139 565 limo,
1153 500 1262 557 iratres.
1272 499 1567 559 Conveniataoiionem
1576 514 1698 562 nostram
1709 509 1797 579 ipsum

155 582 237 638 modo
261 583 352 654 igitur,
366 582 440 639 siout
467 582 564 640 boatus
577 582 747 657 Augustinus
769 587 861 654 docet,
879 606 888 639 c
904 604 950 643 sa-
1001 591 1185 648 ministerinm
1194 601 1329 649 nostrum.
1341 592 1381 649 be
1394 603 1569 665 peccatorum
1580 608 1736 655 nostrorum
1749 617 1797 658 oo·

154 681 327 727 aramentum
339 671 441 730 Christi
455 673 576 730 inbonis
596 674 731 732 ministris
743 678 949 747 approbandum
1000 684 1066 739 iidie
1080 684 1247 741 relaxatione
1268 686 1435 755 cogitemus3
1449 701 1484 742 ne
1498 697 1592 743 nostra
1611 689 1667 744 rita
1684 701 1796 758 peccato

153 771 206 827 est,
219 763 248 819 in
261 762 340 820 malis
351 767 545 836 respuendum,
565 769 644 839 qnasi
655 779 704 825 aut
716 771 797 842 bujus
810 781 859 827 aut
868 771 949 841 buius
997 775 1119 849 obligata
1133 786 1285 844 remaneat,
1298 791 1348 848 per
1361 792 1443 849 qnam
1454 778 1627 849 omnipotens
1640 778 1712 836 bens
1727 797 1796 852 que-

154 853 197 916 slt,
211 868 273 908 oum
288 854 315 908 in
337 864 453 925 utroque
467 857 540 914 idem
550 859 597 925 sit,
612 867 641 917 et
654 875 708 916 non
723 861 777 916 nisi
790 861 838 917 liei
851 863 898 918 sii.
913 864 948 920 Et
999 868 1065 924 tidie
1079 868 1148 924 alios
1161 868 1251 925 solvit.
1271 889 1281 923 s

153 945 277 1014 quamuis
292 945 320 1000 in
339 947 465 1017 pessimis
481 949 583 1006 bonurn
598 950 645 1014 sit,
673 951 726 1008 etsi
744 950 884 1007 bominum
899 955 946 1023 qni
1031 961 1113 1018 xvii.
1128 960 1317 1019 marmanios·
1328 977 1436 1035 qnoque
1449 963 1583 1020 etbeatns
1595 963 1610 1003 b
1620 978 1689 1034 papa
1703 965 1789 1021 Anas-

152 1034 377 1104 itooapontalius
391 1037 946 1123 estaliodeterior,nonideoilludquod
996 1053 1082 1108 pastus
1111 1052 1146 1108 de
1166 1053 1210 1109 his
1235 1054 1314 1110 docet
1346 1054 1473 1127 (brerae,
1497 1069 1522 1109 o.
1550 1054 1576 1121 i,
1606 1055 1645 1125 8),
1671 1056 1790 1113 dicens:

151 1135 235 1197 ttulit
245 1127 365 1183 deterius
377 1138 419 1183 est
432 1127 461 1183 ln
475 1128 522 1184 illo
535 1145 617 1199 quam
639 1130 667 1186 in
680 1131 753 1186 isto:
769 1133 832 1203 qnia
848 1149 899 1190 noo
915 1136 943 1193 in
995 1142 1063 1198 Nam
1076 1150 1103 1199 ei
1115 1143 1281 1213 baptismum
1296 1144 1368 1213 quod
1384 1144 1479 1215 procul
1494 1143 1525 1198 itt
1537 1145 1572 1200 ab
1586 1145 1720 1213 Ecclesia,
1733 1147 1792 1204 siro

150 1219 257 1275 duobus
266 1219 409 1276 catholicis
423 1220 513 1286 malis,
525 1221 549 1276 si
561 1236 630 1277 unus
640 1221 678 1278 sit
687 1222 742 1278 ailo
754 1224 883 1290 deterior,
897 1226 945 1282 dc-
994 1235 1030 1289 ab
1042 1234 1166 1290 aduimm
1181 1233 1224 1289 vet
1237 1248 1251 1287 a
1266 1232 1534 1301 inresuscitatum,
1548 1236 1583 1290 ad
1592 1236 1790 1306 percipientem

150 1310 279 1367 ῑθῑῑθῐθῑΰ
305 1311 470 1382 babtismum
495 1313 584 1383 ιιθΐίῑῑ
598 1327 649 1368 ¹¹⁰0
673 1314 697 1369 ti
711 1329 781 1369 ⁰⁰⁰⁸
795 1329 889 1370 torum
908 1317 945 1372 til
993 1339 1093 1380 munus
1105 1325 1232 1395 pervenit
1251 1323 1397 1390 illibatum,
1411 1325 1476 1394 quia
1490 1340 1544 1381 uox
1567 1325 1612 1381 illa
1626 1342 1687 1397 qnae
1698 1330 1791 1384 sonuit
1808 1365 1816 1379 .

149 1401 247 1469 ΝΜ,
262 1402 332 1459 ²5⁰³
344 1403 440 1466 mill&
457 1403 484 1457 5¹¹
505 1403 577 1459 maio
589 1403 676 1460 ¹⁰³¹¹¹³
687 1412 730 1460 θθῑ
742 1405 944 1476 baptismus,et
992 1429 1043 1484 per
1058 1415 1222 1479 columbam,
1238 1429 1347 1469 ominem
1361 1414 1495 1470 maculam
1510 1416 1638 1472 hnmanae
1662 1419 1791 1487 pollnti02

148 1493 178 1551 in
200 1497 273 1552 bono
285 1497 382 1562 bonus,
395 1495 444 1552 sed
465 1496 625 1567 inutraque
640 1499 747 1554 bonus:
762 1500 832 1556 sicut
851 1501 941 1558 lumen
993 1503 1036 1557 nis
1059 1503 1199 1570 excludit,
1227 1518 1281 1573 qua
1303 1501 1457 1558 declaratur
1481 1519 1514 1560 ao
1537 1504 1637 1560 dieitur
1651 1523 1657 1560 :
1672 1506 1725 1562 ilic
1748 1519 1788 1564 est

70 1578 83 1602 ⁰
148 1585 227 1652 solis,
240 1586 281 1641 vel
294 1587 377 1643 etiam
399 1586 529 1652 lucernae,
544 1602 599 1642 non
614 1589 707 1658 utique
722 1590 843 1648 deterius
855 1601 899 1649 est
911 1594 940 1649 in
991 1594 1040 1662 qai
1055 1592 1172 1659 baptizat
1192 1594 1220 1648 ie
1238 1593 1338 1664 Spiritu
1353 1604 1455 1649 sancto.
1466 1594 1570 1667 Nempe
1580 1595 1712 1664 etludas,
1725 1616 1788 1656 oum

147 1678 234 1735 oeulis
254 1678 444 1743 deterioribus,
465 1693 547 1748 quam
565 1679 593 1734 in
608 1680 781 1749 notorious,
805 1683 939 1740 sedidem
991 1680 1074 1737 luerit
1085 1682 1233 1754 sacrilegus
1249 1684 1393 1754 aiqneiur‚
1411 1685 1545 1757 quidquid
1555 1687 1611 1758 ogit
1626 1689 1699 1744 inter
1722 1706 1787 1760 apo

147 1769 327 1838 amicisque,
343 1768 467 1838 quamvis
481 1765 528 1825 e'os
543 1769 650 1826 diverse
663 1785 712 1840 pro
725 1770 834 1829 illorum
846 1773 937 1829 dicer·
951 1762 1132 1844 Botolospco
1141 1773 1273 1844 dignitate
1280 1775 1437 1842 commissa,
1445 1774 1577 1831 benmicm
1588 1778 1786 1849 perindignum

145 1856 279 1914 ιιιιιοιει
290 1855 410 1913 latiiioet
422 1857 465 1914 uel
477 1859 624 1915 excruciet.
643 1879 653 1914 r
990 1864 1064 1930 data,
1083 1863 1156 1919 nulla
1171 1878 1204 1920 er
1227 1864 1280 1920 boo
1302 1865 1465 1921 decimenta
1478 1874 1634 1922 senserunt
1650 1867 1787 1939 Quidquid

181 1949 251 2008 titt
277 1949 409 2006 Similiter
425 1960 517 2006 autom
534 1960 561 2007 et
586 1951 682 2008 bonam
695 1967 767 2023 papa
790 1953 940 2028 Gregorius
990 1969 1055 2026 ergo
1064 1954 1099 2009 ad
1112 1955 1255 2010 bominum
1269 1962 1428 2024 proredium
1438 1957 1587 2027 quilibetin
1598 1959 1721 2015 Ecclesia
1734 1964 1786 2017 mi·

145 2048 181 2104 de
194 2062 249 2102 uon
269 2046 477 2102 contemnendis
489 2045 590 2102 divinis
607 2048 790 2103 sacramentis
813 2049 841 2104 in
854 2049 941 2120 quali·
989 2045 1076 2100 nister
1091 2061 1142 2116 pio
1162 2044 1250 2101 cilicio
1274 2047 1452 2103 succidetur
1480 2050 1599 2118 operari,
1623 2051 1676 2107 boc
1700 2060 1786 2109 totum

145 2138 304 2205 bmeunqne
314 2135 448 2191 ministris
458 2135 507 2191 liei
522 2135 700 2206 subquodam
713 2151 833 2208 congruo
845 2153 938 2194 exem·
988 2137 1126 2194 contineri
1148 2137 1314 2208 implendum
1328 2138 1481 2195 diuinitatis
1499 2139 1608 2207 edoctu,
1625 2143 1663 2197 iia
1680 2143 1726 2200 ille
1737 2159 1788 2214 pcc

143 2229 189 2299 plo
210 2229 347 2294 admonet,
370 2227 488 2283 diceris:
508 2245 518 2279 c
535 2225 624 2298 Saepe,
653 2228 753 2286 iratres
780 2231 846 2298 mei,
870 2231 940 2288 solet
987 2226 1209 2297 quemchristus
1224 2228 1353 2298 loquitur,
1369 2228 1602 2286 Paulusadlrmat
1617 2249 1624 2286 ;
1641 2232 1786 2304 quplan-

145 2321 256 2378 evenire
268 2319 341 2389 quod
359 2318 431 2385 dico,
446 2326 476 2374 nt
489 2333 604 2388 persona
622 2330 721 2390 potens
749 2321 938 2379 iamtrinmha-
988 2319 1052 2386 moi,
1077 2318 1171 2390 Apollo
1196 2319 1301 2391 mpaeit,
1323 2319 1369 2374 recl
1390 2319 1462 2376 Deae
1488 2322 1676 2378 incrementatis
1699 2325 1782 2381 dedit.

144 2412 208 2469 best
226 2411 400 2482 despectum
422 2423 538 2480 eumque
561 2425 611 2481 per
635 2426 698 2467 eum
721 2412 780 2468 suis
800 2412 871 2475 iorte
896 2416 938 2474 vel
988 2407 1084 2482 Iiaqse
1099 2425 1181 2483 usqae
1200 2409 1361 2482 qaipioatsi
1373 2419 1411 2464 est
1426 2411 1538 2483 aliquid,
1552 2416 1691 2485 oeqaeqei
1704 2417 1784 2488 riqat,

141 2502 283 2562 extraneis
292 2515 450 2575 impensum
464 2500 573 2575 alitptotl
585 2502 705 2570 mandat,
721 2522 777 2563 non
789 2508 939 2578 despicitur
988 2502 1088 2573 cedqot
1107 2502 1296 2556 incrementum
1317 2500 1364 2554 dot
1387 2499 1468 2556 Deos.
1496 2502 1597 2559 ibeo
1622 2512 1712 2559 autem
1726 2522 1783 2583 yion

140 2610 259 2667 perseam
278 2594 416 2666 loquentis
429 2594 512 2661 servi,
526 2596 589 2664 quia
604 2604 730 2652 seruatur
751 2597 780 2653 in
799 2598 882 2654 eorde
895 2613 939 2654 re-
986 2594 1119 2666 quaeritur
1131 2594 1194 2665 quis
1212 2592 1255 2648 cel
1271 2591 1362 2662 qualis
1374 2592 1514 2662 praedicet,
1529 2594 1577 2650 sed
1587 2610 1668 2665 quem
1684 2596 1783 2665 pradi-

141 2689 265 2747 verentia
277 2687 543 2754 mittentisdomini;
562 2702 613 2743 nec
622 2697 740 2758 pensant
751 2689 799 2759 qai
811 2690 936 2756 andiunt,
986 2693 1042 2751 eet,
1059 2695 1089 2738 ui
1100 2683 1205 2739 invidos
1219 2683 1303 2738 otiam
1317 2683 1387 2739 bene
1405 2682 1545 2740 Christum
1557 2685 1707 2755 predicare
1717 2702 1783 2743 ωη-

140 2795 191 2848 per
209 2794 305 2851 quern,
320 2761 370 2835 sed
387 2778 465 2849 qnid,
486 2778 530 2834 rel
554 2794 638 2850 aquo
659 2779 780 2835 audiant.
805 2782 844 2837 lta
860 2797 936 2855 ergo,
987 2774 1087 2830 tirnot.
1100 2774 1161 2831 llali
1184 2775 1276 2844 itaque
1287 2775 1360 2830 bona
1383 2775 1575 2842 ministrando,
1591 2778 1645 2833 sibi
1660 2786 1782 2834 tantum-

141 2874 255 2938 intres,
271 2872 310 2927 ita
322 2886 371 2927 ros
383 2871 465 2942 agito.
479 2870 538 2926 Etsi
553 2869 668 2926 iocsitsn
690 2886 741 2927 nos
753 2871 835 2942 dique
846 2872 937 2943 despi-
986 2868 1068 2923 modo
1082 2875 1190 2931 nocent,
1213 2882 1263 2922 noo
1276 2867 1405 2923 Ecclesia
1423 2868 1553 2939 mysteria
1567 2869 1780 2925 commaculant.

132 2961 216 3027 -eitis,
231 2960 259 3015 in
275 2969 367 3016 mente
383 2968 474 3015 tannen
492 2967 584 3016 rostra
597 2961 722 3017 vocantis
732 2959 841 3021 Minici
856 2977 936 3020 reve-
985 2957 1081 3027 boper
1094 2957 1146 3012 boo
1160 2956 1315 3011 nuliatenus
1326 2956 1425 3012 debent
1438 2963 1559 3012 metuere
1569 2958 1669 3028 quiret
1680 2960 1783 3014 incon-

139 3053 258 3110 rentiam
269 3064 387 3109 seruate
400 3072 410 3106 a
423 3051 497 3109 ldem
507 3053 590 3108 etiam
603 3050 684 3107 Pater
693 3052 728 3108 de
739 3051 841 3109 eisdem
853 3054 936 3110 rebus
987 3048 1186 3104 secretionibus
1208 3046 1252 3103 ιιι
1280 3047 1307 3101 in
1333 3046 1497 3117 baptismate
1525 3048 1655 3117 mysteria
1683 3047 1782 3103 tradita

140 3144 169 3200 in
187 3145 307 3217 quadam
329 3145 519 3214 episcopomm
543 3144 733 3200 exhortatione
751 3145 792 3200 sio
813 3109 971 3215 loquiturC
987 3141 1150 3211 suscipiunt,
1176 3154 1212 3196 no
1239 3139 1318 3194 irrita
1341 3138 1474 3195 benoiicia
1497 3139 1590 3194 divina
1615 3139 1780 3195 rideantur:

136 3236 254 3312 (dome.
268 3237 302 3291 ll
314 3236 344 3290 is
355 3234 491 3308 Canopi:
508 3253 518 3286 c
534 3235 570 3290 Et
582 3249 632 3305 per
651 3250 702 3291 uos
715 3235 825 3306 quidem
840 3234 933 3292 ildelos
987 3238 1051 3307 quia
1073 3237 1203 3291 virtutem
1216 3249 1294 3290 suam
1313 3234 1499 3291 obtinentibus
1512 3233 1660 3306 mysteriis,
1683 3233 1711 3289 in
1729 3234 1782 3290 boo

138 3330 174 3387 ad
189 3336 314 3385 sanetum
337 3325 473 3396 baptisma
494 3327 614 3393 veniunt,
631 3325 733 3382 nostris
744 3327 873 3396 precibus
886 3328 933 3383 be·
986 3329 1048 3384 aliis
1065 3343 1110 3384 roa
1125 3327 1176 3384 sibi
1192 3341 1310 3398 persona
1324 3340 1377 3381 non
1390 3333 1481 3381 nocet.
1500 3344 1510 3378 r

137 3421 312 3485 nedicuntuc,
330 3432 379 3488 per
390 3417 592 3488 impositionem
601 3433 731 3476 mannum
741 3425 931 3475 nostrornms
1023 3418 1113 3476 livill.
1141 3418 1204 3474 llaeo
1217 3418 1301 3489 iqiiur
1328 3432 1408 3472 sensa
1433 3417 1545 3473 Petrum
1563 3425 1591 3474 et
1607 3416 1782 3475 definitiones

137 3512 194 3568 eoo
221 3511 354 3582 Spiritum
377 3517 507 3565 sanctum
529 3509 695 3579 percipiunt,
722 3516 806 3579 atque
826 3509 878 3579 ipsi
897 3509 932 3566 sd
984 3513 1135 3585 posuimus,
1148 3518 1180 3567 ut
1197 3512 1323 3566 noverint
1345 3511 1438 3567 iidoles
1449 3512 1560 3582 populi,
1586 3511 1653 3566 niiril
1674 3527 1704 3567 se
1718 3511 1779 3567 lardi

136 3617 252 3675 regnunt
274 3602 386 3658 ooeleste
395 3600 564 3672 pertingunt.
582 3600 693 3657 Eteooc
714 3616 764 3657 nos
779 3616 829 3671 per
848 3601 934 3673 negli-
985 3602 1146 3659 criminibus
1170 3600 1341 3656 sacerdotum
1361 3601 1388 3655 in
1409 3602 1567 3672 aoooptinue
1593 3612 1779 3658 sacramento-

135 3693 256 3766 yertiiam
282 3703 404 3749 nostram
423 3692 552 3747 deorsum
569 3691 716 3748 tendimus.
742 3691 934 3762 ingrediuntur
984 3709 1061 3760 rnm;
1075 3693 1098 3747 si
1113 3690 1291 3762 tamonjuttn
1306 3689 1427 3760 requiam
1442 3691 1721 3762 aboritinopositam,
1737 3692 1781 3749 uel
1882 3756 1885 3760 ⁴

135 3786 216 3842 electi
238 3786 409 3840 sacerdotnm
439 3783 566 3838 manibus
592 3783 692 3853 expiati
719 3782 859 3839 eoelesim
885 3799 933 3854 pa-
984 3785 1133 3842 secundum
1148 3782 1323 3840 traditionem
1347 3781 1572 3848 ecelesiasticam,
1594 3783 1777 3841 celebrentur.

135 3877 230 3944 iriam,
243 3884 273 3932 et
283 3875 441 3931 sacerdotes
454 3874 507 3945 ipsi
521 3889 571 3945 pcc
582 3875 667 3929 sitam
679 3874 825 3944 reprobam
841 3875 876 3931 ad
889 3876 932 3931 in·
983 3875 1119 3933 Catorw
1143 3888 1315 3944 summopere
1334 3885 1445 3928 neeesse
1464 3882 1508 3928 ost
1525 3875 1684 3943 praecaveri,
1701 3884 1730 3930 ut
1750 3877 1778 3930 iu

135 3968 207 4023 terni
228 3965 360 4036 supplicia
383 3963 597 4020 certumnest
615 3980 680 4037 erqo
696 3967 748 4033 roi,
770 3966 813 4023 cni
828 3966 932 4024 similes
984 3965 1144 4024 ordinandis
1166 3977 1178 4005 ⁸
1202 3963 1383 4020 offerendisve
1407 3963 1540 4018 utinlstris
1553 3979 1605 4018 non
1625 3967 1776 4021 communi-

135 4056 254 4112 direrinr
272 4054 429 4111 sacerdotes
455 4055 552 4121 malos,
575 4055 630 4111 nisi
652 4070 731 4125 aane
746 4057 930 4127 bsptismatis,
984 4071 1090 4123 cemus,
1103 4064 1229 4126 utsupra
1249 4053 1416 4119 dictumest,
1438 4055 1558 4124 peccatis
1574 4055 1706 4123 attentat
1723 4059 1778 4113 ori·

134 4160 195 4217 quae
208 4153 319 4218 peccata
333 4144 534 4216 baptizatorum
554 4144 671 4211 diluens,
686 4145 747 4201 illos
765 4147 800 4201 ad
817 4162 931 4218 mum
984 4150 1105 4204 miuosos
1118 4144 1244 4200 uidelicet
1257 4143 1291 4199 ad
1310 4142 1491 4198 sacerdotium
1503 4146 1698 4215 promouendo,
1718 4156 1777 4213 ant,

820 4236 956 4298 catbztt
974 4237 1090 4297 ΝΟΜ.

130 4296 196 4397 vdtis,
209 4326 347 4387 sacriiloio
362 4327 445 4383 etiam
462 4327 614 4384 sacerdotis
630 4325 706 4396 impii
721 4325 820 4383 ooniioi
834 4342 927 4384 saera·
978 4344 1040 4402 qnae
1053 4343 1069 4383 a
1083 4326 1218 4382 ministris
1230 4325 1334 4382 Christi
1360 4326 1536 4398 impenditur,
1563 4346 1617 4386 non
1642 4346 1693 4402 per
1712 4347 1775 4387 cunr

129 4407 237 4458 menta.
250 4398 311 4455 Alia
324 4399 459 4471 Cypriane
469 4412 547 4454 mons
558 4397 610 4455 init
626 4398 693 4470 :qui
716 4398 744 4452 in
757 4398 873 4468 epistola
892 4398 927 4454 68
942 4440 968 4502 D
981 4401 1027 4526 gni
1037 4399 1157 4464 videaur,
1171 4398 1219 4453 sed
1230 4398 1279 4468 qui
1290 4412 1344 4452 non
1358 4397 1477 4463 ridetur,
1492 4401 1663 4455 sacerdotem
1685 4402 1776 4456 iniim-

133 4469 176 4545 (ιιι
188 4470 244 4526 titio
265 4469 377 4525 adnotat
398 4468 539 4536 Erasmus>
562 4470 677 4531 omnino¹
695 4467 799 4524 sentire
822 4469 930 4524 videtur
1003 4471 1066 4525 itur.
1083 4467 1177 4538 Neque
1193 4468 1267 4522 enim
1287 4468 1334 4538 qui
1348 4468 1592 4540 riqatestaiiquid,
1615 4486 1703 4541 neque
1728 4474 1775 4543 qui

132 4539 270 4598 saoriiioio
293 4540 443 4596 sacerdotis
466 4539 543 4610 impii
564 4540 631 4597 nibli
655 4535 739 4605 ellici,
765 4538 820 4592 imo
842 4541 931 4611 magis
981 4541 1098 4611 plantat,
1123 4537 1171 4593 sed
1194 4538 1242 4608 qni
1265 4538 1463 4594 incrementum
1486 4543 1533 4594 dat
1555 4540 1636 4595 bears.
1666 4561 1675 4594 r
1704 4541 1776 4599 Sanc

132 4611 271 4682 lnqninari
303 4610 440 4681 populum.
471 4610 585 4680 Optatus
613 4620 705 4666 tamen
741 4608 770 4662 in
800 4608 871 4664 libro
895 4625 930 4680 ,rr
982 4620 1105 4682 tempore
1118 4606 1266 4663 Alexandri
1278 4607 1312 4663 lll
1323 4608 1444 4664 Ecclesia
1460 4611 1590 4665 credebat
1603 4611 1775 4667 llominioum

132 4690 227 4753 aperte
237 4681 334 4739 scribit
343 4696 425 4751 posse
435 4681 538 4750 aliquid
551 4678 727 4744 sanctificari,
746 4676 854 4759 etiamsi
867 4694 930 4767 poc-
979 4696 1080 4751 corpus
1095 4693 1172 4748 aeqoe
1185 4677 1281 4734 oonlioi
1295 4679 1394 4736 amalo
1405 4681 1557 4745 sacerdote,
1572 4689 1627 4736 eta
1641 4681 1729 4746 bono;
1745 4692 1777 4737 ni

131 4753 236 4809 catoris
250 4765 333 4820 opera
347 4750 396 4807 dat
408 4751 492 4805 diuini
513 4751 633 4807 nominis
657 4751 831 4804 invocatio«
856 4748 929 4822 Ergo
979 4759 1099 4823 patotox
1112 4750 1247 4804 seruientia
1269 4749 1401 4806 aduersus
1421 4750 1512 4805 Bonm
1536 4751 1662 4806 homines
1684 4752 1739 4807 lata
1759 4769 1775 4808 a

133 4823 188 4878 'aru
201 4821 305 4892 liquido
318 4828 441 4891 apparet,
455 4821 553 4903 iuquit,
572 4836 606 4876 ex
621 4818 792 4875 inuocatione
808 4820 929 4877 nominis
980 4821 1128 4877 Cauoelinc
1140 4819 1291 4875 Lodovensi
1305 4820 1549 4891 episcopanomine
1564 4822 1648 4877 totius
1661 4823 1773 4894 synodi,
1823 4877 1825 4879 .

130 4839 182 4949 liei
195 4907 276 4965 posse
293 4890 395 4960 aliquid
412 4890 596 4957 sanctificari,
617 4889 722 4945 etianrsi
743 4895 873 4959 pcooator
888 4889 929 4943 in·
979 4907 1040 4963 quas
1053 4890 1225 4960 exstatnpud
1244 4889 1389 4961 liopertum
1404 4892 1438 4946 de
1453 4890 1580 4947 lloredcn
1592 4893 1619 4947 in
1633 4903 1712 4963 parto
1723 4909 1773 4965 po-

132 4963 351 5046 rooetbenro.)
368 4960 486 5041 idipsum
501 4961 621 5015 incausa
635 4959 727 5042 bcaoii
752 4957 928 5015 sousitrius-
978 4960 1287 5042 sterioribanalium..
1341 5031 1347 5046 ι

131 5028 863 5182 {latitia-tiititillabit*diat
882 5029 929 5155 ii.
1015 5030 1567 5181 lliiliiifiiiili:riddiiilii.
1584 5103 1600 5156 r
1615 5113 1644 5158 c
1662 5104 1689 5159 a.
1704 5103 1773 5159 ni

133 5173 177 5229 ‘us
198 5173 270 5228 libri.
295 5175 384 5243 Atque
412 5187 445 5227 ea
468 5178 630 5227 auctotoritate
652 5171 738 5225 utitur
764 5169 928 5228 llincmarns
978 5170 1209 5228 rerbabnasmsu
1227 5171 1559 5242 decurtavitdqobardns.

128 5188 296 5302 &immensis
309 5245 338 5299 in
355 5241 470 5325 epistola
482 5241 517 5297 tt
530 5257 590 5311 qum
600 5242 663 5297 data
674 5249 717 5296 est
729 5239 763 5293 ad
784 5238 927 5296 Nicolaum
1015 5239 1233 5310 repercutiam.
1250 5241 1329 5296 istud
1348 5240 1470 5297 additum
1488 5253 1531 5298 ost
1544 5258 1577 5299 ex
1590 5244 1685 5300 codice
1705 5245 1776 5298 liar·

170 5327 245 5384 pam.
268 5308 588 5384 indecitamsumpsisse
611 5311 721 5366 videtur
743 5308 928 5379 liutprandus
978 5311 1064 5368 nesii.

133 5329 289 5440 &iocosis
302 5383 347 5438 lib.
364 5399 386 5446 t,
411 5398 472 5453 cap.
488 5386 505 5439 8
522 5402 528 5438 :
545 5402 555 5435 c
582 5381 717 5450 Quoniam
740 5388 769 5434 et
781 5379 811 5444 li,
827 5379 926 5449 inquit,
1012 5380 1384 5451 tcmmtoocmprocetendo.
1401 5383 1520 5440 Vetitum
1533 5385 1608 5440 iliad.
1621 5386 1690 5440 Enni
1701 5386 1775 5440 enim

129 5454 181 5525 qui
194 5469 211 5508 a
224 5450 292 5507 luda
305 5452 411 5508 Domim
426 5454 512 5509 nostri
523 5453 589 5510 lesu
597 5453 698 5509 Christi
711 5450 848 5522 proditore
863 5459 927 5507 anto
977 5452 1023 5523 qui
1044 5452 1079 5506 ad
1096 5452 1279 5507 sacerdotium
1299 5462 1488 5522 promovetur,
1508 5457 1614 5527 integra
1631 5455 1776 5511 lernaeae

126 5523 316 5595 proditionem
324 5522 440 5579 salntem
454 5538 502 5579 seu
520 5524 736 5580 benedictionem
751 5518 926 5590 apostolicam
977 5530 1095 5595 oportet,
1113 5519 1192 5589 juxta
1207 5533 1372 5592 mium
1385 5523 1517 5593 iipostnli.
1541 5527 1602 5592 Qtro
1617 5525 1718 5581 iactum
1733 5536 1777 5581 est

134 5599 325 5668 perceperant,
336 5606 370 5648 ea
382 5601 444 5661 post
457 5595 640 5664 proditionem
652 5593 811 5675 propriique
829 5604 927 5662 corpo·
976 5603 1008 5649 ui
1021 5602 1099 5650 roiate
1110 5591 1232 5647 Ecclesia
1246 5594 1340 5663 procul
1351 5609 1366 5647 a
1377 5595 1538 5650 clericorum
1552 5596 1667 5667 collegio
1678 5611 1778 5651 arcuo-

135 5666 235 5723 rissus
271 5664 395 5720 usionem
410 5665 521 5718 minime
535 5665 720 5736 suniprirait,
735 5662 927 5742 nisiquosim
977 5664 1015 5720 rit
1027 5678 1076 5720 cos
1090 5665 1137 5733 qni
1159 5661 1269 5734 flagitiis
1282 5664 1470 5721 commaculati
1486 5674 1580 5733 orante
1603 5674 1637 5722 ut
1652 5675 1729 5738 patet
1740 5681 1778 5723 ex

134 5737 221 5810 proba
233 5678 305 5794 ἴτω
314 5732 488 5793 doloedacttnt
499 5732 611 5808 flagitia.
623 5731 782 5793 Benedictio
790 5730 926 5802 §maidens
977 5733 1101 5791 booretis
1114 5746 1191 5805 papa·
1200 5732 1301 5793 Gelasil
1310 5747 1372 5806 cap.
1391 5734 1435 5793 ¹8.
1452 5735 1540 5809 Atque
1551 5736 1580 5794 id
1595 5738 1717 5811 yraritor
1729 5739 1779 5796 do·
