3832 6120
152 270 188 327 tu
597 270 627 329 S.
647 268 859 330 anomaeus
874 268 1067 330 miscentis
1085 272 1341 338 tununnensis.
1752 284 1789 340 id

152 386 224 447 bam,
243 381 384 439 Claudiam
400 381 596 438 Taurineusem
612 382 823 440 demoratione
846 383 977 455 imagi-ai
994 382 1043 439 sed
1066 386 1181 458 origine.
1195 388 1251 446 Nee
1269 390 1423 461 adoptione,
1448 394 1513 463 qaia
1538 409 1619 452 seem
1634 397 1787 456 exstitisset

152 491 229 540 num,
243 474 340 530 lenam
364 472 587 530 Aurelianensesn
606 473 787 546 halitgarium
798 483 826 531 et
835 475 947 529 Amala-
996 473 1258 546 aliquandoalienus
1272 497 1288 537 a
1302 482 1369 538 lieo.
1384 481 1440 539 Nee
1453 488 1648 558 assumptione,
1666 491 1731 561 quia
1744 507 1789 548 as-

151 564 222 621 rium
237 562 596 635 ileliprandumepisoopum
610 562 779 630 Toletanum,
807 562 946 635 liugilber·
996 580 1107 623 sumens
1130 576 1158 624 et
1173 581 1329 642 assumptus
1344 581 1407 629 sunt
1420 575 1501 631 idem.
1530 576 1582 633 Sed
1599 580 1696 637 unicus
1709 590 1789 637 natu-

151 664 220 724 tum,
242 663 308 720 ete,
322 663 351 710 et
363 654 509 726 plerosque
528 653 606 719 alios,
630 653 865 724 qaosretioemus.
878 652 947 708 Cra·
997 654 1062 713 ralis
1084 656 1169 715 Filias
1193 661 1251 717 liei.
1279 663 1313 717 Et
1326 665 1553 734 quemadmodum
1567 670 1684 740 quilibet
1694 673 1787 740 bomo,

152 762 200 804 res
223 746 351 802 tractarit
378 745 523 811 materias,
551 760 667 817 quarum
691 746 833 817 synopseis
860 743 946 815 subii·
996 743 1087 798 anima
1111 754 1139 801 et
1154 762 1229 815 caru,
1253 758 1296 805 est
1307 767 1361 806 una
1375 767 1509 823 persona;
1539 756 1580 812 sic
1593 757 1720 816 Christus
1733 776 1787 817 una

151 838 251 894 cimus.
938 821 955 834 ³
995 855 1121 910 persona,
1137 841 1255 898 Verbum
1270 851 1298 898 et
1317 847 1410 902 bomo.

152 928 281 1002 Senensis
304 929 384 1001 primi
407 928 546 985 maurinis
570 928 697 984 adsersus
714 928 811 999 dopna
832 925 944 982 Felicis.
1031 930 1064 984 ll.
1093 931 1133 986 Es
1156 933 1202 986 tali
1225 936 1325 992 unione
1339 937 1408 1005 lieri,
1423 947 1454 994 ut
1470 955 1502 996 ea
1518 956 1578 1011 qua
1600 950 1664 998 sunt
1685 945 1788 1011 oanis,

185 1022 302 1092 lnnperio
323 1019 414 1078 Caroli
444 1019 534 1092 lingna
558 1028 586 1076 et
608 1018 737 1075 Ladoriei
763 1018 947 1083 Cassarume
996 1020 1063 1076 hant
1082 1022 1242 1079 divinitatis.
1272 1023 1341 1081 Nam
1361 1028 1384 1083 si
1401 1044 1468 1087 caro
1495 1040 1538 1088 est
1557 1035 1667 1106 propria
1692 1036 1787 1101 Verbi,

150 1113 266 1169 summis
280 1112 402 1184 Pyrenei
416 1112 538 1182 apicibus
554 1111 667 1166 emersit
675 1110 786 1182 quidam
802 1109 947 1181 episeopus
996 1125 1047 1166 eur
1061 1112 1170 1167 nomina
1185 1112 1277 1169 earnis
1303 1130 1356 1171 non
1379 1127 1461 1174 erunt
1485 1123 1595 1194 pmpria
1608 1124 1644 1179 ei.
1672 1124 1790 1196 ideoque

151 1205 278 1276 Origellae
292 1207 327 1261 ab
345 1204 495 1275 hragonia,
514 1203 557 1258 vir
579 1202 699 1273 alioquin
720 1203 945 1272 circumspectus,
996 1215 1059 1256 eum
1081 1216 1192 1259 earnem
1218 1205 1344 1279 sumpsit,
1373 1209 1463 1264 omnia
1492 1213 1584 1269 manis
1601 1216 1711 1284 propria
1737 1216 1789 1272 sibi

150 1310 179 1354 et
190 1294 347 1353 subtilitatis
359 1292 514 1364 Hispaniae
528 1307 581 1347 non
593 1292 723 1364 indigos:
744 1291 791 1362 qui
813 1289 947 1347 Nestorius
996 1289 1078 1359 iecit;
1098 1292 1137 1348 ita
1165 1300 1196 1348 ot
1223 1296 1374 1351 seeundum
1395 1307 1539 1370 utramque
1559 1312 1685 1360 natrrram
1706 1307 1741 1361 sit
1762 1314 1789 1361 et

150 1395 233 1444 secte
248 1385 306 1457 jam
328 1383 375 1439 diu
399 1382 505 1456 fulgore
529 1381 669 1456 Evangelii
683 1382 826 1439 exstinctae
840 1382 946 1440 semina
996 1382 1159 1450 virideator,
1177 1385 1427 1457 etpontiier,ete.,
1443 1390 1673 1449 sieutseeundnm
1686 1403 1790 1451 utram-

151 1481 186 1537 sb
200 1478 297 1535 inieris
310 1477 448 1534 excitavit.
472 1474 636 1548 objurgatur
655 1476 786 1547 primast
802 1476 943 1533 convinci·
996 1486 1051 1544 qne
1064 1475 1163 1531 animae
1176 1484 1204 1532 et
1222 1477 1354 1548 eorporis,
1368 1486 1441 1535 totus
1451 1480 1533 1537 borno
1546 1483 1646 1540 dieitur
1669 1485 1791 1542 rationa-

151 1580 197 1626 tur
208 1570 242 1626 ab
253 1567 418 1640 lleliprando
441 1566 571 1623 Toletano
580 1566 717 1638 episeopo.
742 1567 807 1623 lnde
819 1567 853 1623 ad
864 1567 947 1624 ilati-
996 1565 1042 1635 lis,
1063 1565 1253 1636 dieiturpner,
1280 1568 1467 1640 philosophus.

152 1663 245 1718 sbonae
258 1659 453 1730 compescenda
468 1655 527 1727 eius
540 1656 684 1713 insolentia
699 1656 845 1714 concilium
859 1657 947 1713 trahi·
1032 1654 1075 1711 lll.
1105 1656 1392 1730 Etpcreousequeas,
1415 1660 1555 1733 Virginem
1570 1663 1654 1723 baisse
1672 1678 1788 1727 matrem

152 1763 198 1809 tar
215 1753 249 1807 ab
262 1751 435 1821 imperatore.
452 1749 546 1805 Tertio
564 1747 695 1816 Romam3
723 1748 770 1803 abi
788 1757 944 1821 prostratas
960 1739 1138 1819 Butriusque
1168 1757 1283 1816 naturae,
1307 1750 1406 1807 divine
1434 1753 1530 1820 ctiam,
1553 1755 1612 1810 sina
1641 1773 1693 1827 qua
1724 1775 1789 1817 earu

151 1847 187 1903 ad
198 1844 291 1900 limina
306 1845 338 1900 Ι).
354 1842 441 1907 Petri,
458 1841 583 1898 haeresim
595 1839 720 1914 umescit
732 1854 826 1895 coram
849 1838 946 1896 Adria·
996 1853 1135 1909 nunquam
1149 1839 1200 1894 luit
1217 1840 1368 1908 incarnata,
1394 1850 1534 1915 totumque
1546 1845 1683 1902 Christum
1699 1849 1790 1908 incar-

152 1951 188 1992 no
207 1934 345 2008 pontifice.
371 1933 514 1988 Postremo
538 1946 601 1987 eum
621 1931 717 1985 iterum
743 1944 792 1984 sna
816 1928 946 2001 figmenta
997 1938 1091 1985 natum
1101 1930 1235 2001 genuisse.

152 2027 257 2083 chartis
275 2032 426 2091 exorasset,
453 2022 615 2080 convenitur
625 2022 660 2076 nb
682 2019 838 2092 Agobnrdo,
859 2020 947 2077 uinei-

152 2126 209 2186 tor,
235 2117 379 2189 profitetur
406 2129 538 2170 errorem.
563 2112 628 2167 i‘ost
651 2109 711 2180 ejus
729 2111 852 2177 obitum,
880 2108 944 2165 iun·

151 2210 277 2266 demensa
300 2205 434 2278 dogmatis
458 2204 677 2270 diruit,1>annm
690 2209 719 2257 et
733 2200 882 2272 Seriptnroe
896 2215 946 2256 au·

152 2298 288 2355 ctoritate.
304 2296 369 2351 llaee
391 2301 455 2350 sunt
466 2292 565 2348 Felicis
580 2290 765 2347 fundamenta.

185 2389 207 2446 l.
229 2390 307 2446 Este
325 2387 471 2444 Nestorius
489 2386 555 2441 base
575 2384 602 2439 in
614 2381 724 2439 Christo
737 2389 945 2454 separataeper-

152 2499 235 2549 sonae,
249 2497 310 2554 qnae
335 2480 468 2551 dapliocm
492 2477 576 2533 hlium
600 2477 657 2532 siue
679 2474 816 2531 Christum
837 2473 942 2530 consti-

151 2583 254 2642 tuunt;
276 2572 390 2628 alterum
404 2570 537 2635 incarne,
565 2568 679 2624 alterum
694 2567 722 2621 in
741 2564 836 2621 uerba.
860 2563 946 2620 lstum

151 2682 206 2722 non
221 2666 306 2720 iusisse
321 2661 500 2727 crucifixum,
516 2660 564 2717 sed
576 2658 748 2716 essellilium
763 2656 822 2721 liei,
836 2663 944 2723 natura,

151 2759 278 2822 veritate,
293 2753 471 2826 proprietate,
488 2765 598 2823 genere,
611 2748 762 2814 munitate,
773 2745 943 2812 snbstantia;

153 2850 239 2914 illnnn,
265 2861 363 2917 nempe
388 2845 572 2908 incarnatum,
599 2839 683 2897 inisse
704 2854 826 2911 passum,
842 2846 944 2894 etesse

151 2940 251 2996 Filiam
272 2937 320 2994 uei
352 2934 450 3009 gratia,
479 2933 622 2995 electione,
655 2931 811 2998 voluntate,
830 2928 943 3000 placitu,

152 3028 402 3103 predestinatione,
421 3025 615 3095 assumptione,
631 3022 786 3093 adoptione.

187 3119 220 3175 ll.
239 3118 276 3176 lit
294 3117 381 3173 hlium
409 3114 459 3172 liei
478 3111 642 3177 naturalem,
666 3125 728 3169 esse
742 3110 833 3167 omnia
854 3125 948 3168 essen-

152 3211 265 3275 tialiter,
279 3208 470 3271 aeternitatem,
489 3203 664 3277 sapientiam,
676 3210 730 3259 ete.
744 3200 781 3259 llt
795 3202 946 3270 hominem,

54 3343 60 3352 ·
152 3302 246 3359 omnia
259 3315 320 3372 quae
332 3298 371 3355 illi
385 3298 487 3362 insunt,
500 3294 731 3362 mseacmdentia,
742 3307 868 3364 poenam,
881 3307 947 3364 pro·

153 3394 276 3465 phetam,
294 3398 363 3456 ete,
383 3404 444 3460 que
470 3396 535 3445 sunt
556 3385 709 3444 accidentia
735 3384 775 3441 illi
796 3385 947 3442 seeundum

152 3483 381 3556 dispensationem
403 3481 504 3548 umis,
518 3494 574 3536 non
594 3479 706 3551 propria
726 3476 875 3535 menardum
899 3492 947 3549 po·

153 3584 279 3633 testatem
290 3573 456 3630 divinitatis:
472 3572 500 3627 iu
521 3570 691 3627 humanitate
714 3584 776 3626 esse
803 3567 891 3625 stium
899 3582 946 3624 sa·

153 3667 303 3732 cerdotem,
316 3665 345 3721 in
358 3665 498 3722 diuinitate
508 3663 711 3720 vivihcasurem.
753 3718 756 3724 ,

188 3759 232 3815 lll.
258 3757 335 3816 Unde
363 3756 487 3828 sequitur
512 3754 650 3826 Virginem
667 3767 729 3810 ease
741 3752 796 3808 alio
810 3751 949 3823 modoge·

153 3851 279 3908 nitricem
288 3850 395 3916 dimne,
418 3849 471 3906 alio
494 3848 575 3904 mode
590 3848 718 3903 humane
742 3854 856 3903 naturae.
880 3846 948 3903 Pro·

152 3943 223 4015 prie,
247 3941 437 4006 humanitatis3
456 3940 542 4012 pratia
566 3955 642 4005 vero,
669 3938 830 3996 diuinitatis.

188 4033 233 4091 ll.
254 4032 289 4089 iit
305 4030 532 4103 quemadmodum
553 4030 680 4085 Christus
704 4037 733 4085 et
754 4028 876 4085 Ecclesia
899 4044 947 4085 uo-

153 4133 252 4185 cantur
264 4138 360 4191 unum,
380 4136 431 4179 nee
443 4130 508 4178 sunt
522 4137 576 4177 una
591 4137 718 4193 persona,
734 4135 872 4192 unumque
883 4137 947 4192 sup-

154 4217 290 4290 positum;
313 4214 354 4271 sic
366 4213 491 4285 mannis
518 4212 625 4268 dicatur
646 4211 765 4269 lenham
779 4225 891 4267 earnem
904 4210 946 4267 ia-

153 4319 227 4366 ctum
251 4314 536 4373 esse,etessennnm,
547 4311 675 4359 nonsunt
697 4309 788 4357 tamen
802 4301 883 4358 unica
896 4303 946 4374 by·

1031 2018 1075 2076 tv.
1094 2021 1187 2089 Quoad
1201 2021 1327 2078 unionem
1339 2021 1440 2079 Christi
1456 2039 1519 2079 eum
1539 2025 1672 2094 Ecclesia,
1700 2027 1788 2098 impa-

996 2126 1055 2167 rem
1066 2126 1125 2167 esse
1137 2128 1199 2169 cum
1213 2112 1408 2170 incarnatione.
1422 2114 1488 2171 Nam
1500 2117 1615 2174 iliacum
1627 2118 1789 2183 irat,saltem

996 2200 1106 2270 spiritu,
1132 2216 1186 2256 non
1210 2217 1335 2272 corpore,
1365 2203 1418 2260 lide
1442 2221 1497 2262 non
1523 2222 1618 2273 carne,
1643 2224 1710 2264 noce
1732 2225 1787 2264 non

996 2299 1071 2357 actu,
1092 2306 1185 2348 amore
1197 2308 1252 2348 nnn
1270 2294 1453 2363 copulatione,
1482 2312 1516 2352 cx
1531 2297 1636 2353 infinito
1658 2315 1790 2369 personu-

996 2396 1057 2436 mm
1082 2397 1195 2438 numero
1213 2384 1380 2454 carnalique
1409 2386 1499 2456 eapite
1519 2390 1643 2458 mystico,
1667 2405 1720 2446 non
1742 2407 1790 2463 po-

997 2478 1051 2527 test
1064 2470 1117 2526 dici
1131 2486 1196 2527 nera
1210 2473 1285 2539 unio,
1301 2474 1366 2529 unio
1380 2475 1489 2545 inquam
1505 2477 1709 2547 incarnationis,
1729 2496 1791 2551 qun

996 2565 1028 2622 iit
1039 2581 1073 2622 ex
1094 2567 1201 2624 duabus
1220 2568 1326 2624 naturis
1338 2577 1367 2625 et
1384 2570 1545 2626 substantiis
1556 2571 1584 2627 in
1599 2587 1681 2628 unam
1693 2590 1789 2646 penso-

995 2675 1070 2717 uam.

1032 2751 1066 2806 ut
1078 2751 1138 2806 hee
1150 2758 1214 2807 sunt
1227 2760 1399 2823 argumenta,
1415 2752 1513 2823 quibus
1522 2754 1683 2826 bgobardus
1694 2754 1749 2812 uim
1761 2762 1792 2812 et

996 2857 1110 2900 neruum
1122 2842 1259 2914 dogmatis
1271 2842 1400 2899 Felieiani
1412 2842 1554 2918 coniregit.

1122 2951 1155 3008 11
1169 2951 1267 3008 nolum.
1287 2952 1327 3009 De
1340 2952 1481 3009 insolentie
1494 2955 1661 3011 iudeorum.

959 3082 984 3146 c
1033 3066 1062 3124 ln
1082 3065 1204 3123 aduersis
1216 3066 1290 3122 nulla
1305 3081 1373 3139 gens
1384 3067 1526 3139 abiectior,
1544 3069 1571 3124 in
1594 3069 1733 3141 prosperis
1747 3070 1790 3126 in-

997 3160 1129 3219 solentior
1147 3160 1312 3217 lualaeorum.
1339 3161 1475 3217 Benesseio
1493 3158 1623 3218 Caesarea>
1636 3163 1792 3234 majestatis

997 3253 1073 3311 loeus
1089 3255 1166 3326 pacis
1186 3263 1215 3311 ct
1234 3270 1318 3311 morae
1336 3255 1416 3312 datus
1439 3255 1506 3327 ipsis
1530 3255 1558 3310 in
1579 3254 1665 3310 Gallia
1690 3255 1790 3322 iuerat,

997 3345 1120 3417 Lugduni
1133 3346 1315 3417 potissimum.
1342 3345 1397 3402 Sed
1411 3346 1456 3402 uhi
1471 3346 1585 3402 dulcedo
1600 3347 1675 3418 pacis
1693 3347 1790 3419 pantu-

996 3440 1052 3496 ium
1067 3453 1115 3497 eos
1128 3440 1202 3495 laxat
1214 3441 1249 3496 ab
1262 3440 1442 3497 incommodis
1460 3438 1550 3512 iugae,
1575 3447 1682 3496 struunt
1695 3448 1769 3496 artes
1782 3481 1790 3506 ,

996 3531 1142 3588 adulantur
1154 3531 1250 3587 aulicis
1269 3530 1465 3597 nobilissimis,
1489 3543 1590 3601 eosque
1605 3530 1728 3599 pecuniis
1741 3530 1790 3586 de·

997 3625 1118 3681 niueum.
1134 3624 1170 3679 Et
1181 3623 1221 3680 sie
1233 3620 1350 3695 oliliquis
1360 3622 1503 3679 fraudibus
1517 3623 1634 3678 indicula
1648 3623 1792 3678 aelemen-

997 3714 1102 3770 tissimo
1125 3713 1279 3784 subripiunt
1301 3712 1431 3770 adversas
1453 3713 1582 3769 Ecclesiae
1603 3714 1792 3786 lugdunensis

996 3805 1164 3877 episcopum,
1178 3805 1225 3875 qui
1239 3805 1381 3861 avertebat
1392 3804 1521 3876 populum
1534 3805 1569 3860 ab
1581 3805 1636 3860 his.

1031 3895 1072 3953 lle
1084 3895 1261 3954 divenderent
1272 3894 1407 3967 mancipia
1420 3894 1575 3951 Christiana
1588 3893 1700 3950 ludaeis.

1031 3988 1071 4045 Ne
1083 3986 1213 4045 mulieres
1224 3985 1387 4044 Christianae
1399 4000 1460 4042 cum
1475 3986 1516 4043 eis
1530 3986 1741 4043 sabbatizarent.

1031 4078 1072 4140 lle
1084 4080 1179 4136 diebus
1191 4079 1340 4136 Dominicis
1351 4086 1539 4150 operarentur.

1031 4169 1072 4225 lie
1085 4170 1298 4242 Quadmgesima
1318 4184 1380 4226 oum
1394 4173 1435 4226 eis
1453 4170 1618 4241 pranderent
1634 4178 1662 4226 et
1680 4171 1789 4228 easdem

996 4273 1094 4319 earnes
1105 4262 1227 4318 ederent.

1031 4352 1071 4410 lle
1085 4367 1183 4410 earnes
1197 4350 1350 4409 immolatas
1363 4351 1397 4407 ab
1412 4351 1478 4422 ipsis
1491 4357 1627 4417 emerent,
1642 4351 1790 4424 vinumque

821 4432 825 4440 ’
958 4438 1090 4502 Deorum
1105 4444 1239 4500 biberent.

189 4488 224 4545 Et
243 4489 286 4544 he
299 4495 363 4544 sunt
380 4485 459 4544 tande
471 4499 552 4542 uoces
571 4483 671 4556 quibas
684 4484 821 4557 llispanus
837 4483 883 4540 ille
903 4492 944 4540 te-

150 4580 248 4639 nebris
261 4578 362 4637 Christi
371 4578 473 4635 lumina
485 4592 569 4634 ausas
590 4576 751 4647 obvolvere;
766 4592 835 4649 enas
851 4585 946 4635 noster

152 4671 373 4745 Callusegregiis
395 4676 507 4726 enervat
517 4670 694 4741 argumentis.

187 4763 209 4822 l.
228 4762 259 4819 ln
273 4761 382 4820 Christo
395 4761 463 4817 duas
476 4761 585 4831 quidem
603 4768 728 4825 naturas,
757 4761 805 4816 sed
819 4759 848 4815 in
861 4774 945 4816 unam

152 4854 321 4929 hypostasim
333 4866 625 4924 unamqaepersonam
646 4849 862 4907 substantialiter
885 4850 945 4906 uni·

153 4958 197 5004 tas
208 4957 252 5003 :et
260 4946 324 5003 indo
334 4958 388 5001 non
398 4943 487 5001 solum
494 4943 702 5008 humanitatem,
713 4941 761 4998 scd
772 4939 947 4998 totumChri·

153 5044 227 5092 stam
252 5034 338 5093 inisse
359 5047 479 5107 passum,
508 5033 678 5089 divinitatem
696 5031 781 5088 elaris
809 5032 944 5089 conlisum

153 5141 205 5183 suo
226 5127 307 5183 raudo
328 5124 499 5197 impassibili,
524 5124 584 5181 sine
604 5139 695 5189 sensu,
718 5124 778 5180 sine
805 5124 943 5195 passione.

189 5218 370 5288 ideoqueaon
392 5216 460 5273 daos
478 5215 560 5275 illios.
587 5217 635 5272 sed
657 5216 767 5271 unicum
786 5216 814 5271 in
840 5215 945 5271 duabus

154 5309 269 5374 naturis,
287 5309 347 5365 sine
368 5308 526 5366 confusione
549 5308 759 5380 hypostaticam,
784 5308 868 5364 illium
895 5307 945 5363 bei

155 5411 263 5467 natura,
285 5400 460 5472 proprietate,
483 5401 650 5467 substantia;
672 5415 726 5455 non
740 5407 831 5455 autem
845 5399 944 5471 gratia,

154 5508 216 5549 rum
241 5493 278 5548 sit
300 5499 451 5548 coenemus
473 5492 556 5549 Patri.
581 5491 674 5562 Neque
691 5490 943 5562 predestinatione,

154 5588 218 5659 qnia
242 5585 324 5642 Pater
343 5601 396 5641 non
408 5593 450 5641 est
460 5587 535 5656 prior
546 5587 604 5657 ipso
618 5595 749 5656 tempure,
766 5598 817 5642 nec
834 5594 944 5652 natura,

191 5704 274 5758 ·ttoc
288 5701 375 5773 eapite
388 5699 446 5774 lege
460 5699 545 5767 liban,
559 5715 613 5756 non
629 5698 712 5755 Eser.
822 5761 826 5769 ,

1030 4535 1202 4593 insectantur
1213 4550 1288 4601 eum,
1303 4534 1476 4607 singulosque
1489 4534 1659 4591 Christianos
1676 4537 1710 4591 ad
1726 4551 1790 4614 suas

995 4643 1148 4701 synagogas
1163 4626 1304 4682 blanditiis
1323 4635 1350 4683 et
1370 4625 1732 4697 ampullatis-patriarchica
1749 4626 1790 4681 di-

995 4718 1107 4789 gnitatis
1116 4716 1212 4790 elogiis
1221 4717 1345 4789 rapiunt;
1359 4717 1573 4784 insolescunt,et
1582 4725 1676 4772 contra
1686 4730 1788 4770 morem

995 4810 1165 4869 Christianos
1179 4823 1274 4867 servan
1284 4816 1388 4866 emunt.
1404 4807 1567 4881 sigobardus
1581 4807 1705 4878 queritur
1718 4807 1790 4877 apud

995 4902 1224 4968 cmaremnres
1234 4901 1340 4974 retegit,
1349 4909 1475 4958 auctores
1484 4899 1591 4957 consilii
1602 4900 1699 4970 aperit,
1711 4900 1792 4969 petit-

995 5009 1049 5066 que
1067 4993 1200 5050 medelam
1219 5001 1302 5049 muta
1317 4993 1417 5060 ruinam
1437 4991 1573 5063 pollicitus
1592 5006 1622 5047 se
1642 4991 1790 5061 Scripturae
1876 5050 1883 5069 ⁸

995 5087 1159 5146 testimoniis
1170 5087 1382 5152 eorumritam,
1410 5100 1500 5142 mores
1522 5092 1550 5140 et
1571 5083 1789 5156 superstitiosum

994 5180 1058 5238 rite
1071 5195 1156 5251 genas
1168 5179 1348 5250 depictorum.

1105 5292 1155 5347 ill
1170 5292 1221 5348 eoi.
1244 5291 1281 5346 tle
1298 5290 1421 5346 ludaieis
1435 5290 1673 5362 superstitionibus.

1032 5422 1044 5450 ι
1057 5405 1253 5479 Abominandae
1266 5403 1354 5476 gentis
1366 5401 1486 5459 ludaine
1506 5404 1685 5474 pervicaciam
1704 5403 1789 5459 ritus-

996 5514 1050 5572 que
1066 5494 1219 5553 aneritatis
1231 5495 1328 5551 semita
1341 5494 1447 5551 alienos
1464 5494 1587 5551 effecisse
1608 5496 1679 5564 apud
1694 5494 1789 5551 Patres

997 5590 1124 5663 antiquos
1141 5595 1172 5647 nt
1188 5600 1308 5644 mounes
1327 5585 1361 5644 de
1379 5586 1499 5644 eancrndo
1520 5586 1709 5650 contubernio,
1724 5600 1788 5642 con·
