3832 6120
158 247 213 308 199
648 242 677 298 S.
696 240 874 299 nfioensul
893 239 1049 299 urtscoet
1067 241 1311 301 tiburtinensis
1748 240 1803 297 ruti

158 363 231 419 colia
254 368 325 429 tant,
348 362 454 417 obsecro
475 361 612 414 consenior
635 369 660 413 et
684 360 755 414 tertis
776 358 875 414 Cirristi
894 374 957 428 pes-
972 360 1123 423 Alantone
1136 381 1145 429 ;
1173 380 1254 434 neque
1284 363 1446 416 dominantes
1471 361 1500 414 in
1524 358 1619 421 cieris,
1646 358 1691 411 sed
1715 358 1802 428 [ormo

159 454 283 514 tionum,
310 454 355 523 qut
379 461 403 506 ⁶⁸
428 451 485 521 t't‘ui
506 468 565 523 ‘itti
588 453 616 504 in
641 451 730 521 {vitto
756 449 896 505 reicienda
917 459 955 504 ⁶⁸1
1011 455 1074 526 iacti
1099 457 1185 527 gregis
1206 470 1239 509 ea
1255 455 1364 519 criinro;
1385 461 1409 507 et
1432 469 1492 506 cam
1513 449 1665 522 apperuerit
1684 448 1803 519 princeps

162 541 254 614 pierio
276 544 491 610 communicator,
514 553 613 614 pascite
632 545 677 615 qai
696 552 734 598 est
753 545 781 596 in
801 542 874 596 ociis
896 557 956 612 gre·
1009 560 1156 621 postorum,
1171 541 1550 619 percipietisiminarcescilrili's
1564 538 1802 608 pioriiccorononi.
1852 538 1855 543 '

164 651 221 705 pent
234 633 293 699 liei,
317 635 481 703 procidentes
504 649 556 688 noo
573 642 672 698 coacte,
693 631 738 687 aeri
757 641 896 702 spontanee
914 646 956 684 ae·
1011 643 1104 696 Amen,

163 725 281 780 madum
303 724 406 788 Datim
431 741 512 796 nepae
537 729 621 794 turpia
645 722 713 777 lucii
737 722 834 793 gratia,
855 719 901 774 sed
915 735 958 772 uo-

433 977 585 1104 ltili
627 972 824 1102 ttlllt
863 968 1040 1096 lllllt
1083 955 1531 1092 stillstttttllll

244 1201 304 1270 th
322 1196 483 1257 nicrinus
500 1194 545 1253 ET
562 1193 763 1253 intellimus
781 1189 996 1250 SANCTORUM
1014 1183 1249 1246 Abouartoats
1276 1179 1478 1248 obseouium
1500 1178 1736 1238 bisuntinensi

889 1283 1030 1341 rurant
1051 1295 1076 1336 ε.

248 1493 369 1549 Primum
386 1496 550 1560 pracceptum
567 1485 688 1555 decalogi
703 1490 745 1540 est
758 1483 865 1540 dicente
888 1483 963 1539 Deo:
978 1487 1002 1546 B
1016 1479 1106 1543 mine,
1125 1460 1327 1531 similitudinem
1337 1472 1454 1527 omnium
1464 1479 1645 1542 jumentorum
1668 1487 1727 1542 qun
1746 1481 1809 1528 aaut

164 1588 222 1658 Epo
237 1583 365 1640 Dominus
376 1581 447 1635 Deua
466 1579 594 1650 tuue.qai
607 1577 686 1632 educi
705 1585 730 1630 te
744 1577 776 1630 rie
787 1585 858 1630 terre
873 1574 959 1645 AEgp-
1013 1564 1366 1640 superterram,uetuuium
1383 1562 1431 1616 aab
1459 1561 1521 1616 cuia
1546 1561 1702 1628 volantium,
1730 1572 1809 1635 atque

161 1682 211 1753 pti,
224 1677 256 1731 de
271 1675 349 1729 domo
364 1672 508 1729 terminiis.
526 1668 588 1725 Non
606 1668 711 1723 habebis
728 1667 790 1722 deos
804 1666 904 1721 alienos
932 1666 960 1719 iri
1013 1661 1144 1732 reptilium
1156 1675 1214 1731 quie
1228 1657 1400 1712 mouentarin
1422 1665 1504 1720 terro,
1515 1655 1568 1708 siue
1582 1654 1695 1725 piscium
1707 1655 1807 1727 quiriti

164 1778 302 1840 conspectu
314 1783 381 1821 arico.
399 1756 460 1819 Nou
480 1762 619 1833 sacieetiiri
639 1759 770 1831 sculptile,
784 1757 961 1813 neraimilita-
1013 1765 1084 1809 terra
1098 1761 1236 1806 morantur
1247 1752 1274 1803 iu
1291 1750 1386 1820 aqum
1403 1765 1434 1803 ne
1445 1747 1512 1816 sorte
1536 1747 1620 1801 oculis
1644 1747 1751 1804 etei-iiie
1770 1751 1805 1804 ud

165 1861 253 1916 dinem
272 1859 388 1914 omniunt
403 1872 463 1928 quie
474 1855 501 1907 in
515 1853 577 1908 cieio
589 1861 648 1907 sarit
664 1852 785 1920 desuper,
799 1859 823 1903 ct
836 1864 895 1920 qam
906 1863 962 1901 uer·
1017 1845 1121 1910 roeium,
1136 1845 1224 1898 tideus
1236 1842 1317 1896 solem
1333 1850 1357 1894 et
1373 1841 1461 1894 omnio
1481 1847 1554 1892 estro
1579 1836 1647 1903 coeii,
1669 1847 1693 1893 et
1719 1855 1808 1893 errore

165 1961 258 2011 tantur
268 1946 522 2019 inaquissnbtcrrc.
536 1942 596 1997 Noa
605 1941 776 2004 odoratiora,
786 1948 867 1992 etiion
881 1937 959 1992 colea.
1014 1937 1136 2009 deceptui
1148 1935 1241 1989 adores
1255 1949 1287 1986 ea
1299 1940 1323 1986 ci
1335 1930 1417 1986 coiea.
1431 1929 1460 1985 ln
1475 1930 1573 2001 quibus
1589 1931 1679 1985 verbis
1689 1945 1809 1988 suntme-
1890 1949 1891 1952 ’

164 2042 206 2098 Aa
216 2055 275 2111 quae
287 2040 368 2094 verba
381 2039 476 2092 beatus
489 2032 656 2103 Augustinus
675 2027 835 2084 brevissime
849 2025 962 2095 subiun-
1014 2029 1240 2101 perennandum
1251 2033 1304 2090 est,
1318 2023 1381 2096 qnia
1397 2024 1420 2079 si
1443 2038 1526 2094 opera
1539 2038 1667 2077 manuum
1681 2023 1730 2077 Dei
1754 2036 1808 2078 non

164 2133 315 2204 git,dicens
331 2122 444 2200 (Hamil.
460 2127 488 2178 in
502 2121 590 2178 Eroti.
604 2136 664 2191 cap.
676 2118 696 2190 i)
710 2133 717 2174 :
732 2137 742 2171 i
756 2117 785 2172 lu
794 2119 882 2188 primo
892 2133 963 2190 prae-
1014 2129 1077 2177 sunt
1092 2117 1230 2175 adoranda
1243 2124 1270 2171 et
1280 2115 1404 2178 colenda,
1417 2129 1467 2169 nec
1477 2116 1506 2169 in
1527 2114 1631 2169 honore
1642 2113 1689 2167 liet
1707 2119 1809 2183 quante

168 2217 566 2293 ceptopi·oliibcturaliqiiain
583 2213 717 2284 figmentis
741 2210 882 2266 bominum
914 2209 962 2266 Dei
1014 2213 1102 2283 magis
1118 2224 1201 2282 opera
1217 2207 1497 2264 manuumbominuin
1509 2222 1562 2262 non
1577 2214 1640 2262 sunt
1669 2206 1808 2261 adoranda

172 2317 336 2381 similitudo;
350 2330 403 2368 non
422 2313 485 2383 quia
499 2324 553 2365 non
567 2308 648 2363 babet
660 2306 805 2376 imaginem
819 2304 900 2370 Deus,
915 2303 963 2359 sed
1015 2312 1042 2360 ct
1052 2303 1175 2368 colenda,
1190 2316 1240 2356 nec
1253 2300 1282 2355 in
1296 2299 1399 2353 honore
1415 2313 1510 2354 eorum
1521 2312 1637 2368 quorum
1651 2295 1808 2352 similitudi-

160 2401 233 2479 'ipiia
258 2407 330 2461 nulla
344 2404 401 2473 ejus
415 2405 504 2473 imago
524 2398 575 2455 coli
602 2397 693 2462 debet,
712 2397 763 2450 nisi
789 2395 834 2450 illa
861 2408 921 2466 quae
936 2403 964 2448 et
1014 2415 1064 2457 nes
1077 2414 1136 2455 esse
1154 2398 1291 2453 dicuntur,

168 2494 441 2564 uicesimarium,
458 2504 508 2543 nec
524 2490 581 2556 ipsa
594 2502 643 2557 pro
656 2485 712 2549 tito,
728 2485 776 2539 sea
799 2499 861 2539 cum
880 2481 934 2538 iiio.
951 2500 960 2536 i
1049 2489 1081 2545 tt.
1098 2488 1138 2544 ux
1154 2490 1224 2545 tibio
1235 2485 1471 2558 sanctinugusinn
1486 2483 1696 2540 dccivtraicuct
1708 2499 1725 2536 x
1737 2481 1807 2554 (cap.

169 2587 234 2644 ttae
248 2586 341 2640 dicens
365 2584 461 2638 beatus
478 2577 647 2649 Augustinus
671 2576 751 2631 docet
770 2588 820 2629 nos
845 2574 964 2628 breviter
1015 2581 1042 2654 t)
1057 2580 1257 2652 quibusmodis
1271 2576 1360 2635 culeus
1373 2578 1479 2632 dicatur
1497 2595 1504 2630 :
1521 2594 1530 2626 ι
1546 2573 1697 2631 videndum
1713 2574 1810 2629 aedis.

168 2680 325 2751 qualiterct
351 2683 448 2731 caetera
472 2669 626 2740 hujusmodi
649 2677 784 2740 precepta
811 2667 964 2737 intelligere
1016 2673 1161 2728 serendum
1186 2679 1238 2735 est,
1256 2678 1387 2740 quantum
1421 2668 1493 2722 Deus
1522 2667 1614 2730 donat,
1642 2663 1811 2720 immortales

169 2771 325 2827 debeamus.
340 2765 407 2822 Nam
420 2779 482 2821 clim
494 2762 621 2817 distincte
635 2763 801 2816 dicuturnon
809 2757 963 2815 faciendam
1017 2780 1050 2820 ac
1063 2766 1170 2821 beatiin
1185 2762 1467 2827 coelestihugsedihus,
1479 2757 1720 2822 dominationibus,
1733 2758 1811 2826 prin.

170 2861 375 2919 similitudinem
386 2855 507 2912 mimium
521 2868 581 2922 ‘illoe
594 2853 621 2907 5¹¹
636 2852 706 2907 COEiO
721 2859 794 2917 sunt,
810 2858 856 2905 ³1¹¹
866 2864 926 2920 quae
934 2849 962 2903 1¹¹
977 2835 999 2897 C
1018 2857 1162 2927 cipatibus,
1179 2856 1361 2927 potestatibus
1375 2852 1527 2916 constituti,
1540 2866 1609 2921 quos
1629 2850 1675 2905 isti
1686 2850 1761 2917 deos,
1782 2859 1812 2905 et

170 2961 255 3016 terra,
273 2948 368 3004 nonde
380 2946 445 3002 solis
457 2939 679 2998 similitudinibus
689 2941 839 2996 alienorum
851 2939 964 2995 deorum

171 3041 333 3112 intelligitur
346 3039 458 3101 dictum,
473 3034 520 3091 scd
542 3040 569 3089 ει
583 3034 617 3090 de
640 3032 797 3089 coelestibus
819 3031 963 3097 creaturis,

169 3139 216 3187 aut
228 3147 287 3202 qun
304 3131 330 3185 in
347 3130 450 3184 bonore
464 3129 594 3185 creatoris
605 3129 740 3182 humanus
754 3139 851 3180 sensus
876 3124 965 3195 potuit

171 3225 334 3296 excogitare.
348 3223 463 3293 Propter
479 3224 551 3294 quod
566 3230 593 3278 ει
611 3231 704 3292 aperte
722 3220 827 3291 lloyses
844 3218 964 3290 loquitur

172 3315 206 3370 ad
219 3314 357 3384 populum,
370 3313 464 3368 dicens
480 3331 487 3366 :
502 3312 617 3367 Locrum
643 3321 681 3366 est
704 3311 833 3369 Doininaa
859 3312 895 3365 ad
919 3327 964 3366 uos

171 3403 297 3459 demedio
310 3404 387 3473 igitir.
408 3400 503 3457 Vocem
517 3404 655 3457 uerborum
667 3402 726 3473 ejas
740 3400 863 3467 audistis,
877 3401 966 3470 ctior-

173 3514 244 3552 arom
257 3498 361 3567 penitus
375 3513 427 3551 iton
444 3496 555 3551 uidistis.
572 3494 606 3549 Et
622 3502 802 3566 postpauca:
831 3490 966 3547 custodite

170 3589 254 3660 igitar
266 3586 376 3642 sollicite
391 3587 495 3640 animoa
508 3596 618 3640 uestras.
636 3584 698 3639 Non
723 3584 825 3639 uidistis
848 3584 966 3654 aliquam

173 3678 372 3734 similitudinem
385 3679 413 3732 in
423 3680 466 3733 die
478 3695 531 3749 qua
542 3677 644 3732 iocatus
661 3686 698 3732 eat
712 3677 841 3731 Dominae
855 3677 925 3730 iioti's
938 3677 966 3731 in

176 3768 264 3824 ilorci
276 3770 307 3823 de
321 3769 406 3824 aredio
421 3770 488 3840 ignia
496 3787 506 3836 ;
517 3786 548 3824 nc
561 3768 627 3839 forte
640 3769 739 3840 decepti
761 3769 868 3838 [aciatis
894 3769 966 3824 uobis

173 3858 303 3930 sculptum
315 3858 526 3926 siniiiiteiiinem,
538 3869 583 3914 citt
594 3859 734 3930 imaginem
748 3857 860 3913 masculi
875 3856 912 3912 uei
927 3859 965 3929 se-

1017 2962 1051 3003 er
1066 2947 1165 3017 quibus
1179 2947 1312 3017 quosdam
1325 2944 1367 3000 vel
1382 2945 1468 2999 lienes
1487 2943 1634 3007 daemones,
1656 2940 1698 2995 vel
1717 2940 1810 2996 nobis·

1017 3056 1080 3097 cum
1091 3041 1202 3111 angelos
1216 3039 1367 3103 nominant,
1380 3036 1516 3108 quomodo
1535 3034 1664 3090 credendi
1680 3032 1813 3088 sintrelle

1016 3133 1122 3190 anobis
1135 3132 1291 3202 religionem
1305 3131 1490 3201 pietatemque
1506 3128 1627 3194 servari;
1643 3127 1695 3183 boe
1714 3133 1768 3192 εει,
1782 3134 1813 3181 ut

1016 3228 1139 3299 apertius
1154 3226 1252 3291 dicam,
1268 3232 1359 3279 utrum
1371 3223 1453 3278 etiam
1469 3221 1533 3284 sibi,
1561 3235 1595 3275 an
1621 3227 1728 3273 tantum
1756 3218 1813 3273 Deo

1016 3335 1076 3386 suo,
1090 3319 1137 3390 qui
1151 3317 1234 3373 etiam
1248 3324 1342 3372 noster
1355 3326 1407 3379 est,
1424 3314 1531 3384 placeat
1544 3313 1585 3367 eis
1601 3319 1631 3364 iit
1642 3326 1721 3366 sacra
1730 3309 1813 3365 iacia-

1018 3425 1080 3465 mus
1091 3417 1119 3464 ct
1129 3408 1328 3473 sacrificemus,
1343 3406 1385 3461 rel
1398 3406 1489 3477 aliqua
1500 3411 1603 3469 nostra,
1614 3417 1660 3457 seu
1677 3417 1726 3456 nos
1739 3401 1814 3472 ipsos

1020 3501 1159 3571 religionis
1176 3500 1274 3554 ritibus
1285 3512 1486 3553 consecremus.
1504 3496 1554 3550 llic
1574 3503 1616 3549 est
1627 3493 1699 3547 enim
1713 3492 1814 3547 diuini·

1020 3590 1079 3654 tati,
1097 3591 1149 3656 rel,
1164 3590 1186 3644 si
1201 3589 1356 3658 expressius
1372 3588 1514 3643 dicendum
1529 3595 1583 3650 est,
1595 3584 1688 3640 deitati
1706 3582 1815 3638 debitus

1020 3681 1126 3748 cultus;
1140 3690 1250 3751 propter
1264 3696 1346 3752 quein
1360 3695 1414 3734 uno
1426 3679 1510 3734 verbo
1518 3676 1737 3748 significandum,
1746 3689 1814 3743 qiio-

1017 3770 1093 3825 niam
1105 3771 1172 3826 milii
1187 3772 1254 3826 satis
1265 3771 1392 3826 idoneum
1405 3785 1458 3825 non
1467 3775 1586 3823 occurrit
1596 3763 1815 3830 Latiiium,Grre·

1017 3878 1050 3919 co
1063 3865 1108 3919 ubi
1122 3879 1234 3920 neeesse
1247 3871 1290 3919 εει
1303 3863 1411 3918 insinuo
1421 3859 1681 3933 quidvelimdicere.
1691 3857 1812 3912 Latriani

864 3948 1001 4009 bstulit
1020 3954 1137 4012 NOTAE.

215 4039 465 4121 ,111111111111110
480 4040 616 4122 1189111111
631 4039 748 4123 1138511111
763 4040 931 4123 superstitio,
946 4050 978 4097 ut
1025 4048 1365 4103 moveriintauctnritatem
1374 4062 1496 4103 censura
1517 4045 1670 4117 Hispaniae
1682 4058 1714 4098 ac
1727 4044 1815 4099 cardi·

178 4118 370 4164 existimarent
395 4109 517 4164 nonnulli
533 4112 695 4182 imaginibus
711 4120 870 4164 sanctorum
892 4120 928 4165 ita
944 4120 975 4167 ut
1025 4117 1095 4172 nalis
1106 4116 1226 4174 Baronii.
1246 4118 1301 4200 Ego
1315 4118 1475 4173 crediderim
1486 4117 1657 4189 sigobardum
1672 4114 1815 4184 scripsisse

174 4178 284 4234 Deilleae
302 4179 429 4233 Trinitati
444 4180 585 4234 servitium
600 4188 648 4234 aut
668 4180 852 4235 adorationem
867 4181 972 4250 impen-

1024 4189 1259 4257 quoilomnestum
1274 4187 1405 4253 inGallia,
1415 4188 1554 4243 utetianra
1566 4186 1814 4242 Sirinundnobser-

175 4248 202 4302 (11
218 4248 330 4304 debili·
348 4248 424 4315 Quod
442 4250 510 4304 adeo
530 4250 642 4332 impium
667 4249 756 4304 risum
772 4256 814 4304 est
843 4249 972 4308 Ecclesiae
1024 4267 1117 4312 vatum
1129 4267 1178 4320 cst,
1191 4259 1353 4314 sentiebant.
1364 4257 1619 4314 Saneinstitutimei
1633 4273 1686 4312 non
1700 4264 1741 4310 εει
1752 4270 1815 4326 pro·

177 4317 334 4384 Gallicanae,
351 4328 381 4374 ut
390 4327 418 4374 et
431 4320 553 4391 episcopi
567 4335 594 4375 in
608 4320 712 4391 synodo
728 4318 968 4377 Francoiordiensi

175 4390 335 4460 congregati
353 4389 542 4447 damnaverint
563 4391 710 4447 secundam
733 4392 866 4462 synodum
882 4390 969 4448 Nicae-

177 4474 250 4525 nam,
279 4475 338 4529 qnae
351 4460 538 4515 adorationem
560 4459 635 4516 illam
660 4461 808 4530 imaginum
828 4460 968 4518 videbatur

174 4529 334 4598 imperasse,
352 4539 379 4584 ct
402 4530 515 4587 Carolus
528 4530 587 4603 ipse
607 4530 720 4603 llagnus
742 4531 843 4656 salum
861 4549 968 4604 quoque

178 4600 309 4656 adversus
323 4615 383 4656 eam
408 4602 552 4658 strinxisse
573 4611 693 4674 putetur.
717 4602 757 4656 Lu
777 4603 855 4657 orico
871 4604 968 4660 deinde

176 4667 234 4730 Pio,
258 4670 349 4726 Caroli
364 4672 431 4738 illio,
448 4681 590 4745 regnante,
604 4673 715 4728 emicuit
741 4687 850 4727 rursum
876 4674 903 4729 in
916 4675 969 4730 boc

178 4750 338 4811 argumento
371 4743 453 4797 ardor
480 4745 670 4814 episcoporum
693 4740 807 4796 Galliac:
835 4744 882 4813 qui
906 4760 968 4799 cuin

179 4810 365 4866 adorationem
388 4813 461 4867 illam
476 4813 710 4883 imaginumierre
724 4827 779 4866 non
793 4823 913 4882 possent,
924 4814 969 4869 ni·

173 4879 213 4937 tiit
227 4881 390 4936 intentatum
406 4883 575 4952 reliquerunt
596 4897 649 4952 quo
674 4891 779 4937 mentes
792 4884 912 4939 bdelium
934 4885 969 4941 ab

174 4964 207 5005 eo
220 4965 312 5007 errore
326 4961 498 5008 revocarent.
513 4952 546 5007 Ει
556 4952 675 5016 omnino,
691 4953 754 5007 dum
769 4954 914 5010 studebant
924 4970 970 5010 ve-

176 5021 264 5088 citati,
280 5022 444 5077 videbantur
466 5022 556 5077 iacere
577 5023 768 5078 contumeliam
793 5025 968 5097 imaginibus,

175 5092 276 5164 quibus
294 5093 421 5149 crederes
433 5107 606 5149 asseverasse
620 5093 723 5148 nullum
737 5095 840 5149 cultum
854 5096 946 5152 deberi
961 5113 968 5161 ;

175 5163 332 5233 retinendas
347 5171 447 5231 tanuen,
467 5170 497 5219 ut
510 5178 544 5218 ex
558 5179 651 5218 earum
667 5174 778 5235 aspectu
794 5165 887 5222 iidelcs
900 5166 970 5222 exci-

178 5239 304 5289 tarentur
314 5235 347 5289 ad
359 5236 540 5291 imitationem
557 5244 714 5289 sanctorum
729 5237 878 5290 bominum.
895 5237 970 5293 Unus

176 5302 325 5359 multorum
344 5305 408 5361 huic
430 5307 507 5377 operi
520 5304 642 5360 incubuit
654 5305 825 5386 Agebardus,
841 5308 889 5362 scil
902 5309 970 5363 adeo

175 5373 364 5453 uehementer,
394 5383 424 5430 ut
447 5385 591 5448 propterea
611 5375 829 5432 existimaverint
846 5378 968 5433 nonnulli

174 5440 276 5498 librum
288 5445 422 5502 hunenon
442 5463 502 5504 esse
513 5447 658 5503 admodum
670 5447 844 5502 catholicum.
859 5448 913 5504 Sed
927 5458 969 5505 ta-

176 5525 239 5566 men
247 5514 361 5637 puidam
371 5517 409 5587 pii
423 5518 574 5588 eruditique
584 5518 645 5581 riri,
663 5525 721 5601 post
735 5533 791 5572 rein
803 5518 884 5573 istam
894 5533 971 5575 accu-

178 5591 239 5636 rate
265 5598 407 5651 recussum,
421 5594 567 5644 senserunt
580 5587 647 5642 nihil
662 5603 690 5644 iii
703 5602 803 5643 coesse
813 5589 884 5659 quod
894 5603 972 5657 aper-

177 5656 206 5708 te
216 5651 299 5713 uolet
311 5653 391 5711 tidem
405 5654 543 5725 Ecclesiae,
557 5659 679 5734 adeoque
697 5659 732 5715 ab
741 5659 885 5734 agobardo
897 5674 970 5720 sum-

1024 4329 1150 4384 nuntiare
1165 4329 1199 4384 de
1212 4330 1304 4384 arduis
1318 4329 1393 4385 hisee
1407 4329 1611 4399 questionibus.
1638 4326 1766 4381 Attamen
1777 4326 1814 4380 si-

1021 4399 1077 4454 lere
1086 4414 1139 4453 non
1153 4415 1263 4470 possum
1286 4400 1353 4454 mibi
1365 4398 1442 4455 valde
1456 4400 1565 4525 placere
1576 4399 1685 4454 decreta
1703 4396 1814 4451 concilii

1019 4468 1225 4525 Cameracensis
1247 4469 1416 4524 habitianno
1441 4471 1453 4524 1
1477 4469 1510 4525 65
1532 4470 1582 4524 suli
1598 4466 1813 4522 liasiinilianoa

1019 4539 1124 4610 Bergis,
1135 4540 1340 4611 archiepiscopo
1354 4539 1555 4602 cameracensi,
1566 4539 1638 4610 quod
1659 4538 1698 4593 sic
1717 4537 1815 4592 statuit

1020 4611 1140 4666 incausa
1164 4611 1333 4692 imaginum:
1356 4629 1366 4661 i
1394 4611 1529 4679 lmagines
1544 4611 1570 4664 in
1597 4606 1706 4677 templis
1733 4606 1815 4662 nullae

1021 4689 1187 4747 statuantur,
1203 4682 1256 4737 nisi
1269 4681 1388 4752 episcopi
1401 4697 1536 4737 consensu
1550 4689 1578 4735 et
1586 4680 1699 4749 judicio.
1714 4674 1743 4731 Si
1753 4692 1815 4748 quau

1021 4761 1111 4808 autem
1132 4761 1230 4808 erecta
1256 4750 1369 4817 lucrum,
1390 4768 1422 4806 ac
1440 4767 1496 4820 prae
1511 4767 1540 4806 se
1563 4748 1815 4818 lerantquidipiani

1020 4824 1092 4894 quod
1102 4839 1155 4878 non
1165 4824 1270 4903 deerat,
1282 4839 1369 4946 ιιεἩιε
1380 4829 1524 4893 prototypo
1542 4828 1682 4891 congrunt,
1698 4817 1755 4872 tolli
1767 4833 1815 4873 eas

1020 4894 1180 4948 autmutari
1201 4894 1306 4961 Jiibcto.
1344 4902 1455 4948 occatur
1467 4900 1599 4963 praeterea
1616 4889 1733 4960 populus
1746 4889 1816 4942 ima-

1020 4965 1076 5035 gini
1103 4964 1205 5020 nullum
1223 4964 1325 5018 cultum
1343 4963 1436 5018 deberi
1463 4970 1510 5016 aut
1528 4971 1639 5033 propter
1657 4960 1813 5020 materiam,

1021 5045 1069 5089 aut
1083 5033 1377 5115 propterelegantiam,
1396 5041 1444 5087 aut
1453 5043 1564 5104 propter
1580 5032 1696 5103 pretium
1709 5028 1812 5100 operis,

1021 5112 1069 5159 aut
1082 5114 1192 5175 propter
1214 5105 1320 5174 quidvis
1348 5103 1421 5158 alind
1442 5105 1514 5174 quod
1529 5105 1565 5157 sit
1588 5106 1614 5159 in
1629 5098 1747 5156 aritucio
1769 5105 1815 5153 aut

1022 5175 1147 5246 imaginis
1162 5175 1314 5230 substantia
1327 5191 1334 5238 ;
1349 5175 1398 5229 scd
1415 5185 1526 5245 propter
1548 5190 1605 5228 reni
1620 5169 1813 5242 significatam,

1022 5245 1148 5316 adquam
1164 5245 1207 5300 liic
1220 5245 1308 5301 cultus
1321 5253 1349 5300 et
1369 5245 1455 5300 honos
1477 5245 1612 5316 precipue
1637 5240 1767 5297 relcrtur.
1781 5239 1816 5294 Et

1022 5317 1061 5372 sic
1080 5317 1265 5372 admonendus
1286 5326 1328 5371 cst
1345 5316 1465 5371 animum
1477 5317 1582 5370 orantis
1597 5322 1645 5369 aut
1658 5310 1816 5366 venerantis

1022 5387 1049 5443 in
1063 5402 1120 5442 rem
1135 5387 1268 5459 signatam
1280 5385 1388 5454 referri,
1400 5397 1428 5445 et
1437 5401 1490 5442 non
1503 5386 1530 5442 iii
1543 5387 1663 5457 signum,
1677 5380 1748 5451 quod
1762 5392 1815 5435 ιιεε

1022 5458 1106 5521 audit,
1123 5472 1173 5512 uec
1184 5458 1268 5521 videt,
1293 5473 1344 5513 nce
1366 5457 1457 5513 sentit.
1476 5476 1485 5507 ι
1499 5456 1566 5513 vtile
1583 5453 1747 5511 Gulielmum
1761 5450 1816 5505 Du·

1023 5529 1101 5584 randi
1116 5528 1143 5584 in
1166 5527 1237 5583 libro
1251 5527 1371 5584 secundo
1392 5527 1426 5585 tle
1449 5527 1530 5583 mode
1551 5525 1687 5601 generalis
1705 5519 1816 5581 concilii

1022 5598 1257 5673 celebrandi‚cap.
1271 5598 1315 5655 51.
