3832 6120
149 237 197 292 tlt

569 196 582 217 '
642 231 670 286 s.
692 227 865 286 sconsum
886 223 1040 282 uevscorr
1056 226 1300 284 rodomensis

1735 227 1787 282 lli

148 365 179 411 ae
195 355 275 420 potus
288 362 342 402 uou
355 345 444 401 rufum
459 344 486 398 ia
500 343 608 399 diversa
620 341 723 414 flagitia
741 355 880 405 corruere,
896 353 941 395 vo·
955 343 979 400 A
994 340 1136 410 ticipinm,
1154 341 1321 396 consortium
1334 342 1454 408 bibendi,
1477 342 1618 399 habitandi
1641 342 1786 398 contuber-
1832 328 1842 339 ⁶

149 456 209 495 rum
218 439 302 494 ctiam
315 437 376 493 fidei
391 435 542 508 pericolum
563 435 715 499 sustinere;
740 434 803 487 dum
817 447 850 488 ex
864 431 942 486 fami-

148 532 269 588 liaritate
285 531 369 587 nimia
393 537 418 585 et
449 528 556 585 assidua
574 527 786 590 cohabitatione,
802 524 886 594 aliqui
904 522 942 578 'de

146 638 229 697 grege
240 621 396 679 Christiano
409 620 554 676 sabbatum
564 618 673 687 quidem
698 632 760 673 cum
783 613 883 671 ludaeis
897 628 942 669 eo-

146 711 217 779 lunt,
233 712 306 768 diem
323 704 574 767 reroDominicam
592 707 687 763 illicita
707 706 865 778 operatione
887 705 943 759 vio

146 802 218 871 laot;
237 817 290 859 nec
300 799 378 876 [non]
394 809 423 856 et
429 798 533 870 jejunia
548 805 649 854 statuta
665 796 831 861 dissolutam
848 795 941 866 plerce

146 912 200 968 que
211 894 387 960 mulierculae,
404 892 564 948 ancillarum
574 891 647 962 jure,
664 890 724 944 aliae
735 889 769 943 ab
782 887 848 958 ipsis
868 885 942 941 velut

146 985 326 1044 mercenariae
354 978 688 1045 detinentu13noonullre
710 977 794 1032 etiam
820 990 942 1032 corrum-

146 1085 267 1147 puntur;
299 1090 396 1130 orrrnes
414 1089 480 1129 vero
512 1069 666 1140 hujusmodi
687 1069 728 1125 rel
745 1068 940 1137 dominationi,

147 1167 190 1222 rel
204 1166 321 1229 libidini,
335 1163 378 1219 rel
391 1160 543 1232 deceptioni
568 1175 662 1216 eorum
681 1160 710 1213 in
725 1175 868 1215 commune
880 1175 942 1231 pro

994 433 1068 487 nium
1080 432 1181 488 habere
1194 443 1362 503 praesumant
1376 449 1383 488 :
1397 449 1432 490 ae
1444 435 1494 488 aab
1503 442 1637 503 praetextu
1649 432 1788 490 societatis

994 524 1074 593 hujus
1084 541 1098 578 a
1109 526 1283 596 simplicitate
1296 526 1405 595 quidem
1425 526 1587 594 Christianae
1602 525 1664 581 fidei
1678 526 1787 581 exorbi-

995 625 1061 682 tent,
1074 616 1194 671 ludricis
1208 633 1273 672 uero
1288 617 1386 673 fabulis
1397 619 1578 683 attendentes,
1593 618 1788 675 irtextrieabili·

993 704 1044 762 bus
1057 721 1181 761 errorum
1192 707 1297 777 laqueis
1309 708 1496 779 implicentur;
1512 724 1626 780 eumque
1638 724 1689 765 nos
1701 712 1787 766 nemi·

993 813 1056 853 nem
1076 798 1183 853 illorum
1205 795 1374 855 humanitate
1400 808 1474 855 tanta
1493 809 1520 856 et
1539 801 1717 875 benignitate,
1733 819 1787 872 qua

992 901 1058 958 erga
1070 903 1117 943 eos
1131 889 1243 956 utimur,
1258 892 1292 945 ad
1303 891 1454 961 spiritalem
1468 891 1530 948 fidei
1542 901 1644 949 nostrae
1659 895 1787 955 virtutem

993 976 1131 1033 valeamus
1141 979 1291 1045 adducere,
1311 997 1375 1052 pars
1387 983 1477 1052 aliqua
1497 999 1531 1038 ex
1543 985 1655 1051 nostris,
1671 985 1734 1041 darm
1755 987 1789 1042 li-

992 1069 1088 1124 benter
1102 1070 1257 1125 carnalibus
1268 1087 1362 1127 eorum
1374 1074 1491 1129 victibus
1502 1077 1696 1144 communicat,
1707 1080 1787 1148 spiri·

994 1159 1092 1216 talibus
1110 1161 1196 1231 epulis
1213 1164 1348 1234 capiatur.
1374 1166 1449 1222 llanc
1478 1169 1579 1224 etenim
1597 1169 1695 1225 divinae
1721 1171 1789 1231 leals

145 1258 319 1320 stituuntur;
338 1253 522 1309 adnitentibus
538 1253 566 1306 in
582 1251 635 1307 hoc
647 1251 735 1320 ipsum
751 1240 849 1306 diaboii
868 1250 941 1316 liliis,
992 1249 1189 1318 providentiam
1199 1251 1295 1306 Patres
1306 1254 1391 1307 nostri
1402 1254 1534 1312 institutis
1543 1258 1683 1314 canonicis
1694 1258 1788 1315 vicien-

143 1345 208 1401 odio
220 1345 343 1410 subluto,
363 1352 392 1398 et
417 1341 559 1397 fallacibus
582 1340 789 1406 blanclimentis;
827 1341 891 1395 dum
913 1355 943 1396 se
993 1347 1109 1397 toresse
1121 1344 1223 1409 secuti;
1238 1358 1353 1413 quorum
1368 1360 1418 1400 nos
1442 1349 1597 1420 praeceptis,
1614 1350 1786 1420 inquantum

145 1437 387 1508 ²patriarcharum
400 1429 941 1504 progeniem,justorumgenus,prophe·
991 1430 1144 1500 potuimus,
1160 1432 1265 1488 devotis
1288 1434 1385 1490 animis
1410 1437 1531 1492 obsecuti
1550 1454 1659 1510 sumqs3
1676 1442 1784 1510 pericu-

145 1535 235 1581 tarum
254 1524 373 1581 sobolem
388 1524 505 1593 superbo
517 1537 566 1576 ore
585 1519 799 1590 proloquuntur;
816 1520 942 1591 ignoran-
992 1519 1047 1576 lum
1071 1523 1175 1579 scilieet
1202 1526 1432 1597 animarumque
1455 1529 1533 1584 nobis
1559 1532 1712 1588 commissae
1724 1541 1788 1589 suot

146 1620 220 1674 tibus
241 1618 359 1683 miseris,
386 1616 432 1687 qni
459 1616 517 1671 baec
544 1615 667 1679 audiunt,
681 1613 753 1683 quod
781 1614 832 1682 ipsi
847 1629 940 1668 eorunm
991 1616 1225 1683 pertimescentes,
1248 1629 1275 1672 et
1300 1635 1393 1674 earum
1413 1622 1425 1661 b
1447 1623 1606 1693 sangninem
1628 1625 1662 1679 de
1686 1625 1787 1681 nostris

146 1707 284 1778 prophetae
296 1716 404 1779 gentem
422 1705 612 1775 peccatricem,
625 1703 753 1774 populum
767 1718 876 1775 gravem
890 1705 942 1758 ini·
956 1689 979 1747 Β
994 1707 1121 1763 manibus
1131 1707 1158 1762 in
1172 1708 1263 1764 divino
1275 1712 1470 1780 exquirendum
1481 1712 1585 1781 judicio
1596 1712 1784 1772 formidantes.

146 1799 263 1869 quitata,
278 1812 370 1852 semen
389 1811 518 1865 nequam,
550 1794 619 1850 filios
645 1792 809 1861 sceleratos,
837 1803 943 1862 patrem
995 1794 1180 1854 'lentasemnt
1199 1815 1281 1869 porro
1306 1803 1415 1871 quidam
1434 1805 1531 1868 missi,
1559 1814 1587 1860 et
1611 1816 1622 1844 ⁰
1650 1806 1787 1863 Errardns

146 1905 269 1961 ipsorum
283 1888 483 1950 Amorrlrmum,
504 1895 620 1942 matrem
635 1885 786 1951 Cetbaeam,
813 1885 945 1942 Sodomo-
993 1891 1120 1956 maxime,
1135 1893 1181 1962 qui
1193 1890 1348 1949 iudeorum
1364 1913 1436 1952 nunc
1448 1898 1579 1968 magister
1603 1908 1655 1963 cst,
1676 1901 1785 1973 religio-

146 1997 206 2036 rum
230 1981 387 2051 principes,
410 1989 438 2034 ct
453 1978 613 2034 Gomorrlrre
626 1978 757 2049 populum
774 1980 880 2034 soleant
897 1995 944 2049 ap·
994 2001 1053 2039 sum
1067 1987 1117 2040 boc
1130 2002 1199 2058 opos
1223 1998 1346 2046 nostmm
1376 1993 1527 2061 destruere,
1546 2011 1577 2051 ac
1600 1998 1651 2052 snb
1672 1998 1786 2054 obrem„

146 2073 259 2144 pellace.
272 2072 324 2127 Sed
339 2081 366 2126 ct
381 2070 445 2126 illul
455 2070 558 2141 pariter
573 2069 769 2137 nescientibus,
788 2072 860 2142 quod
875 2086 943 2141 prac-
993 2074 1144 2130 edictorum
1161 2078 1342 2148 imperialium
1366 2081 1541 2140 labefactare.
1558 2087 1661 2153 Quibus
1675 2103 1724 2143 nos
1739 2105 1786 2142 nn-

149 2179 246 2220 cursor
261 2164 368 2219 Domini
378 2163 498 2219 loannes
518 2163 653 2233 genimina
667 2179 714 2218 eos
728 2165 828 2219 dixerit
841 2165 945 2235 vipera·
993 2180 1046 2235 que
1059 2168 1092 2222 ad
1107 2169 1203 2224 boram
1215 2172 1362 2238 cessimus,
1378 2182 1407 2228 ut
1422 2175 1519 2231 clivium
1536 2177 1603 2247 legis
1615 2179 1739 2244 veritas,
1759 2192 1786 2234 er

149 2272 219 2321 rtrur,
235 2258 332 2327 etipse
347 2257 479 2310 Dominus
500 2255 657 2324 frequenter
679 2255 739 2310 illos
751 2272 822 2312 nunc
834 2272 944 2326 serpen·
993 2265 1148 2312 sanctorum
1164 2260 1275 2317 Patrona
1288 2263 1447 2320 corastitutiu
1468 2269 1630 2332 veneranda,
1656 2269 1786 2324 immobili

148 2363 198 2413 tcs,
214 2363 284 2402 nnnc
300 2347 502 2418 perforationem
518 2346 627 2413 malam,
640 2361 763 2415 pravam,
785 2360 942 2418 perversam
994 2347 1065 2417 apud
1081 2366 1131 2405 nos
1153 2361 1235 2422 atquc
1251 2354 1408 2411 inconvulsa
1432 2358 1623 2414 observ-atione
1647 2361 1784 2430 perduret.

148 2448 229 2509 atquc
248 2439 398 2494 adulzeram
415 2439 552 2494 recitarit.
569 2437 645 2495 Unde
657 2447 685 2492 et
697 2439 725 2493 in
742 2446 846 2493 tantum
868 2454 944 2493 erro
994 2437 1049 2495 Nec
1068 2456 1132 2497 vero
1146 2450 1201 2497 tam
1216 2443 1345 2502 feralibus
1362 2445 1446 2515 jussis
1470 2450 1529 2505 ausi
1555 2465 1649 2507 surnns
1663 2455 1786 2522 acquies-

145 2539 185 2593 ris
197 2537 310 2608 pelagus
332 2535 456 2591 nonnulli
475 2551 508 2590 ex
531 2533 688 2605 vulgaribus
703 2549 736 2590 ac
758 2535 869 2591 rusticis
893 2535 941 2589 ab·
993 2546 1065 2596 cere,
1078 2543 1125 2587 aut
1140 2535 1373 2605 religiosissimum
1386 2554 1417 2593 ac
1432 2538 1488 2596 Deo
1502 2541 1614 2613 dignum
1633 2545 1785 2616 principem

144 2631 290 2694 clucnntur,
312 2637 342 2684 ut
359 2630 433 2684 laone
453 2627 540 2684 solum
561 2629 609 2683 Dei
624 2643 687 2685 esse
705 2626 845 2700 populum,
871 2630 942 2700 apud
993 2622 1131 2691 quidpiam
1145 2623 1242 2679 cliviam
1262 2625 1313 2697 legi
1326 2629 1505 2697 contrarium,
1532 2633 1616 2687 sacris
1638 2634 1787 2690 canonibus

146 2719 195 2776 bos
211 2719 263 2790 piae
278 2718 418 2790 religionis
440 2718 655 2784 observantiam,
674 2734 706 2774 ac
732 2718 817 2774 multo
843 2720 942 2775 certio-
994 2714 1147 2780 adversum,
1163 2716 1243 2772 saluti
1259 2717 1388 2776 Ecclesiae
1399 2721 1592 2791 periculosum,
1614 2727 1785 2796 crederepo-

148 2827 216 2875 rem,
235 2817 423 2881 quamnostra
436 2809 482 2873 sit,
503 2809 595 2873 fldem,
608 2815 637 2863 et
646 2808 759 2863 seducto
772 2809 943 2878 suspicentur
994 2805 1096 2860 tuimns
1108 2809 1285 2878 praecepissc3
1309 2810 1387 2880 cujus
1409 2813 1442 2868 ad
1466 2815 1519 2869 hoc
1539 2831 1648 2887 semper
1666 2818 1788 2890 invigilat

145 2903 246 2966 animo,
276 2908 304 2956 et
329 2916 377 2956 ore
393 2900 476 2970 impio
502 2901 573 2955 inter
596 2914 677 2970 pares
690 2907 718 2954 ct
733 2899 889 2955 consimiles
903 2898 943 2954 fa·
994 2895 1082 2951 baetis
1104 2897 1237 2953 industria
1262 2908 1290 2953 et
1313 2901 1400 2970 pietas
1417 2903 1593 2972 admiranda,
1616 2916 1645 2962 ut
1671 2906 1712 2962 lex
1741 2908 1787 2963 Dei

150 3003 268 3049 teantur.
995 2987 1094 3056 ubique
1114 2998 1258 3057 serretur,
1290 3001 1319 3046 ut
1343 2994 1473 3049 canonica
1506 2996 1629 3051 instituta
1655 3009 1786 3069 perpetua

181 3085 260 3154 Quod
269 3085 369 3142 malum
384 3100 446 3140 eom
468 3084 495 3138 in
510 3081 588 3153 plebe
611 3081 690 3137 nobis
703 3081 850 3136 commissa
865 3055 977 3135 ride·C
995 3077 1103 3149 vigeant
1120 3078 1267 3146 firmitate,
1290 3091 1320 3136 ut
1339 3084 1412 3139 salus
1431 3100 1463 3140 ac
1479 3086 1564 3142 virtus
1583 3088 1711 3144 Ecclesia
1731 3100 1788 3145 toto

146 3183 517 3244 remusexerescere,atque
531 3173 559 3228 in
577 3173 636 3228 dies
654 3172 777 3243 singulos
805 3171 862 3242 ipsa
884 3169 942 3240 jam
994 3176 1131 3224 terrarum
1156 3170 1221 3226 orbe
1245 3172 1389 3242 gloriosius
1412 3175 1440 3228 in
1469 3176 1526 3232 dics
1548 3178 1667 3250 singulos
1687 3197 1788 3236 conva-

144 3265 342 3321 eonsuetudiue
357 3264 512 3336 pmpagari,
534 3262 688 3318 studuimus
709 3277 759 3332 pro
773 3262 876 3317 riribus
904 3262 942 3315 la·
994 3261 1088 3317 lescat.

146 3358 203 3432 psis
222 3372 333 3413 manum
356 3355 510 3426 porrigere,
526 3364 554 3412 et
568 3362 693 3411 errantes
705 3355 812 3410 animos
826 3355 860 3409 ad
874 3355 942 3427 veri·
1031 3351 1106 3408 Unde
1119 3361 1148 3407 ct
1170 3361 1209 3419 tu,
1223 3352 1305 3408 Pater
1319 3355 1487 3421 beatissime,
1502 3358 1548 3426 qui
1567 3359 1691 3413 columna
1716 3377 1788 3419 cnunc

145 3448 210 3504 tatis
221 3448 320 3504 lineam
331 3463 459 3503 reuocare
473 3462 599 3518 :aquom
609 3447 752 3502 credentes
762 3455 793 3500 ut
805 3446 942 3516 quomodo
995 3445 1022 3499 in
1033 3445 1159 3500 omnibus
1169 3453 1197 3500 et
1210 3444 1412 3502 firmamentum
1427 3448 1523 3503 donnus
1538 3448 1584 3503 Dei
1598 3451 1730 3517 crederis,
1746 3463 1788 3507 sta

144 3541 212 3611 ipsis
225 3541 363 3610 quondam
382 3539 424 3595 lea
438 3538 487 3594 Dei
507 3538 683 3609 praecipiebat
694 3553 728 3593 ne
741 3553 802 3594 cnm
814 3538 940 3610 gentibus
995 3550 1077 3606 super
1089 3542 1194 3606 petram
1207 3535 1400 3595 ecclesiastieae
1408 3538 1615 3595 observationis.
1630 3541 1788 3609 irnmobilis,

145 3631 351 3691 roatnmomum
378 3629 546 3701 copularent,
571 3645 640 3686 uere
658 3645 721 3685 eum
739 3629 780 3684 eis
797 3644 941 3686 commune
995 3626 1157 3695 intrepidus,
1186 3626 1375 3694 inconcussus,
1401 3625 1601 3698 floccipendens
1625 3631 1789 3688 adversariae

145 3720 301 3779 coavivium
312 3722 495 3786 celebrarent,
521 3736 556 3775 ne
577 3721 704 3776 videlieet
725 3737 776 3793 per
801 3722 940 3777 consortia
995 3716 1164 3785 tempestatis
1176 3723 1281 3782 ventos,
1299 3717 1410 3782 imbres,
1429 3716 1598 3782 acllumina;
1614 3734 1675 3788 qum
1692 3721 1788 3776 funda-

146 3815 302 3886 nnptiamm
316 3822 344 3868 et
358 3812 578 3870 communionem
600 3812 723 3867 ciborum
736 3827 752 3866 a
765 3812 857 3867 divino
879 3811 941 3882 qui·
995 3813 1086 3860 orento
1096 3805 1205 3875 quidem
1219 3806 1315 3862 domus
1329 3806 1377 3861 Dei
1398 3806 1465 3863 illidi
1481 3815 1604 3876 possunt,
1620 3808 1706 3878 ipsam
1724 3822 1787 3864 vero

146 3907 208 3962 dem
222 3906 296 3964 cultu
307 3904 469 3971 deicerent,
482 3903 642 3960 idololatriae
653 3913 743 3960 autem
753 3903 820 3976 jugo
831 3905 941 3960 liberta·
996 3901 1128 3957 subruere
1141 3908 1331 3970 nonpossunt:
1343 3900 1407 3970 quia
1417 3914 1469 3956 uec
1482 3909 1568 3971 portm
1580 3901 1680 3957 inferid
1693 3901 1787 3956 adrer-

147 4009 203 4054 tcm
216 3998 301 4054 animi
314 3997 494 4063 inclinarent;
516 3998 554 4052 ita
571 4005 687 4053 nuncet
711 4008 805 4054 noster
828 3998 942 4068 populus
996 4007 1044 4048 sus
1055 4004 1116 4046 eam
1128 3990 1275 4062 praevalere
1287 3997 1399 4061 queunt.
1415 3989 1550 4056 scientes,
1578 3992 1678 4063 itaque,
1707 3990 1788 4045 Pater

145 4088 313 4153 inhibeatur,
326 4101 361 4140 ne
370 4100 432 4140 cum
451 4083 551 4140 ludaeis
570 4084 724 4141 infidelibus
733 4088 861 4143 vescendi
874 4102 938 4157 par·
996 4084 1170 4150 venerabilis,
1180 4097 1278 4140 ornnes
1291 4082 1337 4154 qui
1348 4083 1399 4137 sub
1413 4079 1472 4154 lege
1484 4077 1562 4147 subt,
1579 4082 1630 4137 sub
1644 4082 1787 4138 maledicto

844 4196 979 4253 midan
999 4195 1115 4252 ND'lAE.

145 4311 213 4368 adeo
226 4315 320 4380 aperte
333 4308 494 4364 sententiam
506 4322 584 4363 suam
603 4307 751 4378 prompsit,
768 4316 798 4362 ut
818 4307 979 4369 divium-1)
992 4309 1042 4364 sub
1054 4306 1185 4376 Gregorio
1196 4305 1229 4370 X,
1241 4305 1379 4362 Romanus
1393 4307 1513 4376 pontifex
1537 4315 1650 4364 vocatur
1673 4322 1788 4378 sponsus

145 4384 210 4438 dum
219 4395 274 4436 non
291 4380 326 4435 sit
336 4380 400 4450 quid
411 4379 439 4433 in
453 4379 505 4433 bac
515 4393 597 4434 eausa
611 4378 738 4433 senserit.
748 4377 938 4434 adscensurus

145 4455 173 4508 in
190 4450 306 4516 erolum
321 4451 419 4522 inquit,
434 4450 442 4503 i
463 4464 519 4505 sam
533 4464 628 4505 rursus
641 4448 791 4505 Ecclesiam
801 4464 939 4505 commen-

144 4522 229 4578 darit.
247 4520 368 4592 Sponsus
391 4467 573 4591 proiecturus,
591 4534 719 4590 sponsam
745 4535 821 4574 suam
845 4521 939 4575 amieis

144 4593 429 4649 sariscommendavit:
447 4607 500 4645 non
517 4599 547 4645 ut
569 4598 641 4647 amet
654 4590 771 4660 aliquem
797 4591 937 4660 ipsorum,

144 4664 191 4720 sed
202 4662 291 4734 ipsum
320 4673 447 4733 tanquam
464 4677 602 4732 sponsum,
616 4661 677 4716 illos
692 4669 822 4731 tanquam
845 4660 937 4730 sponsi

144 4735 266 4799 arnicas,
288 4741 316 4788 et
336 4748 389 4788 non
404 4747 464 4786 eam
480 4733 623 4786 admittant
648 4730 750 4787 lascivo
765 4745 856 4785 norme
878 4745 940 4785 cor·

146 4805 246 4872 rumpi.
262 4823 271 4855 ι
285 4802 354 4857 llinc
370 4801 471 4856 factum
483 4809 513 4854 ut
525 4801 580 4856 Leo
597 4800 644 4864 lx,
657 4798 779 4870 pontifex
791 4799 938 4865 Rornanns,

144 4873 267 4930 scribens
282 4873 316 4927 ad
337 4872 486 4926 Robertum
501 4871 628 4926 abbatem
642 4869 780 4926 Casae-Dei
799 4870 826 4925 in
841 4869 940 4925 llrver·

145 4946 197 5009 nis,
213 4943 313 4999 dixerit
327 4941 464 4998 Christum
488 4955 548 4996 esse
571 4957 665 4996 verum
689 4949 814 4996 etunum
838 4948 940 4996 sanetm

145 5014 272 5071 Ecclesiae
290 5025 429 5086 sponsnm.
445 5011 568 5080 Denique
581 5020 691 5066 sanctus
709 5010 864 5067 Bernardus
882 5011 940 5067 hmo

145 5085 180 5139 ad
192 5084 341 5156 Eugenium
351 5081 385 5139 lll
398 5082 506 5150 scrips't
519 5083 546 5136 in
568 5082 680 5151 epistola
698 5081 767 5136 237:
782 5099 792 5132 c
811 5082 940 5152 Superest

145 5154 259 5211 utfaeta
286 5156 338 5211 bac
361 5153 510 5209 mutatione
526 5153 581 5217 tui,
611 5153 669 5222 ipsa
684 5168 791 5223 quoque
816 5169 876 5224 quae
891 5152 940 5208 tibi

146 5226 291 5282 commissa
304 5234 346 5282 est
360 5224 467 5279 Domini
483 5223 522 5277 tul
536 5237 635 5294 sponsa
648 5231 768 5278 mutetur
788 5223 815 5277 in
832 5223 938 5290 melius,

145 5301 173 5348 et
186 5295 243 5365 lam
253 5309 426 5367 nequaquam
437 5293 526 5359 Sarai,
540 5295 588 5349 scd
602 5292 669 5349 Sara
685 5295 718 5349 de
732 5303 831 5349 cetero
853 5295 940 5348 norni-

147 5371 235 5420 netar.
249 5365 334 5420 lntelli
378 5381 437 5437 qum
452 5366 521 5421 dico.
538 5364 618 5420 Dabit
639 5364 712 5419 enim
737 5364 786 5419 tibi
810 5364 941 5418 Dominus

146 5433 324 5516 intellectum.
337 5380 369 5490 ἐξ
380 5436 482 5492 airricus
494 5435 585 5506 sponsi
598 5450 638 5500 es,
652 5449 686 5489 ne
699 5434 801 5489 dixeris
814 5434 939 5490 dilectam

145 5518 205 5574 qus
217 5505 366 5575 principem
389 5521 486 5571 meam,
502 5508 548 5562 sed
559 5506 719 5576 principem,
730 5503 797 5560 nibil
821 5513 897 5559 tuum
911 5504 939 5558 in

146 5589 178 5629 ea
189 5575 347 5638 vindicans,
359 5575 411 5630 nisi
429 5576 499 5646 qnod
523 5592 574 5647 pro
588 5593 630 5638 ea,
644 5576 666 5631 si
682 5573 843 5646 oportuerit,
856 5576 939 5630 ctiam

147 5646 265 5702 animam
281 5647 346 5702 dare
360 5644 452 5700 debes.
468 5666 476 5698 a
496 5645 523 5700 ln
538 5647 652 5705 coricilio
664 5657 753 5702 tamen
767 5644 938 5718 largtnncnsi

992 4377 1135 4442 Ecclesire;
1151 4377 1178 4431 in
1194 4391 1254 4448 cap.
1269 4376 1319 4431 Udi
1330 4378 1486 4448 periculum.
1502 4378 1540 4432 De
1557 4378 1640 4434 Eiect.
1653 4378 1681 4453 tp
1693 4380 1786 4435 Scato.

1028 4461 1040 4489 ⁸
1062 4447 1281 4502 Potrr‘nrcftnrum
1296 4448 1455 4519 progeniem.
1471 4449 1538 4504 vide
1550 4463 1610 4520 quac
1621 4450 1738 4505 diximus
1753 4452 1788 4507 ad

992 4518 1091 4574 librum
1106 4518 1144 4573 De
1158 4516 1301 4573 insolentia
1315 4518 1481 4574 iudeorum.

1026 4589 1041 4629 b
1059 4587 1220 4661 Sanguinem
1234 4589 1266 4642 de
1280 4590 1377 4644 nostris
1400 4589 1531 4644 mortibus.
1553 4588 1641 4645 'fimet
1664 4589 1788 4661 Agolrar-

991 4660 1051 4724 dus,
1064 4672 1099 4714 ne
1112 4661 1134 4714 si
1149 4658 1301 4713 animarum
1324 4659 1375 4714 sibi
1394 4661 1601 4716 commissarum
1626 4660 1734 4733 vigilum
1755 4678 1787 4717 ae

980 4729 1135 4787 sollicitam
1156 4744 1249 4784 eoram
1271 4745 1324 4784 non
1343 4739 1429 4801 gerat,
1449 4730 1471 4785 si
1494 4732 1529 4785 ob
1547 4731 1676 4787 desiliam
1700 4731 1786 4802 negli-

990 4800 1162 4872 gentiamque
1176 4814 1253 4855 suam
1278 4809 1412 4869 pereant,
1433 4815 1528 4856 eurum
1553 4802 1730 4868 {ecditiouern
1753 4803 1787 4858 cle

991 4885 1072 4926 manu
1086 4870 1144 4940 ejus
1157 4870 1279 4940 requirat
1297 4870 1368 4925 Deus
1381 4872 1407 4926 in
1423 4871 1525 4943 judicio
1538 4872 1640 4927 divino.
1658 4871 1722 4926 l'ide
1739 4887 1788 4927 oo-

990 4950 1032 4996 tas
1048 4940 1083 4996 ad
1093 4940 1234 5012 epistolam
1247 4941 1282 4996 79
1295 4941 1362 5011 Lupi
1377 4941 1571 4999 ferrariensis.

1028 5009 1204 5074 eErrantes,
1219 5011 1319 5067 missus
1332 5013 1493 5068 dominicus.
1518 5011 1584 5069 Vide
1606 5023 1684 5068 noas
1704 5011 1737 5069 ad
1760 5013 1788 5066 li·

991 5080 1070 5137 brom
1085 5080 1118 5136 de
1132 5081 1268 5150 baptismo
1280 5078 1454 5138 ludaicorum
1470 5083 1677 5154 mancipiorum.

1027 5152 1040 5192 ἅ
1060 5150 1191 5206 Adversus
1203 5167 1271 5216 eura,
1294 5152 1320 5206 id
1334 5161 1387 5217 est,
1401 5153 1566 5219 Ecclesiam,
1591 5169 1623 5209 ea
1652 5152 1787 5210 sententiat

990 5221 1134 5293 Agebarcli
1150 5221 1197 5293 qui
1209 5221 1249 5276 sic
1264 5222 1458 5291 interpretatur
1470 5223 1558 5280 locum
1571 5223 1645 5279 illum
1654 5240 1688 5279 es
1700 5223 1788 5278 Evan-

990 5293 1060 5363 gelio
1082 5291 1200 5347 blaabaet
1215 5309 1221 5345 :
1237 5290 1322 5362 Super
1338 5294 1407 5349 dunc
1428 5304 1530 5364 petrum
1546 5293 1683 5363 n’dificndo
1699 5292 1789 5348 Eccle-

990 5364 1058 5417 sium
1074 5379 1168 5428 aarum,
1185 5372 1210 5417 et
1226 5373 1309 5432 porte
1321 5362 1401 5434 inferi
1412 5381 1464 5420 stoa
1472 5366 1649 5437 praronlebaat
1663 5363 1789 5418 reduceret

990 5449 1059 5488 eam.
1076 5433 1155 5489 Varie
1176 5440 1267 5489 autem
1293 5434 1412 5504 jactatus
1426 5446 1468 5492 est
1486 5436 1530 5492 bic
1545 5437 1639 5498 locus;
1662 5435 1726 5489 dum
1741 5434 1788 5489 alii

990 5517 1053 5559 eum
1067 5502 1187 5560 celerant
1197 5505 1230 5558 ad
1244 5513 1360 5575 petram,
1374 5505 1401 5561 id
1415 5512 1467 5571 est,
1492 5506 1604 5563 Petrum
1628 5516 1655 5564 ct
1677 5520 1787 5560 succes-

991 5572 1135 5643 soresejus
1149 5572 1456 5645 llomanospontilices;
1473 5578 1518 5632 alii
1547 5576 1581 5632 ad
1605 5594 1621 5647 p
1640 5587 1731 5640 trun,
1763 5575 1789 5628 id

990 5654 1043 5715 est,
1060 5643 1092 5701 ad
1105 5643 1302 5702 confessionem
1330 5647 1412 5704 l‘etri.
1432 5648 1518 5702 foere
1535 5648 1579 5719 qni
1600 5648 1732 5702 referrem
1754 5644 1788 5700 ad
