3832 6120
129 287 198 346 teas
684 278 847 340 tuoottct
864 278 876 335 l
893 271 1130 334 COGNOMENTO
1148 273 1192 330 l‘ll
1687 273 1757 329 tint

128 400 222 456 Sancti
238 396 374 462 Silvestri,
392 396 433 452 rel
449 393 689 459 Sanctellarinae,
705 391 857 449 cumomni
874 390 915 446 in·
928 388 954 449 A
966 393 1054 452 vetur,
1075 401 1150 443 more
1169 396 1262 442 nostro
1280 402 1340 443 eaor
1359 389 1548 458 subscribere,
1575 397 1603 446 ct
1624 389 1662 444 de
1683 388 1757 443 buliu

129 489 273 560 tegritate,
292 485 334 539 uel
352 484 483 554 quidquid
501 498 534 539 ex
548 482 672 554 largitate
691 498 784 555 regum
806 480 914 552 regina·
966 483 1057 531 nostra
1067 474 1198 545 jussionis
1211 478 1332 550 sigillari.

129 591 258 646 rumque,
272 572 445 645 pontificum,
466 572 581 637 ducum,
599 571 798 630 castaldorum.
821 569 864 625 vel
882 584 916 625 ex
1001 565 1143 622 Ouraodus
1165 566 1293 625 diaconus
1317 569 1351 625 ad
1376 570 1463 626 vicem
1488 571 1647 627 llelisacbar
1679 587 1759 626 reco-

129 665 234 722 collatis
248 666 355 736 populi,
372 666 414 721 uel
427 675 587 720 ceterorum
604 664 740 728 bdelium,
757 662 844 718 eidem
860 674 917 715 mo-
966 654 1057 723 gnon.

129 758 247 815 nasterio
259 758 383 830 legaliter
397 757 587 813 confirmatum
602 755 705 819 iuerat,
727 754 784 809 suis
797 752 916 807 auctori·
1001 743 1099 799 Delum
1119 762 1136 799 ¹¹
1157 745 1224 802 Non.
1239 748 1352 819 Augusti
1363 766 1444 815 ³⁰⁰0·
1456 750 1565 806 Chiliw
1583 751 1717 821 propitio,
1728 752 1756 806 Η

128 849 232 906 pappus
244 847 426 904 wnpfmmg
451 846 504 901 geg
518 854 547 901 02
561 861 609 915 950
629 845 668 899 ,οἱ
689 843 771 898 torsus
790 840 918 895 firmitate
968 831 1072 902 imperii
1093 835 1194 900 nostri,
1214 837 1360 893 indictione
1373 841 1399 894 8.
1428 839 1524 894 dctnrn
1548 839 1761 897 Franconolurd

129 939 276 1010 postularit
290 953 341 993 nos
354 937 500 1008 predictus
512 936 597 990 abbas
608 931 720 1002 citusque
731 929 917 1001 congregatio,
967 921 1067 990 palatio
1079 923 1153 994 regio
1165 924 1214 980 liei
1226 927 1334 981 nomine
1347 926 1473 983 feliciter.

129 1038 160 1086 ut
172 1044 275 1085 morem
287 1036 429 1099 paternum
442 1033 587 1096 sequentes
600 1031 721 1079 nostram
735 1020 816 1076 etiam
829 1027 919 1075 aucto·
1303 1037 1412 1094 mv.

130 1119 240 1175 ritatem
253 1133 334 1189 super
345 1119 397 1172 boc
409 1117 516 1187 negotio
528 1115 585 1170 lieri
598 1128 781 1170 censeremus.
796 1111 918 1180 Quomm
1136 1140 1186 1182 „120
1206 1142 1372 1185 „ommno
1391 1146 1582 1188 mmm·

130 1205 307 1276 petitionibus
331 1206 366 1260 ob
391 1205 487 1258 animae
510 1212 610 1258 nostrae
632 1201 866 1266 emolumentum,
891 1209 919 1256 et
1275 1219 1449 1294 (limodli.)

130 1305 238 1352 aetemac
265 1293 452 1350 retributionis
475 1291 614 1358 lructum,
639 1292 755 1347 libenter
778 1306 918 1346 assensum
970 1303 1084 1375 [germem
1097 1304 1206 1375 ggpag,
1221 1306 1353 1378 gama,
1373 1317 1436 1365 gom·
1453 1311 1541 1378 mu,
1564 1323 1647 1372 mm·
1664 1316 1710 1385 8¹,
1728 1318 1763 1376 de

130 1385 311 1457 prebuimus,
331 1391 360 1440 et
380 1384 432 1439 hoc
452 1391 553 1439 nostrae
568 1382 738 1438 auctoritatis
755 1388 919 1451 preceptum
1232 1375 1333 1432 Eccles.
1345 1378 1476 1453 Gerund]

132 1476 253 1545 inspecta
267 1475 431 1529 auctoritate
445 1483 557 1545 paterna
571 1472 631 1528 lieri
645 1471 763 1542 placuit,
784 1485 832 1541 per
849 1466 920 1540 equod
1005 1463 1033 1518 ln
1053 1465 1162 1520 nomine
1181 1465 1286 1522 Domini
1305 1469 1352 1524 liei
1375 1478 1403 1525 et
1421 1470 1571 1529 saluatoris
1589 1476 1681 1531 nostri
1699 1473 1761 1534 lesu

132 1568 302 1623 decrevimus
316 1575 396 1636 atquc
412 1566 556 1621 statuimus
568 1573 600 1619 ut
613 1562 705 1619 nullus
723 1562 865 1632 episcopus
886 1559 920 1615 de
970 1553 1252 1625 Christibudoricus,
1261 1559 1350 1614 (lirina
1363 1561 1507 1618 ordinante
1513 1564 1702 1635 providentia,
1713 1568 1762 1623 im-

92 1692 97 1701 1
133 1663 259 1732 strgterius
274 1662 431 1716 memoratis
445 1660 529 1726 locis,
551 1668 598 1714 ant
612 1657 765 1715 decoreris
781 1660 917 1710 monaste·
970 1654 1080 1717 perator
1092 1649 1240 1720 Augustus.

133 1754 197 1817 riis,
217 1762 264 1808 nait
280 1752 400 1817 cellulis,
421 1752 612 1817 xenodochiis,
630 1749 767 1813 ecclesiis,
782 1730 958 1809 curtibus,B
1007 1734 1037 1791 Si
1059 1751 1123 1808 erge
1146 1738 1206 1793 loen
1227 1739 1327 1797 divinis
1346 1742 1462 1801 cultibus
1478 1748 1636 1818 mancipata
1652 1758 1762 1820 propias

133 1846 220 1910 villis,
242 1844 437 1914 piscationibus
451 1860 511 1900 eum
524 1842 705 1913 piscatoribus
725 1840 798 1902 suis,
817 1836 918 1899 serris,
972 1842 1093 1883 emerem
1105 1829 1153 1884 Dei
1168 1830 1280 1901 ejusque
1298 1834 1325 1887 in
1343 1835 1437 1892 iisdem
1452 1837 1518 1893 locis
1530 1839 1582 1895 sibi
1598 1839 1761 1901 damiatam

133 1934 255 2002 ancillis,
280 1936 437 2002 libellariis,
461 1933 635 1996 chartulatis,
659 1929 776 1994 ollertis,
798 1927 919 2000 gualdis,
970 1917 1101 1976 beneficia
1115 1931 1266 1993 opportuna
1280 1923 1421 1996 largimur,
1439 1929 1581 1998 premium
1597 1932 1679 1987 nobis
1691 1933 1760 2003 apud

133 2024 312 2090 molendinis,
333 2024 375 2079 rel
386 2025 420 2081 de
435 2023 560 2079 omnibus
572 2023 661 2078 eidem
680 2019 845 2076 monasterio
859 2016 921 2087 iure
971 2009 1114 2081 Dominum
1129 2023 1239 2070 sternte
1253 2019 1478 2077 remunerationis
1496 2024 1610 2092 rependi
1624 2040 1680 2080 non
1694 2025 1761 2080 din

135 2115 280 2185 suirjectis,
302 2116 344 2170 rel
359 2115 488 2184 quidquid
502 2129 536 2168 er
551 2111 734 2168 munificentia
750 2123 860 2181 regom,
879 2123 922 2163 re.
971 2098 1069 2156 dimus.
1084 2100 1189 2159 Idcirco
1200 2111 1293 2161 notum
1304 2105 1495 2166 berivolumus
1506 2113 1631 2169 omnium
1642 2114 1759 2171 iidelium

133 2204 274 2272 ginarnm,
290 2212 338 2258 aut
351 2219 384 2258 cx
398 2203 603 2259 confirmatione
617 2201 788 2273 pontificum,
804 2199 921 2265 ducum,
971 2190 1127 2247 nostrorum
1138 2197 1312 2264 praesentium
1327 2197 1431 2255 scilicet
1446 2208 1474 2256 et
1487 2199 1643 2258 tntumrnn
1657 2208 1759 2278 magni·

134 2290 333 2358 castaldorum,
351 2307 402 2348 nec
416 2307 469 2347 noa
483 2307 517 2347 ex
530 2291 636 2346 collatis
648 2289 740 2361 populi
753 2297 800 2344 aut
811 2296 922 2344 cetero-
971 2282 1075 2348 tudini,
1095 2286 1212 2356 qualiter
1223 2288 1266 2343 uir
1280 2289 1385 2347 illuster
1400 2291 1504 2364 llampo
1522 2310 1617 2352 eomes
1637 2306 1758 2353 nostum

133 2398 194 2437 rrrrn
207 2381 325 2438 bdelium
339 2383 512 2447 liberalitate,
525 2383 662 2438 ueletiam
676 2397 709 2437 ex
723 2380 863 2436 monacbis
875 2380 922 2449 qui
972 2372 1038 2428 adili
1048 2376 1229 2442 serenitatem,
1242 2394 1389 2452 suggerens
1401 2385 1602 2442 rnansuetndtnt
1613 2396 1717 2446 nostrae
1729 2406 1764 2446 ω

133 2471 163 2526 in
174 2473 269 2527 eodem
287 2473 452 2528 monasterio
466 2488 530 2529 suas
544 2472 648 2527 animas
663 2470 768 2527 salum
780 2470 922 2540 cupientes
971 2461 1042 2530 tteod
1053 2463 1162 2533 quidam
1171 2467 1214 2522 vir
1223 2469 1364 2540 religiosus
1375 2475 1483 2530 nomine
1492 2474 1608 2533 Bonitus
1616 2480 1760 2549 quondm

133 2560 317 2626 intraremut,
330 2569 358 2616 et
371 2562 412 2617 eis
428 2570 480 2616 tam
497 2577 530 2617 ex
544 2560 690 2616 donatione
708 2574 801 2630 regum
815 2557 923 2629 regina·
972 2551 1060 2608 locum
1074 2569 1195 2613 cremum
1209 2561 1281 2629 quod
1291 2562 1390 2618 dieitur
1400 2563 1534 2632 mabbo,
1544 2569 1671 2637 modest
1680 2571 1760 2626 simis

133 2667 264 2723 rumque,
285 2651 459 2723 pontificum,
480 2651 596 2717 ducum,
617 2664 699 2721 quam
719 2656 747 2704 ct
765 2645 923 2705 taediata
972 2642 1000 2698 in
1013 2658 1083 2715 pago
1095 2645 1274 2706 bisuldunensi
1292 2653 1338 2708 nbi
1352 2653 1467 2710 eeclesia
1481 2657 1633 2726 entmuitos
1647 2658 1759 2715 lundata

134 2753 295 2814 parentum,
315 2744 357 2798 vel
372 2744 404 2799 de
421 2743 541 2814 quolibet
557 2750 675 2797 attractu
695 2741 875 2806 adt-eaerum,
894 2746 924 2797 et
972 2729 1060 2789 luerat
1074 2750 1123 2805 per
1135 2736 1273 2795 licentiam
1287 2741 1409 2800 odilonis
1420 2744 1557 2815 quondam
1570 2749 1695 2815 comitis,
1715 2765 1761 2806 ac-

133 2835 235 2892 ibidem
249 2852 297 2908 per
309 2816 448 2892 cltartulas
466 2835 673 2907 delegarcmnt‚
688 2832 731 2888 uel
745 2832 923 2902 undecunque
972 2822 1098 2892 cepisset,
1107 2834 1134 2882 et
1146 2826 1244 2883 ibidem
1257 2832 1368 2902 proprio
1379 2834 1478 2890 sudore
1491 2833 1656 2904 laborasset,
1666 2840 1762 2896 obien-

134 2926 169 2981 ad
182 2941 231 2982 eos
244 2935 299 2982 um
315 2943 364 2998 per
377 2927 559 2992 venditiones,
577 2923 757 2989 accessiones,
773 2927 924 2978 commuta·
973 2909 1082 2967 slssitffl
1093 2913 1119 2968 5¹³
1131 2913 1234 2973 ¹¹⁰¹¹⁰ts
1243 2918 1689 2997 sanctistephaniprotomartyris
1700 2944 1762 2984 ωυ-

132 3017 222 3072 tiones
244 3019 502 3088 possessionesque,
528 3016 617 3071 eidem
641 3010 826 3077 monasterio,
851 3009 923 3066 sicut
973 3005 1087 3071 struxit,
1107 3015 1135 3063 et
1150 3008 1331 3068 habitationes
1343 3015 1535 3072 monaebomm
1548 3027 1577 3074 et
1590 3021 1759 3091 receptacula

134 3106 237 3161 dictum
260 3115 318 3173 est,
343 3110 434 3173 uenit,
457 3116 482 3162 et
507 3106 636 3162 moderno
658 3113 779 3175 tempore
799 3102 873 3173 juste
896 3107 924 3157 et
937 3079 960 3142 C
975 3110 1124 3168 peupemm
1138 3099 1299 3169 edificavit,
1322 3092 1511 3163 etmonaclios
1529 3109 1578 3178 qui
1597 3111 1650 3166 snb
1668 3126 1762 3167 norm

136 3192 260 3264 legaliter
274 3197 412 3266 possidere
426 3197 555 3258 noscitur,
576 3195 619 3250 rel
637 3194 710 3265 quod
728 3193 855 3262 deinceps
872 3191 924 3247 bo-
974 3190 1112 3264 religionis
1123 3202 1253 3266 perpetuo
1267 3197 1304 3253 ibi
1317 3197 1446 3270 degerent
1456 3197 1611 3258 constituit.
1631 3203 1688 3260 Sed
1702 3220 1760 3261 een

135 3285 210 3340 mino
220 3284 350 3356 largiente
360 3286 459 3341 ibidem
470 3286 596 3356 collatum
608 3283 697 3352 luerit,
706 3282 795 3340 nullus
806 3282 925 3339 tideliora
974 3282 1045 3338 idem
1059 3283 1143 3340 abbas
1156 3286 1247 3341 diviua
1260 3285 1384 3356 iussione
1402 3305 1419 3344 a
1438 3291 1538 3348 seculo
1555 3295 1704 3366 migrarit,
1716 3295 1762 3350 eli·

135 3385 307 3443 nostremm,
324 3379 496 3449 presentium
516 3377 620 3433 scilicet
635 3385 663 3433 et
676 3376 845 3440 futurorum,
867 3389 926 3431 me-
974 3373 1100 3444 geutibus
1117 3375 1184 3444 ipsis
1198 3378 1355 3446 monacbis,
1372 3387 1400 3435 et
1414 3383 1602 3439 consentiente
1616 3383 1762 3441 veoerabii

137 3476 244 3524 morato
256 3468 347 3523 abbati
361 3467 473 3539 ejrrsque
491 3467 709 3539 congregationi,
732 3473 780 3521 aut
793 3465 851 3522 suis
863 3479 924 3521 sne·
974 3463 1034 3519 viro
1048 3463 1171 3522 Nibridio
1184 3467 1399 3541 archiepiscopo,
1422 3471 1602 3529 llercoralem
1615 3475 1708 3531 virum
1719 3491 1760 3531 vs.

131 3558 292 3615 censoribus
305 3558 466 3628 inquietare,
486 3569 533 3614 ant
545 3557 709 3614 calumnians
721 3568 861 3627 generare,
878 3564 925 3612 aut
974 3554 1122 3612 nerabilem
1138 3557 1166 3612 in
1180 3558 1275 3615 eodem
1291 3562 1456 3617 monasterio
1469 3565 1599 3621 abbatem
1614 3566 1760 3622 constitute·

133 3647 252 3718 aliquam
274 3646 400 3717 iirjnstam
426 3648 613 3720 repetitionem
636 3646 727 3703 facere
749 3653 842 3702 tentet.
871 3644 926 3702 Sed
974 3654 1048 3711 mot,
1058 3659 1139 3716 quent
1153 3647 1180 3703 in
1192 3657 1286 3705 nostra
1295 3653 1439 3721 praesentia
1450 3653 1589 3712 adducens
1602 3657 1631 3713 in
1642 3657 1760 3713 manibus

133 3739 360 3809 sicutageoitorc
372 3738 664 3795 nostroeontlrmatum
676 3752 737 3795 esse
745 3737 923 3809 dignoscitur,
974 3736 1076 3791 nostris
1089 3751 1153 3792 enm
1165 3740 1384 3808 commendauit,
1408 3743 1548 3813 postulans
1569 3745 1645 3802 idem
1665 3746 1760 3818 {lampa

134 3836 198 3884 eta
218 3829 341 3886 tidelibus
363 3839 464 3887 sanctae
484 3829 535 3886 Dei
556 3829 684 3886 Ecclesia
707 3828 822 3886 diuersis
844 3827 926 3884 rebus
974 3825 1250 3885 comesclcmentiam
1263 3839 1396 3898 nostram,
1418 3840 1449 3888 ut
1469 3847 1531 3890 eum
1552 3851 1616 3891 cum
1637 3838 1759 3909 predicto

134 3918 206 3975 idem
227 3919 303 3976 loom
321 3920 422 3977 ditatus
438 3935 498 3978 esse
511 3928 628 3987 constat,
650 3919 687 3975 ita
706 3918 781 3976 omni
803 3926 925 3988 tempore
974 3918 1140 3975 monasterio
1164 3928 1193 3976 et
1216 3922 1357 3979 monachis
1380 3922 1417 3978 ibi
1439 3925 1603 3998 degentibus
1625 3945 1682 3986 una
1705 3945 1760 3986 can

135 4010 237 4081 absque
249 4011 363 4081 alicuius
375 4013 530 4085 prejudicio
542 4021 590 4068 ant
600 4010 773 4068 intestatione
784 4010 826 4066 uel
839 4009 925 4065 demi·
975 4007 1067 4074 rebus,
1082 4023 1142 4079 que
1156 4017 1210 4066 mm
1224 4012 1276 4083 ipsi
1295 4028 1328 4070 er
1348 4027 1441 4070 eremo
1460 4023 1604 4075 traxerant
1614 4019 1660 4076 rel
1673 4036 1706 4076 ex
1719 4020 1759 4077 ad

135 4101 277 4157 noratione
289 4103 439 4158 consistat:
459 4111 486 4158 ct
500 4118 549 4172 per
563 4104 615 4160 hoe
629 4109 728 4158 nostrae
740 4098 926 4158 confirmatio·
975 4100 1093 4170 prisione
1107 4114 1281 4175 accepemnt,
1294 4120 1377 4176 quam
1389 4114 1419 4163 et
1429 4108 1463 4164 ds
1474 4109 1624 4167 donatione
1635 4112 1759 4168 nomam

136 4192 356 4261 ntspraceptum
372 4192 435 4262 jure
450 4201 581 4264 perpetuo
594 4202 703 4259 renem,
721 4203 749 4249 et
765 4192 815 4248 sub
828 4199 924 4249 nostro
974 4190 1018 4246 sel
1041 4192 1074 4247 dc
1096 4192 1217 4261 quolibet
1240 4192 1320 4266 legali
1344 4203 1463 4252 attractu
1488 4199 1619 4267 pmseno
1644 4208 1757 4270 tempore

134 4279 276 4352 privilegio
288 4289 369 4352 atque
381 4283 562 4339 mundiburdo
574 4284 714 4348 monetat,
728 4291 756 4339 et
768 4283 819 4339 sub
831 4279 924 4336 deleu-
970 4279 1045 4350 iuste
1058 4289 1087 4338 et
1100 4283 1298 4341 rationabiliter
1316 4285 1456 4356 possidere
1467 4286 1606 4354 videntur,
1624 4290 1678 4346 snb
1690 4306 1759 4347 mun·

133 4370 212 4427 sione
224 4378 317 4426 nostra
331 4371 452 4442 eiusdem
463 4374 588 4430 monaehi
607 4374 634 4429 in
647 4373 743 4430 eodem
757 4369 923 4427 monasterio
975 4370 1098 4428 doburdo
1120 4379 1148 4428 et
1172 4371 1330 4431 defensione
1350 4382 1432 4445 atque
1455 4375 1640 4437 immunitatis
1655 4381 1759 4437 mitione

135 4463 226 4532 quiete
241 4464 361 4545 residere
372 4465 495 4532 edeam,
515 4475 543 4522 et
563 4481 612 4538 pro
630 4466 708 4523 nobis
728 4473 757 4521 ct
776 4463 923 4521 stabilitate
935 4427 961 4487 Β
974 4461 1222 4518 constitueremus:
1240 4463 1317 4533 cujus
1337 4463 1465 4537 precibus
1489 4465 1610 4524 lilienter
1629 4468 1759 4540 acquissi-

132 4557 218 4613 totius
228 4557 333 4629 imperii
344 4560 432 4615 nostri
440 4559 584 4617 Dominum
593 4574 717 4615 exorare.
732 4556 923 4614 concessimus
973 4567 1046 4617 utus,
1060 4559 1087 4607 et
1102 4552 1140 4606 lte
1161 4551 1189 4606 in
1206 4552 1331 4608 omnibus
1343 4553 1527 4610 concessimus
1540 4565 1626 4626 etque
1648 4573 1697 4628 per
1715 4558 1761 4615 bot

132 4658 217 4715 etiam
229 4659 269 4713 cis
280 4666 309 4714 ut
319 4659 449 4730 quidquid
461 4675 495 4717 er
504 4660 675 4730 copulatione
686 4672 825 4715 serrorum
837 4657 922 4729 ipsius
973 4650 1138 4714 limitum
1169 4651 1293 4698 ¹¹⁰⁸li¹¹¹¹¹
1320 4642 1571 4700 ⁰⁰¹¹fli¹¹¹²iiffl¹¹⁵³
1601 4658 1760 4720 (imiimilei

135 4761 291 4818 monasterii
302 4776 362 4817 cum
375 4761 468 4818 liberis
477 4761 585 4818 leminis
597 4761 744 4818 secundom
756 4761 841 4831 legem
853 4760 924 4837 Lon·¹
973 4738 1161 4810 liiaeciiflffl'tes
1171 4736 1297 4807 5⁰b⁰m¹¹⁵
1309 4745 1340 4793 ¹¹²
1352 4745 1517 4795 m⁰ffl⁰m¹¹⁸
1528 4738 1765 4798 ⁸¹⁰i⁰⁰¹³¹i⁵²b¹¹²⁵

133 4860 314 4930 mardorum
326 4859 361 4915 ad
372 4858 509 4930 pumicum
522 4863 677 4933 oontingeoe
691 4869 797 4933 potem
809 4863 837 4916 in
852 4832 937 4918 el&
974 4843 1036 4884 eum
1047 4829 1188 4885 monacbis
1200 4829 1251 4885 sibi
1262 4829 1296 4886 ad
1308 4830 1457 4901 regendum
1468 4832 1624 4888 commissis
1637 4833 1695 4889 sire
1705 4845 1757 4888 eunt

136 4972 248 5029 mosyna
262 4968 371 5024 nostra,
393 4972 443 5029 per
459 4960 511 5016 boc
527 4970 650 5018 nostrum
667 4961 844 5019 eoniirmetur
855 4975 925 5033 prte-

134 5067 254 5129 ceptum.
281 5055 316 5113 Et
329 5059 546 5129 quandoquidem
560 5060 648 5117 diuina
663 5064 804 5119 vocatione
828 5060 925 5132 praedi·

136 5163 197 5210 ctus
214 5152 256 5210 rel
276 5166 447 5210 successores
461 5152 520 5223 ejus
539 5156 573 5212 de
592 5159 644 5215 hac
658 5159 713 5212 rita
727 5155 922 5226 migraverint,
975 5194 1002 5248 in
1023 5193 1153 5250 emlesias
1171 5202 1219 5250 ,ug
1237 5194 1297 5250 100,
1311 5194 1354 5250 ve}
1370 5209 1451 5267 agros
1466 5210 1513 5252 ssu
1527 5196 1650 5266 reliquas
1662 5207 1759 5267 posses

136 5252 254 5322 quandiu
268 5253 319 5324 ipsi
332 5254 458 5310 monachi
471 5253 544 5311 inter
555 5271 584 5312 se
599 5255 680 5311 talem
693 5254 815 5310 inuenire
828 5260 924 5324 potue·
976 5289 1066 5345 sim
1079 5290 1223 5345 memorati
1238 5289 1406 5354 monam,
1422 5303 1490 5359 quas
1503 5290 1637 5346 moderno
1648 5297 1760 5360 gemm„

137 5355 212 5421 ¹5⁰¹,
236 5355 282 5426 (1¹¹5
306 5371 353 5412 ⁰⁰⁸
376 5356 524 5413 Secundum
545 5357 666 5429 regulam
684 5357 772 5415 Sancti
786 5355 925 5413 Benedicfi
976 5379 1047 5435 inira
1063 5381 1191 5437 ditionem
1205 5380 1313 5450 imperii
1328 5380 1413 5436 nostri
1424 5379 1499 5449 juste
1517 5389 1546 5435 et
1563 5380 1689 5453 legaliter
1703 5393 1781 5450 pos·-

138 5467 234 5522 108010
250 5453 356 5520 ualeat,
376 5454 513 5512 licentiat
527 5457 645 5513 ltibfflssi
658 5455 774 5529 slidissdl
789 5456 923 5512 ibbiiem·
976 5470 1056 5536 sidet,
1075 5471 1117 5526 uel
1131 5486 1191 5542 quae
1204 5471 1331 5541 tleirmeps
1345 5468 1445 5539 injure
1459 5471 1544 5542 ipsius
1556 5474 1646 5529 sancti
1655 5472 1707 5530 loci
1718 5483 1760 5527 ro

138 5550 172 5607 Et
184 5558 214 5606 ut
226 5552 285 5608 baec
297 5555 446 5611 auctoritas
457 5556 671 5614 confirmationis
683 5565 783 5614 nostrse
796 5558 829 5614 ab
839 5556 926 5613 omni·
976 5561 1058 5617 luerit
1069 5560 1159 5617 divina
1173 5561 1260 5630 pictas
1272 5562 1382 5633 augeri,
1402 5561 1435 5616 ad
1448 5577 1546 5618 causas
1561 5564 1712 5620 audkudae
1721 5555 1760 5614 tel

139 5648 191 5708 bus
212 5649 309 5709 arelius
326 5660 354 5710 et
366 5653 457 5711 uerius
470 5658 598 5715 credatur
610 5665 638 5715 ct
650 5658 805 5728 diligentins
816 5669 926 5714 conscr-
976 5652 1053 5711 lreda
1067 5651 1199 5716 erigenda
1211 5662 1258 5708 aut
1272 5653 1426 5711 mansiones
1438 5651 1479 5709 sel
1493 5662 1604 5723 paratas
1618 5652 1759 5715 iaciendas,

974 4919 1057 4975 rebus
1075 4920 1110 4975 atl
1131 4920 1201 4976 idem
1218 4921 1412 4977 monasterium
1431 4920 1556 4992 legaliter
1572 4924 1758 4994 aspicientibnt

975 5010 1026 5067 sub
1039 5017 1134 5067 nostro
1147 5011 1279 5067 consistat
1291 5011 1478 5067 mundoburdo
1490 5019 1517 5068 et
1529 5012 1712 5070 immunitatis
1721 5012 1758 5067 de

975 5098 1113 5167 tensione,
1135 5110 1166 5157 ut
1185 5101 1275 5158 nnbus
1289 5101 1403 5172 quilibet
1417 5117 1451 5159 ca
1464 5101 1611 5171 iudiciaria
1634 5109 1760 5176 potestate
