3832 6120
140 329 195 388 255
624 322 654 378 S.
673 318 849 381 secedunt
866 314 1023 375 netscoet
1036 315 1280 378 cusenderius
1717 320 1773 378 25⁸

175 440 368 513 dquibuspax
383 437 467 494 multa
478 434 636 494 scandalum
650 452 705 494 non
721 435 851 502 excludit,
867 447 930 493 netu
942 431 970 491 A
981 437 1009 483 td
1021 429 1121 501 sudat!
1136 430 1206 487 mois
1219 431 1346 499 domim·
1370 442 1395 486 θ’
1419 450 1464 489 ”⁰⁸
1485 434 1566 502 [acite
1580 435 1628 488 ὠ·
1645 432 1710 489 Ηαέ
1734 447 1773 492 est

141 532 205 592 dum
222 532 323 588 babeat
334 529 527 601 plenitudinem
544 527 621 601 legis,
635 543 695 601 quae
707 528 826 585 ebaritas
840 535 893 584 est.
979 519 1050 574 ttdm
1061 517 1104 574 lex
1117 529 1140 574 et
1153 521 1294 592 prandete·

176 623 348 688 Reatinum,
359 620 483 692 quoniam
497 619 547 692 ipsi
558 619 840 690 pauidebuntterram.
1015 607 1094 665 Nullo
1111 610 1190 665 mdo
1208 610 1270 680 quis
1291 618 1381 683 potest
1393 612 1466 669 illius
1478 610 1526 669 Dei
1543 629 1614 681 esse,
1637 615 1691 671 nisi
1715 616 1776 673 imi·

174 714 300 772 Forsiun
313 712 413 769 dicturi
428 710 674 775 smtconaemiosi,
690 709 724 764 au
740 692 930 779 possidendam
981 705 1064 755 setun
1088 700 1140 765 tlui
1161 716 1227 771 ergo
1250 700 1466 768 nostrumnon,
1492 719 1508 757 a
1535 712 1610 759 unta
1633 705 1777 764 nobilitate

141 815 243 865 terram
257 805 405 862 nitentium
417 802 651 859 mansuetudinem
660 816 720 857 esse
730 799 929 865 necessariam
981 791 1146 863 degenerat,
1162 807 1217 848 non
1234 794 1368 849 veraciter
1384 795 1432 851 scd
1454 793 1522 851 laiso
1534 797 1619 852 dicit:
1636 796 1718 853 Pater
1729 816 1777 855 no·

141 896 176 954 ad
194 895 390 955 defendendam
406 900 497 948 autem
518 901 619 947 terram
634 891 817 955 morientium,
835 888 932 944 irater·
981 890 1044 947 ster,
1063 883 1108 953 (Μ’
1121 899 1148 937 tt
1162 883 1190 937 it
1213 883 1293 938 tulit·
1309 884 1344 939 Et
1360 885 1420 941 ideo
1448 902 1502 942 non
1526 895 1630 942 tantum
1660 888 1777 945 cmdcll·

139 1004 204 1045 nam
218 984 454 1057 congressionem?
467 981 519 1038 Sed
537 981 648 1037 audiant
663 979 822 1051 Apostolum
838 979 931 1034 dicen-
982 978 1049 1035 tote,
1070 972 1118 1026 sed
1137 980 1165 1026 et
1186 970 1305 1029 falsitate
1321 975 1475 1031 damnatur.
1498 975 1527 1032 Si
1541 993 1595 1034 non
1614 977 1777 1037 intrabimus

140 1089 196 1135 tem
210 1096 217 1133 :
233 1077 290 1132 Nos
303 1074 382 1129 tatem
402 1072 613 1128 consuetudinem
634 1069 833 1135 nonbaimaus,
851 1083 932 1138 neque
982 1061 1010 1116 in
1033 1076 1145 1133 regnum
1167 1063 1309 1130 cmlorum,
1330 1066 1382 1121 nisi
1406 1067 1585 1124 abundaverit
1600 1067 1707 1139 justitia
1731 1088 1778 1128 no·

140 1166 266 1225 Ecclesire
281 1163 388 1221 Christi.
982 1157 1038 1206 stra
1055 1150 1199 1223 plusquam
1222 1152 1378 1210 Scribarum
1393 1164 1421 1212 et
1434 1156 1653 1215 Pharisaeomm:
1673 1171 1778 1233 quanto

175 1256 251 1313 Beati
278 1254 477 1321 misericordes,
501 1256 627 1326 quoniam
651 1254 701 1323 ipsi
723 1252 931 1307 misericordiam
983 1241 1069 1313 magis
1087 1243 1139 1297 nisi
1157 1244 1334 1299 abundaverit
1357 1245 1499 1318 plusquam
1522 1249 1728 1321 publicanorum
1750 1261 1779 1311 ct

140 1356 337 1420 consequentur.
349 1343 551 1416 lieatipacilici,
573 1341 698 1415 quoniam
719 1341 770 1412 tilii
788 1341 836 1395 liei
857 1357 933 1396 noca·
983 1334 1170 1390 ethnicorum?

141 1440 250 1496 numm,
1017 1422 1070 1491 Qui
1094 1424 1286 1495 perfectionem
1317 1438 1491 1497 remunerat,
1521 1431 1588 1487 nihil
1610 1436 1778 1507 corruptioni

175 1532 234 1588 Non
248 1529 360 1586 ollertur
371 1535 471 1582 aeterna
480 1524 668 1581 misericordia
680 1532 708 1578 et
717 1525 806 1577 bonor
817 1521 933 1577 liliorum
983 1515 1036 1571 nisi
1063 1516 1262 1574 damnationem
1282 1528 1422 1575 reservat.
1446 1520 1609 1590 Considera,
1633 1540 1651 1580 o
1673 1535 1778 1583 amator

140 1625 189 1682 Dei
205 1618 474 1684 immisericordibus,
484 1627 513 1672 et
525 1630 621 1688 paoem
634 1613 873 1679 disrumpentibus,
885 1611 934 1668 sed
983 1622 1075 1663 rerum
1092 1607 1287 1677 periturarum,
1311 1618 1339 1665 et
1361 1611 1499 1684 neglector
1526 1613 1575 1681 tui,
1595 1615 1659 1686 quia
1682 1615 1728 1672 alii
1751 1617 1779 1672 in

141 1713 315 1771 facientibus,
914 1697 917 1704 '
984 1707 1013 1754 te
1023 1700 1146 1770 peccanti
1161 1708 1239 1771 potes
1259 1702 1413 1770 dimittere,
1433 1703 1592 1779 tibimetipsi
1611 1722 1667 1764 non
1690 1717 1777 1780 potes.

176 1805 295 1860 Audistis
317 1803 380 1875 guin
400 1802 556 1856 dictumest
579 1798 722 1871 antiquis:
742 1791 1021 1860 Nonoccider.BEt
1046 1792 1108 1862 quia
1131 1792 1165 1849 ad
1187 1801 1243 1849 tant
1265 1810 1347 1865 grave
1365 1795 1466 1852 malum
1491 1796 1594 1854 nullum
1620 1800 1709 1871 majus
1736 1818 1780 1859 re-

143 1898 195 1963 Qui
208 1891 438 1956 eutemocciderit,
448 1907 506 1945 reus
519 1889 568 1944 erit
578 1887 692 1959 iudicio.
708 1887 763 1960 Ego
775 1896 862 1941 autem
875 1887 933 1941 dico
984 1884 1102 1940 medium
1118 1885 1264 1953 invenitur,
1279 1901 1362 1958 quam
1376 1898 1406 1943 ut
1426 1890 1547 1946 dimittas
1565 1907 1625 1961 quae
1641 1904 1729 1964 potes,
1750 1904 1781 1952 ut

142 1987 301 2059 relinquid
318 1982 461 2054 omnisqui
482 1981 607 2036 irascitur
633 1978 786 2049 fratrissa,
805 1995 864 2033 reus
885 1979 934 2034 erit
985 1973 1158 2031 dimittantur
1174 1975 1221 2031 tibi
1236 1991 1296 2046 qum
1311 1979 1482 2036 committere
1500 1980 1583 2047 tales,
1608 1984 1701 2041 delere
1725 2001 1779 2043 nott

138 2079 252 2152 iudicio.
268 2077 319 2144 Qui
337 2074 529 2130 autemdisen't
542 2072 619 2143 tratri
633 2087 680 2129 suo
693 2071 798 2137 llaclra,
814 2087 875 2127 reus
886 2071 935 2126 erit
984 2072 1075 2134 potes.

142 2169 255 2227 canalii.
278 2167 331 2236 Qui
350 2176 437 2222 autem
451 2162 657 2230 dissentimus,
672 2179 733 2219 reus
750 2161 799 2217 erit
812 2162 935 2234 pellenae
1022 2154 1074 2221 Qui
1087 2168 1159 2214 emat
1173 2168 1275 2231 patrem
1289 2170 1335 2217 aut
1348 2171 1457 2218 matrem
1469 2162 1528 2235 plus
1549 2183 1628 2237 marn
1652 2184 1703 2233 me,
1726 2186 1780 2224 aa„

142 2263 221 2335 ignis,
248 2270 299 2316 etc.
323 2258 441 2313 Audistis
459 2257 522 2328 guia
544 2255 643 2310 dictam
665 2263 703 2309 est
721 2267 730 2306 :
751 2251 864 2308 Oculum
887 2268 938 2324 pro
986 2255 1024 2302 est
1048 2263 1089 2303 me
1106 2249 1255 2320 dignumst
1274 2252 1319 2323 gui
1343 2262 1414 2307 amat
1429 2253 1515 2323 filiunt
1537 2267 1583 2311 aut
1599 2257 1683 2327 filiam
1702 2276 1781 2332 saper

142 2351 228 2419 oculo,
243 2361 266 2407 et
277 2351 379 2406 dentem
393 2348 538 2420 prodente.
553 2345 611 2418 Ego
624 2353 712 2400 autem
726 2344 785 2399 dico
799 2343 869 2399 nodis
883 2359 936 2399 nea
987 2352 1037 2403 me,
1053 2353 1105 2392 aaa
1117 2349 1153 2394 est
1166 2357 1206 2396 me
1217 2341 1321 2413 dignus.

142 2445 261 2500 mistero
278 2440 366 2507 malo,·
387 2440 433 2496 sed
449 2440 473 2494 si
484 2438 542 2510 guis
563 2447 588 2493 te
605 2436 761 2509 percusserit
779 2435 808 2490 ia
828 2434 935 2491 demere
1023 2429 1052 2485 Si
1074 2430 1119 2486 ille
1144 2431 1191 2502 qui
1217 2443 1324 2504 patrem
1347 2443 1496 2492 mauenre
1521 2437 1582 2509 plus
1605 2449 1680 2496 amat
1699 2455 1781 2512 qoam

142 2533 251 2589 maxilla
262 2528 413 2602 temerate
425 2529 465 2583 itti
479 2539 503 2584 et
514 2527 633 2583 alteram.
647 2526 714 2581 litei
726 2524 837 2598 quieuit
849 2535 935 2580 tecum
987 2520 1088 2588 Beuum
1108 2540 1163 2580 non
1184 2540 1217 2580 co
1241 2534 1285 2581 est
1300 2527 1412 2597 dignus,
1435 2538 1537 2599 quanto
1551 2532 1637 2600 magis
1653 2540 1696 2589 est
1713 2533 1782 2590 indi·

139 2624 240 2697 iuaicie
254 2621 419 2687 contradere,
431 2628 456 2674 et
473 2619 588 2674 tunicam
601 2628 674 2674 tuarn
687 2615 898 2683 tollere,diraitte
912 2615 936 2670 ei
986 2629 1066 2684 gnus,
1079 2614 1103 2670 si
1117 2617 1179 2685 plus
1193 2616 1325 2675 arnattttit
1341 2626 1441 2673 terram
1455 2620 1497 2675 vel
1517 2623 1648 2691 porcum?
1661 2623 1781 2695 Amplius

144 2724 169 2770 et
182 2713 302 2786 pallium,
317 2711 470 2781 etreliqua.
987 2702 1060 2758 enim
1074 2704 1132 2759 haec
1145 2719 1238 2762 amare
1253 2707 1435 2774 convincitur,
1456 2710 1502 2779 qui
1516 2725 1565 2780 pro
1579 2711 1677 2768 talibus
1690 2714 1781 2769 cbari-

176 2803 296 2874 Antiquo
312 2801 411 2877 populo
427 2808 594 2872 preceptum
608 2806 638 2854 ut
656 2814 764 2870 quarem
779 2799 841 2869 qnis
858 2799 937 2854 alteri
989 2800 1082 2860 itum,
1096 2810 1156 2865 qum
1170 2795 1242 2851 licus
1255 2805 1306 2863 est,
1324 2796 1461 2855 offendere
1474 2815 1527 2855 noo
1542 2810 1658 2857 veretur.

103 2900 113 2919 '
143 2894 277 2950 maculam
293 2891 447 2956 inflixisset,
459 2889 539 2945 talem
558 2889 693 2945 sustinere
713 2887 936 2958 compelleretur;
1023 2884 1106 2939 Amen
1132 2885 1190 2941 dico
1215 2887 1308 2942 uobis:
1325 2887 1386 2943 Nisi
1410 2891 1526 2945 conuersi
1550 2891 1655 2960 fueritis
1679 2904 1703 2949 et
1728 2896 1781 2967 em-

143 3002 214 3043 noro
237 2994 344 3050 numm,
367 2983 470 3039 nullum
495 2981 596 3039 malum
620 2980 738 3048 inferre,
765 2981 813 3037 scd
834 2980 938 3036 illatum
987 2974 1095 3029 ciamini
1109 2975 1176 3029 sicut
1189 2975 1305 3045 paruuli,
1320 2993 1373 3031 aron
1395 2978 1527 3034 intrabitis
1544 2980 1572 3033 in
1585 2983 1782 3052 regrrumeoelo-

141 3078 331 3150 {equanimiter
349 3076 474 3132 tolerare.
497 3074 548 3143 Qui
569 3088 634 3146 ergo
649 3090 703 3131 non
719 3074 806 3129 solum
821 3090 875 3130 non
893 3089 937 3130 re-
990 3078 1058 3116 tvm·

144 3168 225 3233 sistit,
241 3165 289 3223 sed
305 3166 387 3222 etiam
399 3165 510 3221 modum
528 3163 635 3219 talionis
659 3164 867 3235 supergrediens
892 3142 972 3219 epe
1022 3153 1107 3224 liujus
1119 3155 1247 3226 pl'aecepii
1261 3157 1452 3229 negligentiam
1465 3159 1603 3216 cruciatus
1623 3161 1782 3220 irremedia-

144 3259 226 3325 ocdit,
243 3273 293 3314 nec
317 3259 352 3316 ad
373 3258 514 3327 antiquum
536 3254 663 3326 populum
681 3255 808 3327 pertinet,
830 3270 882 3311 nec
903 3255 936 3310 ad
986 3245 1049 3302 bilis
1077 3255 1104 3303 et
1127 3247 1248 3304 inlinitus
1273 3259 1410 3318 sequetur.
1441 3249 1523 3307 Porta
1557 3254 1632 3325 regui
1660 3255 1782 3315 coelestis

144 3367 254 3408 tmturn.
271 3349 344 3418 Quos
352 3348 479 3418 jubemur
491 3346 612 3418 diligere,
626 3362 679 3402 noo
694 3346 876 3417 permittimur
891 3362 939 3402 no·
987 3346 1099 3407 angusta
1113 3347 1173 3394 est:
1189 3355 1248 3410 quae
1259 3341 1538 3412 pertranseuntem
1551 3359 1677 3401 enormes
1690 3347 1783 3404 ermu-

145 3453 241 3500 centcs
255 3441 363 3497 ledere.
987 3431 1036 3486 dit.
1048 3431 1099 3498 Qui
1118 3447 1183 3502 ergo
1202 3440 1258 3488 stat
1275 3443 1387 3505 paratus
1397 3434 1431 3490 ad
1444 3435 1557 3504 casdem,
1571 3437 1634 3491 dnm
1647 3453 1700 3494 non
1713 3440 1775 3497 sim·

181 3531 279 3588 Tribus
293 3531 380 3587 modis
400 3538 539 3602 peccatur,
560 3529 735 3602 cogitatione,
756 3529 893 3585 locutione
909 3538 939 3585 et
986 3520 1106 3592 blitildis
1122 3525 1294 3594 parvulorum
1307 3527 1430 3594 humilis,
1450 3528 1497 3583 sed
1519 3529 1643 3601 gigantea
1662 3540 1783 3589 ostentu·

145 3624 261 3679 actione.
275 3622 353 3678 Patet
365 3636 431 3694 ergo
443 3623 471 3677 in
485 3623 648 3693 cogitatione
665 3622 785 3677 radicem
805 3636 866 3678 esse
880 3639 938 3678 ma.
987 3614 1060 3670 tione
1070 3615 1127 3670 vult
1136 3616 1223 3672 videri
1238 3617 1377 3685 terribilis,
1392 3619 1426 3674 ab
1439 3618 1519 3689 hujus
1530 3621 1655 3694 ingressu
1667 3622 1780 3679 omnino

144 3714 245 3780 iorum,
257 3712 363 3770 fructus
374 3721 464 3768 autem
478 3714 506 3767 in
519 3714 683 3784 operatione.
698 3712 732 3768 Et
741 3723 938 3785 consequenter
988 3704 1118 3777 rtjltilur·

147 3804 231 3860 reteri
254 3804 352 3876 populo
375 3802 478 3860 tructus
498 3803 632 3860 malornm
651 3812 788 3872 vetantur,
811 3806 839 3860 in
867 3820 939 3861 novo
1023 3798 1132 3857 Festina
1145 3800 1268 3871 implere,
1281 3802 1345 3858 dum
1358 3818 1455 3859 manus
1468 3811 1496 3860 et
1511 3802 1595 3876 pedes
1616 3804 1719 3861 solutos
1733 3805 1782 3860 ba-

146 3912 211 3953 rero
222 3897 327 3952 rarlioes
338 3899 489 3968 exstirpare
496 3897 643 3968 jubemur:
661 3897 774 3970 ideoque
792 3899 864 3970 apud
878 3898 938 3956 illos
987 3890 1047 3960 bes,
1061 3891 1124 3962 quia
1143 3891 1254 3948 venient
1274 3891 1333 3949 dies
1352 3894 1385 3948 dc
1408 3893 1507 3964 quibus
1530 3894 1625 3951 dices:
1642 3894 1705 3950 Non
1718 3894 1782 3950 mibi

146 3989 323 4046 tromicirtium
342 3989 370 4045 in
395 3998 472 4045 reatu
500 3997 580 4057 eram
605 3992 676 4061 apud
703 4006 754 4047 110⁸
779 4000 872 4048 antem
897 3992 939 4047 tra
986 3984 1106 4055 placem,-
1124 3984 1170 4040 ubi
1184 3983 1275 4057 ligatis
1288 3984 1402 4055 pedibus
1423 3993 1451 4041 et
1473 3986 1599 4043 amnibus
1622 3986 1739 4042 mitteris
1753 3985 1781 4041 in

146 4078 251 4135 occulta
273 4086 302 4133 et
322 4093 412 4134 sermo
435 4076 592 4147 injuriosus.
615 4079 785 4151 Quapropter
800 4082 846 4154 qui
860 4095 937 4136 men-
989 4078 1118 4134 tenebras
1136 4078 1294 4144 exteriores,
1322 4076 1349 4132 id
1374 4085 1426 4145 est,
1451 4076 1573 4149 iugieudi
1597 4077 1782 4148 operandique

148 4180 202 4227 tem
217 4186 270 4225 non
290 4177 388 4241 purgat
407 4185 423 4225 a
448 4168 550 4238 lurore,
568 4186 619 4229 nec
632 4187 730 4229 manus
752 4160 901 4244 c⁰ompescit
921 4188 938 4229 a
987 4169 1098 4226 licentia
1114 4170 1301 4226 subtrahetur.

147 4260 231 4324 caedc,
246 4274 297 4314 nec
316 4274 378 4314 cum
396 4259 515 4330 antiquis
535 4259 585 4332 legi
611 4261 735 4319 subditus
748 4269 800 4329 est,
813 4277 864 4319 nec
876 4278 939 4319 cum
1023 4262 1145 4328 Domine,
1166 4263 1265 4334 quotics
1288 4263 1430 4334 peccauerit
1453 4264 1482 4317 in
1501 4280 1541 4317 me
1554 4263 1638 4334 frater
1656 4280 1741 4330 mess,
1756 4272 1780 4318 et

148 4350 398 4420 trevisevangclicae
413 4351 507 4420 gratim
520 4349 643 4407 libertate
658 4353 783 4410 donatus.
987 4350 1118 4406 dimittam
1141 4352 1277 4424 citusque
1299 4352 1412 4422 septies?
1438 4352 1509 4407 Dicit
1533 4352 1573 4408 illi
1596 4354 1694 4409 iesus:
1718 4353 1783 4410 Nos

183 4440 300 4497 Audistis
310 4441 372 4512 quia
388 4440 486 4495 dictant
505 4451 543 4497 est
556 4458 566 4497 :
582 4441 680 4515 [litiges
692 4445 840 4515 prociarum
851 4455 936 4513 tuum,
988 4443 1047 4498 dico
1061 4436 1109 4497 titii
1122 4459 1204 4515 usque
1216 4443 1320 4514 septies,
1331 4443 1376 4497 sea
1390 4459 1471 4515 usque
1482 4445 1628 4516 septuagies
1641 4446 1745 4514 septies.

148 4545 172 4591 et
184 4535 256 4589 odies
268 4534 402 4588 inimicum
422 4543 505 4588 tuum.
527 4532 584 4606 Ego
598 4546 686 4592 antea
697 4538 755 4593 dico
767 4539 838 4594 rabis
849 4553 858 4591 .·
870 4540 939 4597 bttt-
1026 4532 1106 4590 Serus
1120 4550 1241 4606 nequam,
1253 4551 1329 4589 ornae
1348 4534 1463 4590 mutan
1485 4535 1575 4590 dimisi
1585 4536 1642 4602 tibi,
1655 4538 1784 4608 quoniam

146 4627 198 4699 gite
212 4626 331 4680 inimicos
346 4635 452 4691 uestros,
465 4625 606 4696 benefacite
618 4628 659 4683 iris
671 4629 835 4699 quiodertsat
846 4648 901 4696 aas,
915 4642 943 4687 et
990 4627 1087 4699 rogasti
1097 4644 1150 4694 rae,
1163 4643 1268 4697 umque:
1284 4624 1328 4681 Sic
1349 4635 1374 4682 et
1396 4624 1477 4682 Pater
1490 4643 1562 4682 meas
1577 4626 1687 4683 celestis
1701 4628 1779 4698 faciet

147 4728 278 4787 orntepra
290 4717 500 4788 persequentibus
512 4717 768 4773 etcalumniantibus
780 4736 833 4783 uos,
846 4722 939 4778 atritis
988 4718 1070 4784 uobis,
1093 4718 1116 4772 si
1137 4734 1189 4772 aon
1210 4717 1363 4774 remiseritis
1384 4720 1561 4790 unusquisque
1582 4718 1660 4789 fratri
1680 4734 1728 4774 suo
1748 4719 1781 4773 de

147 4806 197 4878 put
221 4805 312 4861 Patris
334 4807 422 4870 nestri,
439 4807 484 4876 qai
503 4807 531 4861 in
551 4805 621 4862 celis
641 4816 690 4873 est,
705 4809 749 4880 qui
770 4809 939 4867 solemsurrm
988 4807 1109 4862 cordibus
1133 4807 1234 4863 uestris.
1259 4804 1384 4865 conserte
1403 4794 1521 4879 gladium
1545 4817 1619 4862 taum
1642 4809 1670 4862 in
1694 4807 1783 4861 locunt

146 4896 211 4952 oriri
223 4895 377 4966 [missaper
387 4894 465 4948 bonos
476 4905 500 4949 et
514 4894 609 4961 malos,
620 4906 645 4952 et
655 4897 721 4968 pluit
732 4901 903 4971 superinsutas
914 4911 939 4958 et
987 4914 1074 4953 suum.
1095 4896 1192 4953 Omnes
1210 4898 1281 4953 enim
1302 4898 1349 4969 qtti
1368 4899 1514 4969 acceperint
1537 4897 1666 4970 gladium,
1690 4896 1780 4969 gladia

146 4987 269 5056 injustos.
286 4984 399 5041 Sienim
416 4983 525 5054 diligitis
545 5001 588 5040 eos
607 4987 941 5063 quinosdiligant,quam
986 4990 1116 5060 peribam.
1145 4988 1244 5045 Habete
1260 4990 1328 5045 inter
1352 5005 1395 5045 uos
1415 4988 1515 5058 subm,
1536 4998 1561 5045 et
1582 5006 1673 5061 parem
1690 4990 1782 5046 babsu

146 5078 291 5132 mercedem
304 5075 451 5131 babebitis?
462 5075 557 5130 Nonne
570 5086 594 5131 et
606 5078 737 5149 publicani
753 5081 801 5136 bac
815 5082 940 5153 fuciunt?
987 5080 1055 5136 inter
1067 5097 1120 5136 uos.

151 5166 183 5221 lit
199 5167 221 5221 si
233 5167 409 5222 sarlutaueritis
428 5165 524 5239 fratres
547 5176 642 5222 nestros
657 5177 777 5235 tantam,
800 5171 863 5242 quid
881 5188 939 5225 am
1023 5170 1156 5240 Quoniam
1171 5187 1254 5244 grate
1267 5171 1367 5228 malum
1377 5180 1421 5229 est
1430 5173 1553 5243 peccanti
1566 5171 1642 5228 iratri
1653 5173 1687 5230 de
1699 5174 1779 5230 corde

147 5256 216 5326 plius
230 5255 338 5326 tacitis?
350 5257 445 5313 Nonne
458 5256 553 5311 etlrnici
575 5256 623 5311 lroc
637 5257 758 5326 saciant?
771 5259 859 5314 Estne
877 5277 939 5333 erga
987 5277 1042 5319 non
1055 5262 1206 5334 ignoscere.
1223 5261 1282 5329 Quo
1299 5262 1329 5317 [it
1346 5272 1376 5318 ut
1389 5263 1453 5318 olim
1468 5278 1518 5332 per
1530 5265 1719 5334 poenitcntiam
1737 5262 1780 5318 di·

150 5362 194 5402 tus
202 5347 321 5416 perfecti,
331 5348 397 5404 sieut
411 5358 434 5403 et
448 5349 529 5404 Pater
538 5357 621 5403 uester
631 5348 739 5404 caleatis
748 5351 878 5421 perfectus
889 5361 937 5408 est.
988 5352 1071 5408 missa
1083 5361 1195 5425 peccata
1209 5363 1371 5408 revocentur
1385 5354 1419 5408 ad
1431 5354 1589 5409 vindictam.

150 5436 182 5493 st
192 5438 261 5493 enim
270 5438 421 5495 dimiseritis
432 5440 579 5496 bominibus
592 5451 699 5513 peecata
709 5458 811 5506 eonem,
826 5443 939 5500 dimittet
1024 5442 1130 5510 Qttanto
1147 5442 1300 5498 meliorest
1314 5445 1404 5498 anima
1418 5459 1542 5514 corpore,
1560 5453 1635 5499 tanto
1648 5442 1725 5516 peJor
1739 5451 1781 5500 est

149 5536 175 5583 et
187 5526 257 5583 nobis
277 5528 357 5583 Pater
379 5538 461 5584 nester
484 5531 593 5587 celestis
612 5530 707 5586 delicta
726 5541 821 5586 uestra.
842 5529 871 5587 Si
888 5550 940 5587 as·
988 5534 1111 5606 gladius,
1130 5546 1185 5603 quo
1206 5533 1297 5588 anima
1321 5533 1349 5588 in
1369 5542 1501 5589 aeternum
1522 5533 1675 5604 perimitur,
1698 5548 1781 5603 quam

150 5629 201 5673 tem
222 5632 273 5673 noa
294 5617 447 5675 dimiseritis
466 5619 631 5687 bominibus,
652 5638 698 5676 aec
712 5618 793 5678 Pater
806 5623 940 5677 uestrrdi-
989 5640 1043 5698 quo
1054 5640 1155 5696 corpus
1165 5626 1201 5681 ad
1215 5634 1322 5696 tempus
1332 5626 1476 5683 occiditur.

151 5704 582 5781 aeruginamentum
604 5726 666 5781 ergo
686 5726 846 5783 meusque
862 5711 939 5767 mltis
1024 5714 1101 5773 sicot
1114 5714 1284 5786 pulmentum
1302 5715 1442 5788 quodlibet
1455 5716 1558 5789 absque
1580 5715 1639 5775 sele
1659 5731 1717 5773 ned
1739 5723 1782 5772 tet
1830 5752 1846 5773 ·
