3832 6120
134 308 191 367 tul
459 307 693 378 euesrtoltes
711 310 786 369 XXX
805 307 919 367 SUPER
938 304 1063 365 LIBROS
1080 308 1213 368 REGUM.
1231 339 1267 349 —
1285 306 1386 365 nlbhtt
1403 308 1434 365 ll.
1710 308 1763 368 6118

133 431 271 496 perpetuae
295 421 391 478 mortis
416 432 582 492 exspectant.
602 444 613 478 r
642 438 656 466 1
677 424 707 481 ln
735 427 787 481 hac
802 423 926 487 ,ltistoria
938 421 965 480 Δ
977 422 1057 479 nibus
1069 432 1207 496 appetunt,
1231 431 1312 493 atque
1325 437 1404 477 omne
1417 421 1488 491 quod
1501 430 1573 488 sont,
1596 419 1714 492 deiectos
1734 436 1765 477 se

134 515 206 570 beati
225 513 297 584 regis
318 522 347 568 et
367 514 505 584 prophete
526 514 620 580 David,
633 531 685 585 qna
707 530 798 571 arcam
811 516 860 570 Dei
881 517 927 571 ad-
976 514 1137 579 exhibendo,
1149 522 1341 580 contemnunt;
1361 513 1408 568 sed
1423 521 1513 568 tamen
1532 512 1602 582 apud
1620 526 1651 569 se
1663 511 1766 567 intror-

133 604 244 659 dnxisse
272 614 416 670 narratur,
441 607 579 662 moraliter
598 609 736 665 humilitas
763 610 926 678 approbata,
976 620 1034 669 tus,
1046 608 1124 674 quasi
1145 620 1179 660 ex
1192 606 1250 675 ipso
1269 606 1366 661 merito
1386 611 1502 659 oslemae
1516 602 1629 656 vilitatis
1650 601 1765 656 intume-

133 690 260 761 superbia
275 691 402 747 damnata
415 700 444 749 et
455 695 593 751 temeritas
603 695 738 752 vindicata
750 703 925 760 monstratur,
976 702 1066 759 scunt,
1081 703 1108 749 et
1127 702 1203 750 mam
1224 694 1310 765 magis
1328 694 1357 748 in
1381 693 1464 749 corde
1484 692 1547 748 elati
1569 699 1642 757 sunt,
1665 698 1766 759 quanto

94 837 98 845 ,
134 785 198 855 «piria
214 791 243 840 et
263 785 321 854 ipse
346 786 430 843 David
448 802 542 845 coram
569 804 632 845 area
660 790 767 846 Domini
790 791 928 846 humiliter
976 784 1091 854 amplius
1112 783 1139 838 in
1163 784 1253 853 speeie
1265 783 1408 838 elationem
1423 790 1558 852 premunt.
1573 781 1639 850 Qua
1652 789 1767 851 nemque

134 876 236 932 salmre
248 892 303 932 non
313 878 423 933 erubuit
439 876 475 949 (o.
491 878 548 951 lt),
562 895 625 935 mox
640 881 845 952 promissionem
866 880 927 935 Filii
976 876 1057 931 nnius
1070 875 1194 931 elationis
1211 873 1292 938 bella,
1307 888 1404 945 magna
1429 873 1513 927 David
1527 873 1768 942 circumspectione

134 966 236 1035 Deicx
248 980 297 1020 sua
311 967 397 1036 stirpe
414 968 544 1024 nascituri
563 971 701 1041 suscipere
721 972 929 1042 promeruitzet
977 966 1164 1037 deprehendit,
1177 966 1246 1020 mira
1267 966 1368 1019 virtute
1383 964 1528 1034 superarit.
1552 962 1619 1031 Quia
1638 963 1711 1017 enim
1735 963 1769 1017 de

134 1054 245 1125 conjnx,
268 1073 329 1127 quae
352 1059 476 1114 eamdem
498 1058 571 1115 illius
590 1061 768 1117 humilitatem
794 1062 927 1133 despexit,
977 1057 1123 1126 semetipso
1145 1055 1219 1110 intus
1233 1054 1345 1109 bomilia
1359 1055 1489 1118 sentiens,
1504 1053 1636 1107 honorem
1649 1050 1770 1106 exterius

134 1148 195 1220 ejus
217 1149 323 1205 semine
342 1148 482 1205 secundari
494 1166 549 1207 non
560 1153 669 1218 merim,
682 1163 820 1224 perpetum
830 1156 929 1211 sperni.
978 1143 1386 1215 nonquaerit,insinuat,diecns
1398 1138 1770 1214 :laerabffibadcmetoilior

135 1239 501 1309 attspoenaslnit.1mueri
516 1242 668 1299 enimltnet
685 1246 928 1314 promuntunum
977 1237 1051 1307 iam·
1069 1236 1103 1291 Et
1119 1236 1246 1307 celaret
1266 1238 1318 1291 hoc
1331 1235 1404 1307 cuod
1417 1235 1497 1290 vilem
1514 1250 1545 1291 se
1560 1235 1681 1290 exterius
1699 1247 1769 1303 prae

134 1344 249 1387 munera
263 1329 348 1385 Dario
360 1329 502 1400 percipiat,
516 1340 598 1403 angue
610 1333 637 1388 in
649 1333 691 1390 his
700 1335 837 1400 omnibus,
847 1349 929 1406 quam
976 1327 1046 1391 huit,
1059 1340 1229 1396 1111111111111
1242 1325 1356 1382 1111111111
1370 1325 1535 1390 intumescit,
1545 1322 1666 1392 inungit
1679 1341 1686 1376 ³
1701 1320 1771 1375 ΕΜ·

134 1417 242 1473 lortiter
254 1433 284 1474 se
297 1417 451 1473 bumilitate
464 1420 600 1476 servabat.
613 1421 628 1461 11
650 1440 661 1474 r
676 1421 762 1490 Quem
780 1423 854 1479 enim
875 1438 929 1478 non
977 1434 1027 1490 pse
1039 1417 1146 1472 humilis
1165 1418 1193 1471 is
1213 1417 1297 1472 ocnlir
1315 1417 1397 1479 melu
1412 1431 1445 1471 ac
1461 1416 1485 1472 si
1498 1417 1570 1472 dieat
1584 1435 1591 1469 ε
1605 1414 1712 1484 qualem
1725 1427 1771 1467 mc

134 1508 278 1565 extolleret
300 1523 349 1563 ora
372 1507 482 1564 leonum
501 1508 648 1580 frangeret
668 1527 795 1568 ursorum
818 1514 928 1570 brachia
976 1509 1098 1565 eateritm
1108 1507 1261 1578 despiciens
1280 1508 1406 1573 0¹hib0⁰2
1424 1506 1505 1562 11110111
1528 1521 1573 1561 11111
1592 1505 1706 1560 1111111111
1728 1510 1771 1557 111·

135 1601 278 1671 dissipare,
295 1597 321 1672 (l
336 1599 399 1670 ch.
421 1616 487 1666 xvir,
508 1601 554 1673 38)
576 1602 710 1673 despectis
721 1604 859 1675 prioribus
875 1605 930 1661 lra-
979 1600 1070 1656 tendo.
1084 1598 1153 1667 011111
1165 1612 1230 1671 11181)
1251 1599 1339 1654 11111111
1360 1605 1434 1664 111111,
1447 1612 1516 1667 quos
1536 1597 1658 1652 1101111111
1670 1596 1769 1659 elevat,

135 1690 224 1746 tribus
237 1690 310 1762 eligi,
323 1688 390 1762 (xm,
410 1689 455 1755 la,
468 1699 493 1744 et
508 1705 584 1756 artri,
598 1692 645 1764 28)
658 1694 801 1764 reprobato
815 1709 879 1766 rege
895 1695 929 1750 ad
979 1693 1003 1747 si
1016 1691 1101 1749 David
1122 1706 1157 1747 ex
1178 1706 1262 1747 carne
1282 1707 1331 1747 sua
1345 1698 1488 1746 venturum
1503 1690 1710 1758 lledeurptorem
1725 1703 1772 1741 no-

135 1781 210 1851 regni
224 1781 406 1852 gubernacula
419 1783 484 1855 ungi
495 1781 644 1839 timendum
654 1785 760 1840 eunetis
773 1799 827 1840 uno
840 1784 927 1856 {apide
942 1763 1066 1848 Brerat,
1079 1781 1191 1852 ejusque
1202 1782 1299 1854 gaudia
1312 1781 1498 1853 prophetando
1511 1779 1662 1841 nuntiabat,
1684 1784 1712 1831 et
1729 1784 1770 1830 ta-

134 1872 241 1930 Goliam
260 1872 536 1948 saracenicae),
557 1892 572 1932 a
588 1891 652 1948 rege
671 1877 807 1947 proposita
824 1876 927 1931 exstin-
977 1888 1039 1929 nen
1049 1872 1077 1927 io
1091 1872 1235 1942 semetipso
1248 1873 1382 1928 cervicem
1396 1871 1487 1927 cordis
1498 1868 1588 1924 valida
1600 1868 1773 1925 discretionis

134 1964 187 2023 ctis
199 1961 341 2034 allophylis
361 1978 505 2021 numerosa
517 1967 648 2038 praeputia
667 1975 818 2037 reportare,
833 1966 925 2038 (rrrn,
975 1963 1051 2021 calce
1063 1962 1240 2033 deprimebat,
1255 1962 1348 2019 dicens
1369 1979 1375 2015 :
1400 1960 1506 2032 Erepae
1525 1959 1633 2014 hersilia
1648 1960 1677 2013 ia
1689 1959 1772 2015 ncrtlir

135 2052 182 2125 27)
196 2054 357 2123 promissum
373 2056 481 2113 modern
495 2072 608 2128 regnum
621 2060 771 2130 percipere,
786 2068 927 2117 cunctum·
976 2054 1051 2108 mett·

134 2161 188 2216 que
211 2145 389 2201 israeliticum
410 2148 538 2217 populum
558 2151 617 2205 sine
638 2149 691 2205 ulla
713 2151 928 2207 contradictione
1015 2163 1024 2195 t
1041 2143 1202 2213 ‘Sacerdos
1214 2160 1332 2216 quoque.
1347 2145 1393 2214 qui
1407 2159 1499 2200 aream
1514 2144 1716 2200 inconsiderata
1734 2150 1774 2199 te-

133 2234 290 2304 possideret
303 2233 348 2303 (ll
365 2233 428 2305 lleg.
442 2252 470 2301 v,
487 2236 513 2309 l)
527 2237 562 2292 Et
574 2248 663 2294 tamen
683 2254 744 2294 eum
769 2255 860 2295 aream
879 2240 927 2294 Dei
977 2236 1104 2291 meritate
1116 2236 1216 2306 tetigit,
1232 2238 1368 2292 aursussni
1390 2244 1496 2291 reatum
1516 2237 1663 2291 immatura
1685 2243 1774 2291 morte

135 2323 305 2379 Hierusalem
320 2332 437 2391 rerooat,
455 2327 533 2394 quasi
555 2327 656 2382 oblitos
675 2328 814 2398 praelatum
827 2343 857 2383 se
869 2342 929 2383 om·
975 2326 1102 2396 purgarit
1117 2325 1127 2365 ¹
1149 2327 1270 2383 nrinores
1291 2328 1495 2399 deterioresque
1517 2329 1702 2391 demonstret,
1727 2327 1774 2398 gari

135 2414 232 2480 nibus,
251 2412 383 2468 aduristus
405 2415 511 2486 populis
525 2424 588 2472 ante
609 2431 700 2471 aream
715 2417 806 2471 saltat.
820 2417 928 2486 thnia
977 2412 1128 2484 intelligere
1152 2429 1206 2469 non
1230 2415 1330 2482 ralent,
1349 2424 1378 2470 ct
1397 2417 1551 2487 despiciunt
1574 2417 1617 2470 rel
1634 2415 1709 2471 laeta
1729 2416 1774 2472 rel

136 2517 229 2558 eoram
253 2517 317 2558 area
338 2503 497 2570 saltarent
519 2507 649 2572 sisoim,
670 2507 817 2578 volgimer
829 2506 927 2572 luerat,
978 2501 1051 2556 dieta
1065 2502 1219 2567 menarum,
1232 2503 1280 2558 sno
1293 2517 1326 2557 eo
1340 2504 1375 2559 an
1387 2503 1428 2559 eis
1441 2518 1495 2558 oon
1514 2511 1616 2559 temere
1629 2506 1775 2574 reprehen-

137 2605 185 2647 rer
200 2607 230 2648 se
250 2593 278 2648 in
300 2593 390 2649 divino
412 2595 541 2667 obsequio
563 2612 613 2667 per
632 2596 730 2651 saltum
744 2604 825 2653 rotat.
848 2597 928 2661 Eece,
979 2591 1066 2647 denda
1090 2602 1162 2658 sont,
1178 2608 1233 2663 quo
1252 2593 1418 2662 apprehendi
1444 2593 1580 2649 ueraciter
1603 2608 1774 2663 nequaquam

135 2698 217 2754 quern
242 2684 371 2742 Dominus
391 2688 499 2744 cunctis
516 2688 691 2759 singulariter
713 2688 850 2761 praetulit,
870 2702 930 2745 sese
978 2690 1102 2752 bossunt·
1130 2680 1208 2752 Saepe
1234 2681 1337 2751 aliquid
1361 2697 1378 2736 a
1406 2683 1556 2752 majoribus
1578 2682 1775 2752 dispensatorie

134 2777 187 2830 sun
213 2776 349 2841 mnino,
388 2778 604 2848 etexoeqmndo
633 2780 802 2836 minimest
825 2779 929 2849 aalma
979 2772 1079 2843 agitur,
1098 2773 1197 2843 quous
1212 2772 1363 2828 minoribus
1377 2789 1455 2829 error
1465 2781 1585 2844 matur,
1600 2788 1670 2844 sene
1689 2772 1775 2830 mua

135 2867 289 2924 exhibendo
303 2872 462 2926 eonwmnit.
477 2870 536 2927 Non
550 2880 671 2942 potenas
684 2873 760 2942 regni
781 2873 815 2927 ad
828 2887 931 2928 meme
980 2880 997 2920 a
1010 2864 1124 2921 luctibus
1140 2865 1278 2929 dicuntur,
1301 2880 1362 2935 que
1384 2865 1485 2920 idcireo
1499 2864 1600 2919 infirmi
1613 2863 1773 2932 dijudicant,

134 2958 204 3014 nam
230 2959 384 3027 reducitur,
407 2977 461 3018 uon
487 2963 671 3033 subjectorum
694 2963 782 3018 oeulis
807 2962 931 3017 saltando
980 2956 1043 3026 quia
1065 2956 1201 3027 ignorant
1218 2954 1295 3023 Quod
1319 2957 1387 3010 bene
1405 2955 1492 3011 bobus
1515 2953 1720 3011 calcitrantibus
1733 2955 1776 3009 in·

135 3050 267 3106 vilescere
279 3051 396 3106 metuit:
411 3067 465 3107 non
481 3067 512 3108 se
531 3053 633 3108 honore
653 3052 793 3123 prelatum
813 3053 929 3119 coewris,
981 3048 1081 3103 elinata
1103 3048 1148 3103 illa
1169 3047 1323 3104 testamenti
1347 3061 1412 3102 arca
1436 3046 1608 3118 signiocarit,
1624 3062 1704 3117 quam
1728 3047 1776 3116 qui

135 3151 199 3198 anm
214 3143 272 3212 ejus
285 3158 388 3210 aream,
408 3145 455 3215 qui
466 3145 596 3200 honorem
616 3144 729 3200 dederat
749 3145 927 3215 recognoscit.
982 3152 1107 3195 casuram
1119 3138 1232 3193 eredens
1252 3136 1349 3192 levites
1366 3138 1472 3208 erigere
1483 3136 1578 3202 voluit,
1594 3142 1777 3192 mor'seriten·

135 3234 236 3290 Cora·
249 3234 362 3290 Domino
376 3235 458 3307 egit⁰
475 3235 573 3292 debilia
586 3236 774 3301 velertrema,
795 3244 826 3290 ut
838 3236 882 3291 illa
895 3252 930 3291 ex
982 3229 1048 3283 111111
1066 3229 1163 3284 mollit
1182 3229 1297 3299 tcoellil·
1316 3226 1386 3294 Quid
1409 3234 1452 3283 111
1472 3242 1590 3298 1111111111)
1605 3241 1683 3283 1110111
1695 3225 1774 3296 justi,

135 3327 290 3383 humilitate
312 3327 440 3383 solidaret
453 3339 514 3398 quc
527 3343 618 3386 eoram
636 3328 792 3385 hominibus
808 3335 930 3399 gesserat
980 3322 1033 3379 nisi
1049 3337 1113 3378 area
1135 3321 1381 3390 testamentique
1399 3327 1506 3392 gestata
1528 3320 1615 3376 bobus
1632 3319 1776 3375 calcitran-

136 3417 228 3473 l'ortia.
241 3416 310 3485 Quid
323 3419 356 3474 de
368 3416 427 3487 eius
439 3417 518 3475 lactis
530 3418 565 3473 ab
579 3419 640 3475 aliis
654 3419 797 3485 tendatur,
811 3419 928 3491 ignoro:
980 3414 1052 3470 tibus
1061 3411 1225 3468 itrclinaturl
1238 3410 1307 3479 Quia
1320 3425 1513 3481 nonnunquam
1534 3411 1617 3466 etiam
1638 3409 1685 3480 qui
1706 3410 1776 3465 bene

135 3521 188 3580 ego
200 3507 284 3562 Darid
295 3507 355 3577 plus
365 3507 510 3565 saltantem
524 3516 629 3579 stupeo,
645 3523 727 3578 quam
746 3515 928 3581 pugnantem
980 3514 1096 3578 preest,
1127 3506 1192 3562 dum
1217 3503 1399 3572 subiectorum
1424 3501 1583 3574 populorum
1616 3500 1775 3556 contusione

135 3598 280 3671 pugnando
297 3599 396 3668 quippe
418 3599 524 3654 hostem
543 3598 671 3664 subdidit,
694 3598 818 3654 saltando
839 3606 930 3652 autem
980 3596 1145 3660 mircutitnr,
1171 3593 1206 3649 ad
1228 3593 1437 3663 dispensationis
1461 3591 1717 3647 condescensionem
1739 3604 1775 3645 ex

136 3703 228 3744 omnm
245 3687 358 3743 Domino
370 3688 545 3757 semetipsum
560 3687 646 3743 sicit:
664 3701 743 3758 quem
764 3689 861 3744 llichol
875 3689 930 3743 lllia
980 3687 1037 3742 oola
1047 3685 1192 3741 dilectione
1210 3691 1362 3755 promovet.
1384 3682 1484 3739 sedin
1507 3683 1559 3738 hoc
1580 3681 1652 3751 qitod
1667 3682 1776 3751 dispen-

136 3778 352 3836 morealmes
374 3789 479 3836 tumore
500 3778 515 3821 11
539 3781 620 3852 regias
635 3781 723 3852 gentis
743 3782 849 3847 insana,
868 3797 931 3838 eum
981 3778 1085 3833 satione
1097 3776 1196 3846 agitur,
1216 3774 1355 3829 inclinatio
1367 3775 1425 3843 ipsa
1443 3772 1619 3842 tortitudinis,
1633 3788 1714 3828 casus
1726 3786 1775 3843 pu-

136 3870 308 3928 humiliatum
320 3871 479 3941 despiceret,
495 3870 607 3927 dicens:
623 3869 701 3944 (cers.
714 3869 761 3944 20)
774 3869 860 3936 Ωααηι
872 3870 931 3942 pln-
982 3874 1056 3923 tatur
1079 3863 1223 3934 imperitis.
1244 3862 1322 3919 Unde
1343 3869 1371 3918 et
1390 3862 1512 3918 nonnulli
1546 3863 1646 3919 subditi
1677 3871 1774 3918 contra

136 3960 224 4015 norm
234 3960 284 4031 fait
301 3960 378 4015 hodie
389 3974 435 4014 rea
449 3957 544 4023 lueet,
560 3959 794 4030 desesperatione
813 3970 873 4015 ante
884 3977 932 4015 aar·
981 3957 1053 4012 hanc
1064 3968 1173 4010 manum
1181 3953 1400 4023 reprehensionis
1413 3953 1542 4018 mittunt;
1558 3953 1605 4008 sod
1616 3968 1632 4006 a
1645 3953 1700 4007 rita
1715 3968 1776 4023 pro·

136 4049 358 4106 eitlomroornm
373 4065 492 4114 suornm,
511 4056 536 4103 et
555 4047 669 4103 radetur
689 4056 738 4114 est,
751 4049 828 4119 qenai
844 4049 867 4103 si
882 4064 932 4102 nrt-
982 4048 1055 4103 titius
1078 4048 1136 4118 ipsa
1165 4061 1213 4104 sua
1239 4048 1392 4104 temeritate
1414 4047 1552 4103 deliciunt.
1577 4047 1684 4102 Levites
1709 4061 1775 4119 ergo

137 4140 216 4194 detor
226 4139 344 4194 enas-de
362 4139 471 4203 uerus,
486 4137 610 4208 protinus
630 4137 733 4193 audivit
754 4153 763 4193 a
785 4142 862 4209 (cerr.
885 4137 931 4207 22)
982 4139 1059 4210 quasi
1072 4137 1203 4209 adjuvans
1216 4154 1326 4195 manum
1347 4139 1480 4195 tetendit:
1494 4140 1542 4196 sed
1563 4138 1722 4209 delinquens
1734 4139 1775 4194 vi—

142 4229 363 4296 lambertinus,
378 4230 440 4301 gaio
455 4229 547 4284 tndem
561 4239 621 4284 onte
638 4229 780 4284 Dominam
799 4231 844 4299 poi
857 4229 933 4300 elenu
983 4238 1038 4286 mm
1051 4230 1180 4301 perdidit,
1191 4231 1254 4301 quia
1274 4231 1338 4286 dum
1357 4230 1456 4287 infirmi
1468 4232 1568 4304 quique
1580 4231 1689 4287 fortium
1702 4230 1774 4287 laeta

138 4338 180 4377 rrte
190 4322 277 4392 potira
295 4337 374 4392 paam
387 4329 488 4391 putrent
502 4329 587 4376 taam.
602 4320 637 4376 Et
648 4319 728 4391 paulo
748 4327 810 4391 post
823 4321 862 4374 ait
877 4337 883 4374 :
898 4318 933 4375 Et
983 4322 1144 4392 corripiunt,
1159 4322 1211 4394 ipsi
1226 4338 1242 4377 a
1256 4322 1404 4379 virentium
1419 4332 1491 4380 sorte
1513 4324 1703 4394 reprobantur.
1719 4322 1775 4377 hli-

138 4410 247 4479 lrntont,
262 4422 286 4467 et
301 4412 378 4467 citior
398 4411 462 4481 piam
481 4411 620 4484 plusquam
642 4412 729 4483 factor
746 4429 822 4478 rum,
837 4428 932 4484 eroque
944 4448 971 4512 D
982 4414 1091 4484 qtrando
1106 4415 1188 4470 ecam
1203 4416 1290 4471 saneti
1313 4416 1366 4471 riri
1386 4417 1509 4486 quadam
1531 4416 1652 4472 minimis
1674 4415 1774 4470 conde-

138 4500 383 4557 limitaneorum
402 4502 476 4557 meis
491 4502 531 4558 Ac
543 4504 567 4558 si
579 4511 674 4573 aperte
688 4502 760 4559 dieat
775 4521 781 4558 :
795 4502 930 4559 vilescere
983 4505 1145 4561 scandentes
1165 4504 1269 4572 dieunt,
1292 4506 1417 4575 quadam
1440 4518 1505 4560 vero
1527 4519 1631 4560 sunrma
1653 4514 1773 4561 conum

138 4608 233 4651 coram
258 4591 411 4648 homiuibus
434 4599 541 4662 appeto,
560 4593 624 4662 quia
647 4607 757 4650 serrare
778 4608 822 4649 me
838 4608 931 4649 coram
981 4596 1087 4667 plantes
1097 4595 1255 4667 proferunt:
1271 4596 1389 4668 dumque
1401 4597 1458 4652 rim
1477 4596 1519 4653 rel
1539 4596 1774 4654 condescensionis

138 4683 255 4747 1)οωίυο
280 4683 425 4754 ingenuum
450 4698 500 4754 per
527 4682 707 4739 humilitatem
733 4699 834 4755 quero.
863 4684 932 4741 Sunt
982 4687 1024 4742 vel
1033 4686 1182 4742 altitudinis
1192 4688 1326 4754 nesciunt,
1338 4687 1467 4743 audacter
1476 4687 1535 4744 hare
1545 4686 1618 4744 stulti
1630 4689 1774 4759 reprehen·

138 4790 206 4831 sero
229 4774 349 4830 nonomli
371 4776 417 4845 qui
442 4774 476 4831 de
501 4775 653 4845 semetipsis
667 4775 778 4830 humilia
799 4777 931 4843 rendunt,
982 4777 1060 4833 dunt.
1073 4777 1107 4832 Et
1118 4778 1182 4848 quiid
1194 4776 1345 4846 estjustum
1360 4777 1394 4833 de
1404 4792 1453 4834 sua
1465 4778 1693 4836 condescensione
1705 4779 1775 4836 selle

139 4869 204 4940 quia
214 4869 243 4924 iu
255 4868 404 4924 horroribus
417 4868 497 4938 positi
520 4867 588 4923 nihil
599 4883 629 4924 se
644 4882 714 4934 esee,
730 4869 783 4928 nisi
794 4869 932 4938 puluerem
982 4871 1130 4940 corrigere,
1150 4869 1201 4924 uisi
1216 4869 1370 4926 inclinatam
1388 4885 1480 4926 arcam
1493 4870 1607 4942 superba
1629 4871 1775 4942 reprehen-

139 4959 325 5030 lauillamque,
336 4959 521 5031 perpendunt;
536 4959 584 5016 sed
605 4967 694 5014 nmen
708 4973 800 5015 coram
816 4961 933 5016 homini-
983 4962 1068 5018 sionis
1081 4976 1163 5015 manu
1176 4960 1314 5017 relevaret
1336 4961 1406 5030 Quia
1417 4970 1459 5018 est
1475 4959 1578 5031 inustum
1594 4964 1628 5018 de
1647 4972 1661 5011 ⁸
1681 4963 1774 5018 incon-

139 5050 192 5107 bus
204 5051 271 5106 siles
284 5065 414 5122 apparere
428 5050 573 5124 refugiunt,
588 5059 616 5107 et
626 5059 722 5107 contra
736 5052 798 5117 hnc,
816 5051 934 5129 quodde
983 5054 1040 5111 dita
1053 5050 1189 5109 locutione
1200 5052 1410 5122 reprehendere,
1431 5053 1483 5109 nisi
1499 5061 1601 5108 motum
1622 5052 1681 5124 ejrrs
1695 5051 1774 5108 lorti-

140 5157 172 5199 ae
186 5143 446 5214 interius-cogitant,
459 5143 537 5213 quasi
552 5144 638 5215 rigida
662 5144 783 5200 exterius
795 5153 935 5201 venustate
984 5143 1095 5210 tudinis,
1111 5143 1213 5198 erroris
1222 5141 1327 5213 lapsum
1339 5143 1455 5215 putaret
1466 5142 1515 5199 sed
1531 5142 1620 5212 perdit
1631 5143 1714 5197 ritum
1726 5143 1774 5212 quii

140 5232 297 5304 palliantur.
309 5234 344 5289 Et
355 5243 418 5290 sunt
431 5234 551 5290 nonnulli
562 5235 609 5304 qui
623 5233 788 5290 rilesrideri
802 5235 935 5292 abhomi·
984 5248 1077 5290 aream
1096 5233 1145 5288 Dei
1167 5233 1269 5288 mmide
1290 5232 1423 5299 sublevat,
1441 5233 1504 5304 qnia
1523 5246 1692 5303 nequamam
1713 5233 1775 5303 nub

178 5363 344 5420 ·llactenns
361 5363 444 5418 etiam
462 5362 597 5419 Dabanas.
1021 5364 1133 5428 illuit..
1148 5363 1212 5434 regii
1227 5365 1338 5434 geneda.

179 5434 194 5473 1
216 5433 281 5501 Quae
293 5435 374 5490 subse
394 5440 494 5490 uantur
512 5435 661 5502 expressim
678 5433 800 5491 invenies
810 5450 870 5506 cap.
888 5435 934 5504 tc,
1024 5432 1224 5490 ⁰Sacerdotem
1237 5434 1290 5489 late
1303 5431 1429 5503 intellige.

142 5504 212 5561 alias
222 5520 297 5559 raum.
306 5503 340 5557 Π
349 5450 420 5560 etqlb
429 5504 489 5559 libri
498 5519 570 5558 rain
585 5503 725 5560 Moralium
740 5505 768 5560 in
781 5502 859 5560 lobs
873 5521 936 5561 san·
1026 5504 1034 5543 1
1048 5503 1110 5559 llaee
1118 5502 1247 5558 exscribit
1257 5517 1291 5557 ex
1301 5501 1355 5557 Gre
1373 5499 1672 5584 orii-librorlloralium
1685 5503 1772 5576 [num.

141 5584 189 5633 cto
202 5573 334 5645 Gregorio
348 5574 577 5630 elrrcubratorum.
985 5575 1030 5637 hl,
1045 5573 1113 5628 alias
1125 5586 1185 5642 cap.
1200 5572 1217 5627 9
1230 5572 1271 5628 rel
1285 5572 1329 5645 ltl]
1339 5518 1475 5633 ciaconus.
1487 5574 1533 5643 qui
1545 5582 1634 5629 tanen
1645 5573 1773 5630 rrcnnolla

180 5644 290 5708 cedit..
310 5643 384 5709 silim
406 5643 454 5699 sed
474 5644 644 5701 renuendum
664 5653 729 5717 puto
752 5644 857 5712 debitio,
876 5660 936 5716 qum
987 5643 1110 5700 rrrrrlarit.
1661 5664 1664 5668 ·

144 5714 250 5793 scilicet
262 5713 414 5771 humilitate
428 5714 564 5772 solidaret.
1024 5713 1134 5783 ledit..
1150 5713 1292 5786 incognito.
