3832 6120
128 330 165 395 tt
616 324 645 383 s.
666 323 842 395 asomum
860 320 1015 387 nauseam
1034 316 1280 381 thaeanensis
1732 320 1773 384 st

130 450 220 509 modis
242 450 411 513 nasceretur,
433 440 538 507 duabus
560 447 589 495 ot
606 440 713 497 rieihus
737 444 897 499 nasceretur·
914 450 921 489 :
936 435 1028 499 Aeuli
1040 432 1207 503 temporibus
1220 432 1371 498 inconfuse,
1384 424 1628 488 inconvertibiliter
1641 445 1676 488 ex
1687 431 1770 493 rutra

131 537 205 615 quod
221 535 275 594 dici
287 532 365 591 neias
379 540 431 589 cst.
446 530 503 595 lmo
516 529 631 589 sialiter
645 529 718 595 heus
729 545 763 584 ex
778 543 820 594 ea,
837 535 865 582 et
876 526 925 583 ali-
974 526 1081 589 unitum
1094 527 1174 589 etrui
1187 525 1307 583 animum
1320 525 1430 581 hahentr
1442 523 1613 594 rationalem,
1626 526 1721 599 sieque
1729 527 1774 587 sr-

132 645 176 695 ter
187 634 269 691 hemo
288 637 368 695 natus¹
386 636 445 695 est,
459 626 512 691 duo
525 634 600 694 suut,
614 623 683 687 alter
705 623 787 689 hem,
808 632 836 677 et
857 622 926 681 alter
975 625 1050 679 etum
1062 624 1186 680 uestrum
1200 616 1348 675 secuudum
1364 616 1538 672 homiuem·

132 728 226 791 homo,
250 722 343 789 idest,
358 736 413 779 uun
433 719 504 781 idem
525 716 598 775 heus
610 716 656 789 qui
675 716 767 781 homo,
784 729 834 771 uec
854 714 925 770 idem
1012 709 1082 767 xvi.
1102 710 1202 771 lterum
1216 719 1277 781 post
1294 710 1384 780 aliqua
1398 709 1680 783 interrogandollelir
1698 728 1773 784 qum-

132 820 215 877 humo
229 816 276 888 qui
287 814 368 869 heus.
383 810 525 867 Nestorius
537 809 692 875 haereticus,
707 807 753 879 qui
771 807 808 863 ita
825 805 925 868 sensit,
976 800 1033 857 rit:
1053 820 1062 853 ι
1080 801 1176 857 Utrum
1196 799 1322 857 Christus
1336 800 1468 857 Dominus
1484 801 1512 856 in
1534 810 1650 874 utraque
1673 814 1772 867 natura

132 926 189 968 non
212 906 280 964 distr
303 905 387 958 heum
412 917 445 958 ex
462 901 547 956 llaria
572 911 676 963 natum,
705 898 753 954 sed
778 896 926 960 hominem,
978 891 1105 951 similiter
1117 893 1154 947 sit
1167 891 1251 947 Filius
1266 892 1325 957 Dei,
1340 908 1374 947 an
1389 892 1579 959 dissimiliter,
1597 914 1607 947 a
1622 902 1651 949 et
1662 896 1775 966 suhjuu·

134 997 295 1056 exsemine
322 992 419 1050 harid.
444 991 497 1046 iste
526 998 626 1051 autern,
651 989 674 1043 si
708 986 857 1042 catholicus
882 1000 927 1039 cs·
978 984 1018 1055 git
1030 983 1230 1053 respondendo,
1247 1003 1256 1037 r
1272 999 1326 1040 nou
1338 983 1541 1049 similiter,sed
1563 985 1771 1042 dissimiliter.»

135 1096 188 1148 set.
211 1101 294 1141 unum
320 1084 575 1151 eumdemque-csse
595 1087 623 1133 et
645 1078 730 1133 heum
750 1086 777 1133 et
790 1076 928 1134 homiuem
980 1073 1081 1141 quam
1101 1074 1197 1133 deinde
1216 1090 1271 1145 quo
1287 1075 1383 1131 ordine
1407 1075 1434 1131 id
1450 1075 1497 1131 ilat
1512 1094 1520 1130 a
1535 1084 1564 1131 et
1584 1080 1775 1149 respondendo

135 1184 164 1230 et
177 1191 261 1231 unum
278 1189 332 1228 uno
355 1153 445 1235 medo,
462 1179 491 1224 et
502 1168 587 1231 semel
600 1177 705 1225 tantum
725 1179 818 1226 uatum
833 1169 929 1225 crede·
980 1164 1098 1221 affirmat
1109 1165 1221 1221 dicens:
1239 1183 1248 1218 r
1263 1164 1332 1233 Quia
1344 1165 1414 1221 sieut
1428 1166 1456 1221 in
1471 1181 1502 1221 se
1514 1167 1638 1229 eontinet
1650 1170 1718 1225 duas
1729 1186 1776 1226 na·

137 1277 189 1323 ret.
206 1267 234 1320 Si
258 1270 349 1319 autem
369 1271 442 1317 esset
455 1259 642 1326 Nestorianus,
657 1270 703 1315 aut
723 1273 736 1299 ¹¹
751 1259 928 1325 Paulianista,
981 1266 1068 1323 turas,
1094 1258 1199 1323 idest,
1221 1257 1371 1315 divinitatis
1393 1272 1461 1322 stum,
1480 1267 1509 1313 et
1528 1259 1705 1325 humanitatis
1725 1279 1776 1319 no·

136 1352 487 1420 sirePhotinianns,solum
499 1352 637 1408 homiuem
652 1352 775 1409 crederet
791 1369 825 1408 er
839 1368 871 1407 ea
882 1369 930 1407 ua·
981 1355 1055 1413 stra,
1073 1347 1111 1409 ita
1133 1347 1239 1409 duuhus
1256 1349 1344 1403 modis
1364 1363 1435 1405 unus
1454 1348 1634 1407 erediturllei
1646 1350 1741 1407 Filius.
1760 1374 1771 1407 n

136 1459 206 1516 turin,
227 1457 254 1504 et
276 1446 360 1503 semel
373 1454 488 1500 tantum.
508 1442 585 1498 linum
604 1452 694 1501 autem
709 1444 772 1514 quia
787 1445 853 1499 dicit
866 1458 930 1498 sau-
981 1437 1012 1495 lu
1030 1453 1085 1509 quo
1106 1437 1166 1497 loco
1177 1439 1290 1494 ohseoro
1304 1447 1333 1494 et
1346 1428 1633 1504 admoneo'leetorem‚
1648 1440 1670 1497 si
1684 1449 1775 1496 tamen

136 1549 209 1595 etam
229 1537 367 1608 Virginem
382 1534 460 1589 aliter
475 1534 522 1587 hei
546 1548 607 1591 esse
620 1534 791 1607 genitricem,
808 1542 836 1589 ct
852 1533 931 1589 aliter
981 1528 1065 1589 luerit
1076 1530 1123 1601 qui
1137 1530 1227 1600 legere
1240 1531 1377 1603 dignetur,
1389 1537 1418 1585 ut
1432 1536 1529 1599 penset
1541 1537 1643 1585 attente
1655 1531 1727 1598 quod
1739 1530 1777 1587 oi·

137 1606 265 1691 hominis,
281 1642 331 1697 ego
345 1634 409 1697 putu
423 1625 487 1697 qnia
509 1625 579 1680 sient
602 1640 653 1681 nec
673 1625 774 1681 usitato
792 1640 869 1681 more
890 1624 931 1679 lo·
981 1622 1061 1681 citur.
1079 1620 1167 1695 Supra
1179 1621 1247 1677 dixit
1259 1628 1380 1679 sanatam
1394 1621 1534 1692 lirgiqcm
1552 1620 1632 1677 ahter
1644 1621 1692 1677 uei
1703 1637 1776 1687 esse,

138 1722 246 1793 quitur,
261 1720 299 1773 ita
323 1716 528 1772 neccatholico.
544 1716 623 1773 Certe
642 1716 768 1771 catholici
782 1716 931 1787 praedicant
982 1719 1010 1767 et
1036 1711 1115 1767 aliter
1138 1711 1257 1771 huminis
1285 1709 1456 1782 genitricum.
1482 1709 1561 1769 Nune
1582 1710 1648 1771 dicit
1672 1711 1777 1769 duohus

138 1810 282 1867 Dominum
297 1823 347 1863 nec
362 1808 388 1863 in
408 1807 548 1861 diuinitate
567 1805 669 1862 hahere
688 1816 815 1871 rrratrom,
830 1821 880 1863 nce
904 1806 931 1860 in
945 1815 970 1879 Β
985 1801 1072 1857 modis
1092 1815 1153 1859 esse
1177 1801 1276 1865 Filium
1303 1801 1352 1856 hei
1373 1800 1517 1857 hominum
1536 1808 1681 1867 uestrum,
1702 1810 1730 1859 et
1749 1801 1778 1859 ia

138 1900 308 1958 humanitate
320 1907 435 1969 patrem.
453 1897 506 1953 lstc
530 1905 620 1960 irritem
639 1913 692 1969 qua
715 1897 820 1955 ratione
835 1911 933 1967 seque·
985 1891 1051 1963 ipsis
1074 1891 1252 1949 dissimiliter.
1275 1891 1346 1949 Ecce
1370 1901 1487 1963 quatuor
1511 1892 1594 1957 modi,
1613 1900 1641 1949 ot
1659 1894 1728 1951 inter
1747 1908 1780 1949 se

139 1991 251 2049 strando
265 1990 299 2045 ah
314 1987 483 2043 humanitate
495 1986 675 2044 diuinitatem.
689 1987 770 2043 aliter
786 2002 846 2042 eam
867 1986 932 2050 hei,
985 1981 1130 2043 dissimiles
1144 2023 1151 2049 ,
1169 1980 1268 2053 quihus
1286 1982 1352 2037 dicit
1368 1982 1513 2039 Dominum
1536 1996 1597 2038 csse
1611 1981 1709 2047 Filium
1729 1982 1779 2041 hei

139 2091 169 2139 et
191 2079 400 2136 aliterhulhinis
415 2078 573 2149 genitricem
598 2092 659 2135 esse
676 2078 772 2145 credit,
790 2088 818 2133 et
841 2079 935 2133 hicex
984 2072 1094 2138 Patris,
1125 2082 1153 2127 et
1174 2072 1292 2131 hominis
1313 2073 1419 2129 matris.
1448 2073 1576 2141 Forsitan
1605 2075 1651 2145 qui
1678 2074 1780 2147 plura,

140 2182 217 2246 parte
232 2173 319 2244 aperit
341 2171 477 2228 dicendo:
499 2169 625 2225 «Natura
640 2170 738 2242 quippe
758 2169 936 2229 immanitatis
986 2181 1070 2237 quam
1100 2180 1159 2237 ego,
1178 2164 1254 2238 legit,
1279 2166 1383 2225 inuenit
1401 2166 1502 2239 aliquid
1528 2168 1592 2225 huie
1613 2169 1654 2227 rei
1679 2169 1780 2231 simile.

141 2271 287 2336 assumptae
303 2267 441 2335 propriam
459 2276 519 2315 eam
534 2277 595 2317 esse
609 2260 785 2333 genitricem,
803 2260 852 2317 hei
871 2275 935 2316 uero
986 2257 1043 2331 Ego
1063 2267 1155 2315 tamen
1176 2274 1264 2331 neque
1285 2260 1313 2316 in
1333 2261 1469 2317 catholieo
1487 2277 1577 2332 raeque
1598 2262 1626 2317 in
1650 2262 1782 2319 haeretico

140 2365 257 2412 matrem
272 2355 359 2428 gratia
373 2362 401 2409 et
418 2353 575 2426 dignatione
590 2351 742 2409 diuinitatis
756 2349 867 2417 laetam,
882 2372 892 2405 a
908 2359 938 2407 et
985 2351 1111 2423 dogmate
1131 2350 1317 2422 hujuscemodi
1338 2367 1397 2409 rem
1417 2352 1516 2423 legisse
1530 2355 1658 2412 menori.
1677 2354 1730 2411 Sed
1740 2355 1783 2413 lu·

141 2446 169 2502 in
184 2445 411 2517 subsequentibus
425 2452 452 2499 et
472 2444 549 2517 pejus
566 2453 594 2500 et
607 2443 759 2500 euidentius
774 2441 934 2514 patefaciet,
986 2443 1134 2515 spiciamus
1152 2452 1180 2496 ct
1199 2442 1355 2513 sequentia,
1372 2449 1501 2500 utrumne
1520 2446 1554 2500 ad
1577 2445 1644 2503 istos
1663 2454 1783 2516 quatuor

141 2540 187 2595 uhi
203 2546 230 2593 et
243 2552 292 2593 rios
307 2537 484 2608 opportunius
497 2537 531 2591 ad
544 2537 597 2592 ista
617 2536 775 2607 responsuri
790 2550 893 2591 sumus.
986 2535 1081 2591 merlus
1098 2543 1126 2592 et
1140 2533 1209 2591 alios
1227 2535 1319 2604 plures
1338 2544 1447 2606 augeat.

174 2625 231 2684 xl.
253 2626 331 2682 Nurac
344 2634 435 2681 autem
451 2625 515 2697 quia
532 2624 612 2680 aliter
624 2624 673 2680 uei
685 2633 712 2680 et
725 2623 803 2681 aliter
818 2622 937 2680 hominis
1022 2626 1103 2681 llllll.
1130 2626 1283 2698 luterrogat
1310 2626 1402 2697 itaque
1422 2626 1498 2685 Felix
1518 2628 1612 2693 dicens
1628 2648 1636 2685 z
1654 2649 1664 2682 r
1681 2630 1780 2689 Prote·

140 2734 201 2778 eam
216 2719 375 2792 genitricem
387 2718 453 2773 dicit
464 2732 532 2780 csse,
547 2732 610 2770 cum
623 2732 763 2787 nunquam
779 2715 861 2773 iuuerit
872 2731 937 2771 usus
987 2734 1072 2789 querc
1092 2718 1190 2788 quihus
1209 2718 1369 2774 subauditur
1389 2719 1476 2775 modis
1497 2738 1504 2774 :
1523 2720 1781 2792 ›et'respuudeadu

141 2813 170 2868 in
185 2811 292 2866 ratione
315 2807 377 2863 fidei
390 2806 508 2861 hominis
530 2821 591 2861 eam
609 2805 770 2874 genitricem
784 2806 935 2873 nominari3
988 2809 1125 2883 suhjungit
1140 2828 1147 2866 :
1169 2828 1178 2861 r
1195 2807 1348 2867 Secundum
1361 2809 1512 2879 diuinitatis
1526 2813 1693 2881 essentiam,
1706 2823 1773 2871 natu

141 2901 240 2971 quippe
252 2913 313 2953 cum
321 2895 500 2953 necmirahilc
506 2895 552 2961 sit,
560 2911 621 2951 cum
634 2904 709 2950 certe
719 2894 839 2950 onmium
850 2897 938 2952 laonii·
988 2915 1037 2966 ra,
1054 2899 1179 2966 ueritate,
1192 2900 1378 2971 proprietate,
1394 2915 1509 2971 genere,
1529 2901 1686 2971 nativitate,
1700 2913 1781 2973 atque

141 2987 938 3060 nummatreshominumgenitr·icessint‚illaqualiterhomi-
989 2990 1140 3047 substantia
1158 2990 1254 3062 :jnxte
1280 2991 1478 3051 humanitatem
1504 3007 1571 3057 uero
1595 3008 1649 3059 uon
1671 3004 1784 3059 natura,

139 3082 266 3150 nisiaeti,
275 3081 444 3149 idest,lerhi
453 3079 588 3137 carolacti
601 3079 937 3152 genitrispraediectur,cx
989 3083 1039 3151 ait,
1053 3084 1101 3139 sed
1114 3084 1218 3157 gratia,
1240 3084 1384 3149 electione,
1399 3084 1555 3153 uoluntate,
1568 3085 1686 3157 placito,
1711 3103 1784 3158 prae-

141 3189 298 3235 sanctorum
316 3174 428 3229 Patrum
445 3172 586 3229 sententiis
601 3171 805 3227 audiamusllit
818 3187 936 3241 narrnque
949 3173 973 3243 ss
987 3177 1180 3243 destinatione,
1192 3177 1388 3249 assumptione,
1402 3184 1430 3232 et
1440 3185 1551 3244 catera,
1564 3177 1669 3249 inquit,
1684 3178 1728 3235 his
1747 3180 1784 3236 si·

140 3267 295 3340 praecipuus
314 3263 533 3336 llleexpugnator
546 3262 715 3318 Nestorianm
729 3262 877 3334 impietatis
889 3262 937 3319 do·
988 3267 1073 3323 milia.
1090 3289 1099 3321 r
1116 3268 1186 3324 Ecce
1197 3269 1261 3329 dum
1275 3278 1391 3340 quatuor
1400 3274 1563 3344 praedicaret
1573 3278 1669 3333 mouns
1680 3277 1783 3332 nasici.

141 3357 280 3413 ctisslmus
289 3362 318 3412 et
327 3351 501 3411 beatissimus
510 3352 640 3427 Cyrillus:
653 3373 661 3405 ι
673 3354 846 3409 hlhrmamus
855 3354 937 3427 igitur
989 3360 1054 3417 tatis
1072 3362 1225 3431 dominicae,
1239 3363 1306 3421 duos
1318 3379 1352 3421 ex
1374 3373 1463 3431 matre
1476 3368 1593 3441 virgine,
1608 3370 1675 3425 duos
1689 3385 1723 3425 ex
1734 3369 1783 3425 pq.

142 3442 466 3516 0190092110'V0ffl1ffl
481 3444 509 3499 5¹¹
524 3445 711 3514 assumhllfflw
736 3442 849 3511 laetum,
871 3460 936 3501 ⁵³¹1·
989 3460 1031 3508 tre
1044 3452 1110 3521 hou,
1121 3454 1224 3517 intenti
1237 3453 1294 3525 jam
1305 3464 1368 3513 srrut
1378 3456 1532 3526 duodecim,
1548 3475 1596 3517 sex
1606 3459 1734 3517 uidelicet
1748 3478 1783 3518 er

143 3549 195 3596 ctae
207 3547 235 3595 et
251 3539 379 3594 animatae
390 3538 466 3593 carni
488 3538 605 3604 unitum,
624 3536 770 3593 secundum
794 3536 937 3594 ueritatem
988 3543 1114 3613 Patrc,et
1124 3562 1172 3603 sex
1183 3563 1217 3603 er
1229 3556 1326 3605 matre.
1342 3548 1402 3617 Qua
1416 3558 1507 3607 autem
1522 3551 1605 3611 iaciat
1615 3551 1784 3617 intentione,

142 3633 285 3689 tumultus
300 3646 332 3686 ex
346 3629 426 3685 vulva
443 3629 502 3701 ipsa
522 3629 690 3701 processisse
706 3629 853 3693 homiuem,
872 3644 936 3698 per·
988 3638 1057 3693 hene
1071 3638 1307 3699 considerantium
1320 3641 1492 3711 perspicuum
1509 3649 1562 3707 ert,
1579 3641 1707 3701 videlieet
1719 3644 1784 3713 quara

143 3725 276 3781 marisiae
296 3733 386 3779 autern
408 3723 491 3779 etiam
506 3722 653 3778 sccrrmlum
673 3721 801 3776 l'erhum.
822 3721 937 3795 ldeoqne
988 3738 1086 3786 curneta
1101 3730 1310 3802 quaenatiritati
1325 3730 1477 3788 diuinitatis
1490 3732 1597 3800 trihuit,
1618 3733 1784 3791 humanitati

143 3825 171 3871 et
185 3816 231 3871 hei
245 3815 363 3888 genitrix
384 3822 426 3869 est
444 3822 539 3878 sancta
554 3810 645 3884 Virgo.
663 3811 833 3884 Snpcrllmun
846 3820 937 3867 autem
989 3824 1093 3879 primia,
1114 3821 1233 3892 Quodsi
1256 3830 1400 3894 propterea
1424 3822 1544 3893 iecisset,
1569 3833 1600 3881 ut
1628 3825 1785 3881 ostenderet

143 3909 262 3963 arhitror
274 3915 400 3978 oportere
412 3905 632 3972 existimandum,
647 3913 676 3961 ct
688 3904 805 3961 hominis
826 3905 937 3977 genitri-
989 3914 1136 3971 aliudesse
1152 3913 1360 3980 humanitatem,
1376 3912 1448 3969 aliud
1468 3914 1652 3983 diuinitatem,
1669 3914 1785 3981 haberet

144 4013 204 4054 com
217 3998 278 4052 cath
298 3998 361 4052 dici.
378 3995 517 4066 Siquidem
533 4005 625 4052 esseut
647 3996 730 4067 aliqui
746 4012 779 4051 ex
800 3996 883 4052 muita
896 3998 938 4053 ni·
987 4004 1108 4076 prosumo
1127 4004 1275 4062 faciliorem
1299 4013 1327 4062 er
1353 4005 1527 4077 usiqqgjorem
1551 4005 1678 4079 loquendi
1692 4013 1785 4075 parer.

143 4090 196 4144 mis
209 4088 331 4151 vesania,
342 4088 387 4157 qui
399 4086 520 4141 dicerent
532 4086 580 4140 hei
593 4086 672 4141 l'crhi
686 4095 822 4151 naturam,
835 4085 937 4145 lorucm
988 4112 1052 4151 num
1074 4098 1194 4161 modum,
1209 4113 1262 4167 (1th
1275 4098 1302 4152 id
1316 4098 1460 4153 ostendere
1481 4098 1615 4168 potuisset
1630 4114 1637 4151 a
1654 4110 1735 4167 quem
1759 4095 1785 4153 si

144 4178 227 4234 ueluti
243 4178 387 4247 quemdum
402 4186 430 4232 ct
445 4177 561 4248 propriae
576 4177 701 4232 essentiae
714 4177 877 4249 principium
890 4180 938 4234 ha·
988 4196 1097 4244 securus
1117 4188 1224 4255 luisset,
1241 4204 1291 4245 nce
1305 4203 1375 4242 nora
1399 4188 1519 4255 diceret,
1544 4203 1594 4243 nec
1610 4188 1784 4251 mendacium

144 4272 237 4327 huissc
250 4285 371 4326 carnem.
389 4270 471 4325 Forte
484 4270 581 4325 luisset
595 4270 740 4341 aliqnando
752 4287 805 4326 rron
819 4272 937 4327 absurda
988 4278 1150 4334 incurreret.
1166 4277 1286 4333 lliccndu
1310 4292 1427 4348 namque
1455 4278 1603 4333 secundum
1629 4277 1785 4337 diuinitatis

145 4371 174 4419 ct
186 4363 385 4419 contemnenda
398 4364 468 4419 ratio
482 4363 634 4419 mlenaihus
647 4378 708 4417 cam
722 4365 805 4421 etiam
820 4365 938 4421 lrouninls
988 4369 1136 4424 essentiam
1163 4368 1279 4423 ueritate
1294 4382 1356 4423 esse
1375 4366 1486 4435 Filium,
1504 4375 1532 4423 et
1559 4367 1738 4439 proprietate,
1754 4378 1784 4425 et

143 4458 278 4513 anurninarl
292 4466 418 4527 oportere
439 4456 607 4528 genitricem.
628 4457 695 4527 Quin
714 4472 779 4511 uero
796 4457 936 4512 ahomina-
988 4460 1096 4515 cnaeus
1111 4475 1169 4529 quac
1183 4459 1221 4515 ihi
1233 4457 1389 4531 conjungit;
1408 4460 1466 4515 uult
1480 4475 1542 4515 enm
1556 4475 1616 4515 esse
1631 4461 1784 4517 seeundum

143 4550 206 4605 hilis
225 4558 254 4604 et
272 4550 365 4604 odiosa
387 4549 496 4618 quidem
518 4548 588 4618 apud
612 4563 706 4604 orrrnes
724 4557 765 4602 cst
784 4548 938 4620 hujusmodi
950 4537 978 4611 D
989 4554 1187 4609 humanitatem
1208 4568 1258 4609 nec
1273 4569 1380 4623 rerum,
1395 4569 1445 4609 nce
1457 4554 1607 4625 proprium,
1623 4553 1672 4609 sed
1692 4567 1786 4610 ecou-

144 4641 289 4706 sententia,
321 4640 532 4710 intelligiturque
556 4654 609 4693 non
638 4639 720 4693 aliter·
748 4639 796 4693 Dei
820 4638 937 4711 genitrix
990 4648 1074 4703 erario
1091 4647 1193 4703 omnin,

143 4743 237 4790 saneta
253 4734 345 4804 Virgo,
357 4733 409 4787 nisi
423 4733 512 4802 primo
524 4732 675 4803 susceperit
689 4733 832 4805 quisquam
846 4731 949 4801 fidem„
1024 4738 1117 4796 xtht.
1141 4740 1196 4795 Sed
1214 4741 1278 4811 qnia
1299 4740 1357 4797 hacc
1376 4740 1404 4795 iu
1420 4740 1649 4810 subsequentibus
1670 4738 1784 4795 inanisc-

144 4832 196 4886 hoc
209 4838 261 4895 cst,
271 4828 334 4898 quia
349 4827 436 4882 lactus
453 4837 496 4883 est
508 4842 584 4893 caro,
597 4827 648 4882 hoc
661 4834 714 4895 est,
728 4828 809 4882 homa
819 4828 939 4885 tertam
989 4833 1059 4889 stius
1075 4832 1174 4903 aperit,
1190 4831 1346 4887 intueamur
1358 4847 1432 4886 nunc
1454 4846 1539 4901 quare
1560 4845 1622 4884 eum
1636 4829 1693 4885 vult
1703 4827 1783 4899 juxta

144 4940 178 4978 cx
199 4922 254 4978 Deo
268 4922 360 4977 Patre.
384 4920 443 4975 Non
458 4920 531 4975 enim
551 4919 752 4990 quodammodo
767 4920 937 4976 diuinitatem
990 4925 1187 4982 humanitatem
1212 4939 1273 4980 esse
1288 4924 1387 4979 Filium
1404 4922 1509 4989 Patris,
1524 4936 1578 4976 non
1600 4930 1708 4989 natura,
1727 4937 1783 4978 uon

144 5017 254 5081 hildam,
270 5016 349 5073 tituil
365 5015 432 5080 (¹5¹5,
444 5014 549 5085 lihesi!
560 5014 651 5085 vilii⁰=
664 5013 729 5080 0¹¹ae
743 5012 824 5082 huius
834 5014 937 5068 instan-
992 5019 1145 5086 nativitate,
1161 5033 1215 5072 nnn
1238 5032 1356 5088 genere,
1380 5031 1435 5071 uon
1459 5015 1590 5081 ueritate;
1616 5015 1664 5069 sed
1682 5018 1780 5087 gratia,

145 5108 189 5163 tire
200 5109 308 5165 ridetur
317 5108 421 5165 utilitas
432 5108 578 5162 dicentium
592 5115 718 5178 oportere
729 5106 865 5161 nominari
876 5120 937 5161 cam
988 5110 1130 5174 electione,
1147 5108 1306 5173 voluntate,
1331 5105 1444 5178 placito,
1466 5107 1721 5177 predestinatione,
1742 5127 1785 5167 as·

144 5208 172 5254 et
193 5200 311 5255 hominis
332 5199 501 5272 genitricem.
524 5197 588 5266 Sed,
602 5199 672 5255 sieut
689 5206 812 5270 apparet,
826 5199 936 5252 inuenta
987 5199 1151 5271 sumptione.
1175 5194 1335 5267 Quicunque
1356 5197 1440 5271 igitur
1457 5197 1585 5268 antiquos
1611 5199 1685 5256 illius
1709 5217 1785 5257 erru-

144 5291 269 5361 quedam
283 5291 318 5346 ah
330 5291 370 5347 eis
383 5300 425 5347 est
436 5299 531 5348 eontra
543 5290 682 5347 Christum
691 5290 749 5344 lucc
759 5289 935 5344 machinatio.
988 5304 1034 5345 res
1055 5285 1194 5360 cognouit,
1211 5284 1321 5356 quidet
1340 5300 1413 5340 nunc
1436 5286 1531 5359 utique
1544 5286 1610 5345 uelit
1632 5289 1782 5361 cognoscit.

144 5381 204 5437 Nou
217 5383 291 5439 enim
305 5383 444 5454 patiuntur
455 5398 563 5458 sapere,
575 5382 617 5436 rel
630 5383 721 5437 diecrc
740 5380 827 5451 ipsum
843 5382 888 5451 qui
904 5397 936 5437 er
988 5380 1100 5435 Dixerat
1113 5393 1229 5448 namque
1240 5376 1382 5433 hominum
1398 5387 1521 5435 nostrum
1535 5379 1629 5439 lesum
1643 5379 1783 5437 Christum

144 5470 202 5528 lieo
215 5471 296 5528 Patre
314 5480 357 5528 est
369 5482 433 5530 ante
443 5475 542 5532 saecule
554 5472 650 5538 Filius,
671 5468 869 5526 inmanissimis
889 5486 938 5525 sae·
989 5471 1140 5527 secundnm
1156 5469 1355 5526 humanitatem
1378 5471 1535 5545 adoptivum
1553 5487 1615 5539 esse
1627 5470 1712 5529 lilium
1733 5470 1784 5527 Pa·

826 5560 963 5619 BALUle
981 5562 1099 5620 holm.

122 5674 125 5679 ·
182 5653 936 5783 fPestilentemltaeudexmanuserlptos.Neogneuldeu
990 5660 1157 5743 naristarum
1169 5672 1247 5714 error
1260 5657 1295 5717 ah
1314 5671 1346 5713 m
1357 5656 1499 5740 quem-hie
1518 5653 1693 5729 persequitur
1709 5654 1783 5729 dge-

145 5727 569 5877 gggffiursompmffienffl
586 5729 734 5863 silemus
741 5728 791 5861 ‘fig‘
811 5726 937 5871 mm
987 5726 1098 5788 hardus.
1114 5729 1181 5788 lude
1193 5728 1421 5788 Praedsstlnatum
1434 5727 1482 5785 hh.
1497 5742 1519 5793 r,
1534 5740 1596 5799 cap.
1608 5725 1655 5795 li,
1668 5722 1714 5789 tt.
