3832 6120
134 364 186 423 ddl
213 432 216 438 ,
561 366 651 424 lllS'l'.
672 363 867 422 retostus.
888 363 943 421 ott.
961 361 1173 423 uincetttru
1190 367 1235 423 ΕΤ
1253 365 1365 424 PETlll.
1723 361 1777 422 ddi

135 483 317 561 qupropterea
330 476 404 547 quod
419 476 506 534 oculis
519 479 641 544 carebat,
657 478 788 535 naturalis
800 477 858 547 jam
869 491 930 535 esse
943 478 969 538 t
980 480 1166 549 quiescebant,
1180 482 1363 553 parvospatio
1379 480 1507 546 distabat,
1522 481 1619 537 orandi
1631 481 1719 553 gratia
1732 499 1779 538 ve·

140 567 329 627 tidelratur-
344 569 505 626 horribilem
525 585 557 626 ac
579 568 680 626 lomna
703 571 788 627 totius
810 571 933 640 corporis
983 572 1253 640 nisse,etcumeam
1274 575 1394 629 duosam
1415 573 1585 638 oliendisset,
1604 588 1655 644 pro
1673 573 1778 630 loribus

136 662 335 721 tmrniutem.
349 662 416 719 Erat
425 664 498 720 enim
509 665 628 720 omnium
641 667 823 723 membrorum
837 678 932 735 ingens
982 679 1084 721 orasse.
1105 664 1207 720 Deinde
1217 681 1279 722 cum
1291 681 1321 721 se
1332 667 1474 729 erexisset.
1489 675 1516 722 et
1531 667 1566 722 ad
1581 665 1724 722 ecdesiam
1736 668 1778 722 iro

136 763 251 822 uuor,
278 754 325 825 qui
349 755 475 811 eumdem
495 762 551 811 um
569 756 644 827 gravi
667 755 807 826 quatiebat
830 755 932 810 incom·
983 757 1121 825 eoepisset,
1135 757 1234 812 vidisse
1247 757 1392 826 quemdam
1407 757 1546 824 clericum,
1559 757 1715 812 veneranda
1734 772 1781 812 ca-

135 844 231 911 ·odoi
243 852 273 901 ιιι
285 845 405 916 propriis
425 846 551 901 manibus
564 847 654 902 cibum
674 846 717 901 ori
734 861 783 901 suo
794 845 932 917 porrigere
982 847 1060 913 nitie,
1073 847 1141 903 stola
1154 847 1214 903 alba
1227 847 1360 914 indutum,
1375 862 1408 902 eo
1429 862 1482 917 quo
1496 856 1524 902 et
1542 847 1599 917 ipse
1611 847 1652 902 ire
1668 846 1778 903 volebet

135 935 245 1008 perlitus
257 950 312 991 non
326 935 439 992 valeret.
454 936 553 992 bmm
567 936 611 992 die
626 939 753 1008 quadam,
768 938 843 994 horis
856 945 933 992 ante·
984 954 1014 996 se
1035 937 1243 1011 praecedentem.
1259 937 1354 1005 Quem,
1372 945 1403 992 ut
1415 936 1473 1007 ipse
1486 937 1595 1002 asserit,
1611 944 1722 993 secutos
1738 945 1782 993 cst

136 1026 295 1084 meridianis
311 1027 338 1081 in
352 1027 469 1098 hospitio
480 1028 585 1098 jacens,
598 1027 787 1093 obdormisset,
803 1028 871 1083 vidit
884 1042 933 1098 per
984 1045 1070 1100 usque
1083 1029 1117 1085 ad
1126 1029 1224 1085 ostium
1239 1029 1368 1084 basilicae.
1382 1027 1516 1096 Quocum
1533 1031 1613 1084 amito
1628 1028 1779 1094 venissent,

136 1132 264 1189 soporem
277 1123 421 1189 quemdam
433 1119 484 1174 sibi
498 1118 671 1174 assistentem
684 1135 768 1191 seque
778 1127 931 1176 mouentem
984 1120 1063 1191 isqui
1081 1119 1252 1191 precedebat
1265 1120 1394 1185 substitit,
1420 1119 1532 1175 sinistro
1551 1119 1623 1190 posti
1642 1134 1673 1174 se
1696 1119 1780 1190 appli-

136 1205 239 1265 utcito
251 1216 384 1278 surgeret,
398 1215 479 1278 atque
493 1208 528 1262 ad
540 1208 682 1264 ecclesiam
693 1208 848 1276 lestinaret;
865 1216 933 1264 tem
984 1226 1059 1274 cans,
1083 1211 1163 1280 quasi
1176 1209 1257 1266 vcllct
1277 1221 1307 1265 ut
1326 1209 1372 1266 ille
1388 1209 1465 1279 prius
1484 1209 1682 1280 ingrederetur,
1699 1225 1781 1280 quem

137 1314 189 1371 pus
207 1300 301 1355 dicem
312 1299 467 1364 advenisse,
479 1316 532 1372 quo
544 1301 579 1356 de
591 1299 635 1355 illa
648 1301 795 1357 miserabili
808 1301 933 1370 passione
985 1304 1042 1374 ipse
1061 1304 1142 1374 paulo
1162 1310 1226 1359 ante
1244 1312 1443 1374 praecesserat:
1459 1305 1651 1374 cunctantique
1669 1313 1700 1360 ut
1717 1314 1781 1362 ante

136 1391 327 1461 pervirtutem
345 1397 499 1446 sanctorum
522 1389 631 1446 libcrari
655 1389 774 1446 deberet·
798 1391 933 1461 Emerge
985 1396 1159 1459 reintraret,
1181 1395 1325 1449 annuendo
1346 1394 1500 1463 imperavit.
1515 1394 1565 1462 Qui
1578 1411 1640 1451 cum
1653 1394 1783 1452 intrasset

136 1481 227 1539 lactus
247 1488 329 1550 atque
353 1481 388 1537 ad
409 1479 551 1536 ecclesiam
579 1481 685 1547 ductus,
709 1495 760 1551 pro
782 1480 885 1537 loribus
905 1481 933 1536 in
985 1495 1014 1543 et
1022 1487 1055 1542 ad
1065 1486 1198 1542 orandum
1211 1501 1241 1541 se
1253 1486 1420 1552 inclinasset,
1434 1493 1495 1558 post
1508 1495 1614 1558 tergum
1624 1487 1683 1558 eins
1695 1488 1780 1552 stetit,

136 1572 256 1644 quodam
270 1572 360 1643 lapide
381 1571 513 1628 consedit.
536 1570 674 1643 Agebatur
687 1581 752 1627 tunc
762 1572 789 1627 in
806 1572 931 1637 ecclesia,
985 1590 1013 1637 es
1029 1595 1091 1637 cnm
1103 1595 1193 1650 pugno
1206 1579 1233 1633 in
1246 1579 1381 1634 cimicem
1401 1580 1535 1649 percussis
1558 1591 1640 1650 aeque
1658 1587 1781 1651 progr..

136 1677 215 1719 iuoto
230 1661 356 1726 wittoni,
379 1661 501 1717 ditinum
513 1660 640 1725 iffititlms
662 1669 691 1716 ii
704 1660 819 1731 0¹b¹⁰²5⁸
832 1661 933 1717 01³⁰&
985 1673 1035 1737 vit,
1049 1680 1077 1727 et
1095 1669 1238 1727 confestim
1253 1670 1372 1724 evanuit.
1392 1668 1477 1736 Quem
1494 1678 1583 1724 tamen
1604 1684 1685 1724 nemo
1698 1669 1781 1734 alius,

89 1782 92 1787 ·
137 1756 219 1811 abus
241 1770 301 1824 quc
323 1770 429 1810 sacram
451 1753 588 1825 Evangelii
612 1752 755 1809 lectionem
779 1755 933 1823 praecedere
986 1761 1038 1817 nisi
1057 1761 1130 1816 sous
1143 1758 1186 1814 ille
1200 1759 1247 1829 qui
1261 1770 1372 1814 sanatus
1386 1767 1439 1823 est,
1458 1758 1659 1828 viderepomir.

137 1845 237 1912 ιοιοοι,
262 1845 350 1915 ipsum
369 1844 421 1914 legi
436 1853 555 1915 emptum
575 1843 726 1914 est-Cujus
746 1844 864 1901 cumvix
880 1844 971 1920 duoB
1018 1851 1064 1906 tl.
1085 1850 1142 1905 Sub
1167 1849 1237 1904 idern
1264 1848 1323 1904 lere
1345 1856 1463 1919 tempus,
1485 1863 1546 1904 cnm
1561 1851 1678 1918 quadam
1701 1856 1783 1905 noete

138 1948 236 1992 teritis
250 1933 366 1992 fuissem
376 1934 490 2006 legendo
503 1934 643 2005 fflffiblilii
655 1949 720 1990 ⁰⁰oe
734 1934 936 2006 itpitiitritlui
985 1950 1136 2015 surgentes,
1155 1941 1189 1996 ad
1203 1940 1347 1996 ecclesiam
1367 1940 1479 2004 iremus,
1501 1939 1656 1995 invenimus
1677 1952 1728 2009 pro
1741 1937 1782 1995 io·

138 2030 196 2085 viro
212 2029 329 2100 patiens,
342 2028 505 2085 tremulosus
520 2028 565 2084 ille
580 2029 744 2086 vocilcratus
755 2037 808 2095 est,
822 2030 934 2086 dicens:
985 2036 1061 2090 mbos
1074 2032 1197 2089 ecclesie
1211 2030 1354 2102 quemdam
1371 2045 1497 2100 puerum,
1512 2031 1541 2085 in
1555 2030 1663 2102 portien
1681 2029 1778 2102 jacen.

141 2119 275 2189 «adjuva
298 2134 358 2185 mc,
381 2128 475 2175 sancte
499 2118 667 2176 llareellinel
696 2121 787 2189 »Quo
817 2122 937 2178 clamore
986 2131 1052 2190 tem,
1067 2123 1135 2178 adeo
1149 2120 1345 2177 nriserabiliter
1358 2128 1537 2184 contractum,
1552 2128 1583 2175 ut
1593 2128 1685 2176 mento
1694 2134 1782 2192 genua

139 2213 249 2267 tametsi
262 2212 414 2281 omnesqui
430 2211 458 2266 in
476 2212 591 2267 ecclesia
609 2222 698 2278 erant,
713 2213 785 2268 baud
798 2230 881 2283 parva
896 2212 939 2270 lo·
984 2219 1172 2290 jungerentur.
1189 2216 1241 2284 Qui
1253 2231 1347 2282 unum,
1362 2230 1394 2271 er
1410 2216 1454 2271 lais
1467 2215 1512 2285 qui
1523 2230 1574 2270 nos
1586 2214 1778 2283 sequebantur,

139 2309 201 2357 teni
221 2300 425 2370 perturbatione
446 2300 595 2363 ιθῐῐιῐῐιθῑί,
621 2299 724 2369 maiore
748 2310 837 2355 1³an
861 2310 938 2371 ptris
987 2309 1103 2381 rogavit,
1115 2316 1145 2361 ut
1157 2322 1187 2362 se
1202 2307 1230 2360 in
1242 2306 1385 2362 ecclesiam
1399 2307 1569 2376 deportaret3
1585 2313 1613 2360 et
1625 2305 1683 2370 ille,
1698 2305 1780 2359 misc-

127 2402 252 2479 'propter
265 2392 444 2448 reverentiam
459 2390 622 2462 evangelice
643 2390 767 2447 lectionis
781 2392 807 2449 in
821 2393 881 2448 loco
894 2408 938 2447 re·
988 2400 1104 2455 rinos-ilia
1121 2407 1223 2463 motus,
1246 2398 1355 2453 sustulit
1377 2412 1450 2463 eum,
1475 2398 1545 2452 etin
1568 2397 1683 2452 ecelesia
1705 2395 1784 2467 iuxta

140 2493 281 2549 manente,
296 2484 390 2553 plures
398 2484 432 2538 ad
445 2483 588 2538 videndum
600 2498 723 2552 quaenam
735 2499 816 2539 causa
827 2485 939 2555 huiusce
988 2488 1224 2559 cancellosjaccre
1236 2488 1310 2543 lecit.
1323 2488 1376 2556 Qui
1386 2486 1527 2543 confestim
1539 2488 1661 2551 irruente
1670 2502 1778 2558 sopore,

142 2575 273 2631 clamoris
286 2576 417 2632 existeret
429 2584 622 2641 accurremnt3
637 2583 674 2640 et,
688 2583 719 2630 ut
731 2585 825 2647 postea
848 2578 939 2632 testati
989 2578 1035 2635 ubi
1055 2579 1142 2650 jacuit
1156 2578 1335 2644 obdormivit;
1361 2593 1413 2633 nec
1429 2579 1505 2648 prius
1523 2577 1661 2649 evigilavit
1684 2577 1780 2647 plene,

141 2673 218 2730 svrnt,
245 2665 405 2720 invenerunt
428 2664 569 2731 cumdem,
593 2664 620 2720 in
645 2681 679 2720 eo
699 2683 754 2737 quo
777 2670 939 2726 consederat
989 2684 1071 2740 quam
1094 2668 1127 2724 do
1143 2669 1188 2723 illa
1211 2667 1360 2722 miserabili
1375 2668 1571 2733 contractione,
1590 2666 1783 2741 persedragia

140 2756 214 2819 loco,
227 2764 338 2810 extento
351 2770 382 2811 ae
394 2756 552 2826 resupinato
569 2772 683 2827 corpore
701 2759 848 2830 jacentem,
864 2776 940 2817 men·
989 2769 1164 2825 sanctorum,
1189 2760 1227 2815 ita
1249 2759 1370 2830 perlecto
1395 2769 1508 2815 sanatus
1531 2769 1582 2826 est,
1598 2768 1628 2815 ut
1651 2758 1784 2829 evigilans

141 2853 255 2916 tumque
266 2860 299 2900 ac
313 2855 406 2916 peetus
418 2861 517 2902 cruore
529 2862 562 2902 ex
573 2847 683 2903 naribus
695 2848 846 2920 proiluentc
858 2852 938 2906 inun·
987 2864 1089 2921 perse,
1106 2851 1139 2905 de
1156 2850 1218 2905 loco
1232 2850 1259 2904 in
1286 2864 1367 2919 quem
1383 2849 1436 2905 alio
1452 2858 1578 2919 portante
1601 2849 1707 2905 delatus
1720 2857 1782 2914 cst,

139 2935 246 2991 dauvm.
265 2936 316 3003 Qui
332 2953 393 2992 curn
414 2938 449 2993 ab
470 2939 510 2993 eis
530 2947 648 3006 erectus,
662 2947 690 2995 et
709 2941 848 3012 paululum
863 2958 940 3013 aque
990 2949 1127 3012 surgeret,
1143 2950 1225 3011 atque
1239 2941 1274 2996 ad
1289 2942 1376 2996 altare
1389 2941 1447 2997 ileo
1461 2943 1561 3013 gratias
1576 2951 1687 2999 acturus
1703 2956 1782 2997 accc-

140 3027 249 3100 irigidae
263 3045 374 3086 sumens
388 3029 482 3085 luisset
505 3040 653 3098 recreatus,
673 3032 765 3088 retulit
787 3033 840 3089 sibi
852 3034 940 3089 visum
989 3030 1077 3086 deret.
1095 3032 1238 3097 letamen,
1255 3033 1301 3086 ubi
1316 3032 1375 3089 dies
1390 3032 1489 3098 illuxit,
1505 3041 1533 3088 et
1548 3049 1598 3089 nos
1611 3048 1719 3089 comeo
1738 3033 1779 3088 lo·

138 3119 236 3187 inisse,
247 3128 316 3176 tunc
331 3136 393 3176 cunr
407 3121 480 3176 illam
491 3137 585 3177 vocem
605 3123 742 3189 emiserat,
756 3124 827 3194 quod
842 3123 940 3194 aliqrais
990 3120 1036 3190 qui
1060 3122 1209 3190 potuimus,
1235 3122 1326 3177 retulit
1346 3137 1375 3177 se
1390 3122 1477 3178 tribus
1497 3122 1610 3189 vicibus,
1623 3122 1782 3193 priusquam

136 3224 204 3266 mm
229 3225 319 3282 pugno
343 3211 370 3266 in
393 3212 526 3268 cervicem
552 3213 750 3281 percussisset,
772 3223 853 3284 atque
875 3214 937 3269 ideo
950 3205 973 3268 C
988 3211 1094 3280 signum
1121 3210 1246 3267 ecclesiae
1262 3211 1408 3279 sonuisset,
1432 3227 1449 3266 a
1471 3213 1588 3282 quodam
1613 3213 1665 3269 sibi
1687 3214 1781 3284 ignoto

137 3300 215 3359 beau
229 3303 358 3373 martyris
378 3302 508 3358 auxilium
526 3303 694 3374 implorasse.
712 3303 847 3360 Cetemm
861 3305 934 3360 banc
985 3299 1086 3357 clerico
1099 3301 1259 3367 excitatum,
1283 3309 1364 3372 atque
1379 3303 1546 3359 admonitum
1560 3311 1591 3361 ιιι
1608 3319 1780 3375 nequaquam

137 3394 224 3453 mm
245 3403 301 3450 tam
322 3395 468 3451 salutarem
494 3396 520 3452 ei
543 3395 627 3452 luisse
647 3406 754 3453 constat
767 3404 807 3464 ut,
833 3412 867 3453 ex
888 3399 934 3454 illo
984 3394 1207 3463 praetermitteret
1221 3395 1287 3465 quin
1312 3401 1436 3466 ternpore
1458 3397 1585 3452 matutini
1598 3396 1678 3453 cilicii
1693 3398 1720 3452 in
1736 3412 1781 3454 ec-

138 3487 269 3558 teurporis
292 3495 440 3553 momento,
463 3486 565 3542 nullom
589 3487 661 3543 illius
684 3486 762 3543 lcedae
779 3488 935 3559 agitationis
984 3483 1097 3540 clesiam
1116 3483 1231 3539 veniret
1250 3483 1287 3540 Se
1301 3499 1410 3556 quoque
1422 3485 1459 3539 ita
1482 3485 1591 3551 iecisse,
1616 3500 1648 3540 ιιι
1667 3495 1779 3555 pollet·

137 3579 284 3651 vestigium
312 3579 341 3633 in
365 3579 423 3651 ejus
448 3594 562 3650 corpore
587 3580 699 3635 ulterius
730 3589 880 3651 appareret.
909 3580 934 3636 ls
984 3575 1056 3631 sicut
1072 3591 1122 3631 nos
1136 3575 1264 3642 vidimus,
1278 3577 1432 3632 inecclesia
1447 3576 1628 3632 dormientem
1644 3576 1777 3646 integram

137 3679 232 3742 postea
246 3685 296 3741 per
314 3672 381 3726 duros
395 3671 452 3726 lere
467 3686 553 3727 annos
572 3688 600 3726 m
622 3673 717 3728 eodem
738 3673 797 3728 loco
821 3674 934 3738 mansit,
986 3665 1028 3721 sui
1044 3667 1168 3736 eorporis
1181 3667 1327 3722 sanitatem
1339 3666 1484 3735 recepisse.
1500 3666 1534 3720 lit
1548 3666 1592 3720 bic
1605 3665 1714 3734 quidem
1729 3680 1779 3720 an-

136 3768 209 3816 eant
222 3762 281 3830 ipse
296 3767 474 3829 vestanensi,
490 3762 563 3818 nulla
578 3778 630 3819 nox
646 3763 673 3818 in
687 3765 739 3818 noc
752 3765 861 3819 biennio
873 3762 933 3827 ιοιι,
986 3770 1083 3810 norum
1097 3756 1207 3810 circitor
1222 3755 1379 3827 quindecim
1392 3770 1454 3810 esse
1466 3755 1618 3810 videbatur·
1656 3795 1663 3808 -

137 3850 168 3904 in
179 3864 233 3920 qua
251 3865 301 3918 per
314 3851 449 3906 somnium
468 3852 589 3917 effidem,
605 3852 651 3922 qui
664 3867 725 3907 eum
741 3852 846 3907 salvum
861 3854 934 3909 [θρε-
1022 3843 1067 3897 ⁴2·
1087 3842 1176 3898 Alium
1202 3843 1297 3898 itidem
1319 3843 1447 3909 Vidimus,
1467 3858 1521 3898 lton
1544 3858 1672 3913 puerunt,
1685 3851 1716 3898 lli
1734 3845 1780 3901 hic

138 3947 216 4004 runt,
237 3950 370 4012 martyres
389 3957 442 3995 non
463 3942 589 4008 vidissem
611 3942 694 3996 multa
711 3955 818 4012 quoque
838 3944 872 3999 ab
895 3942 936 3998 eis
986 3941 1058 3999 erat,
1073 3933 1120 3989 ted
1131 3933 1209 3988 tilde
1222 3947 1313 3990 ionem
1327 3940 1408 4003 atque
1421 3933 1599 4004 ᾱθῡῑθρῑῑῠιΰ,
1613 3934 1672 4002 pari
1686 3934 1782 3990 morbo

136 4032 271 4099 audisset,
282 4048 342 4103 quae
356 4034 417 4090 aliis
428 4034 518 4090 dicere
528 4032 675 4102 jubebatur
685 4048 693 4088 :
705 4050 739 4090 ex
760 4034 859 4104 quibus
880 4036 937 4105 ple·
987 4026 1125 4093 efficium,
1142 4028 1238 4083 0⁰de
1252 4027 1280 4082 ῐῐι
1295 4026 1367 4092 ¹⁰⁰0,
1382 4017 1465 4083 Simili
1478 4029 1567 4093 ¹1¹⁰ti0‚
1583 4028 1666 4084 Simili
1679 4029 1706 4084 in
1715 4038 1783 4085 iem·

137 4140 224 4196 rsque
236 4142 308 4184 nunc
328 4128 440 4199 implere
453 4128 602 4193 cernimus,
624 4143 685 4200 quae
706 4127 751 4184 ille
767 4137 832 4184 tunc
845 4126 937 4184 lutura
986 4134 1054 4191 pore
1072 4128 1208 4176 curatum.
1227 4119 1314 4190 Quem
1327 4128 1356 4176 et
1367 4120 1455 4190 ipsum
1469 4127 1550 4177 nocto
1565 4121 1700 4192 quoiam·
1718 4137 1781 4178 eum

137 4230 203 4273 esse
215 4219 351 4288 praedixit.
987 4224 1100 4288 propter
1112 4217 1276 4272 matutinum
1290 4215 1407 4272 odicium
1421 4217 1613 4274 celebrandum
1629 4219 1663 4274 ad
1680 4219 1781 4276 ostium

173 4307 219 4364 to.
239 4309 303 4365 Post
315 4325 416 4380 paucos
433 4311 491 4367 dies
506 4310 624 4367 vidimus
642 4319 670 4367 et
682 4311 765 4367 auum
779 4311 934 4382 quemdam,
987 4308 1110 4365 ccclesiae
1124 4309 1301 4373 venissemus,
1317 4309 1345 4364 in
1361 4309 1421 4380 ipso
1436 4308 1530 4364 limine
1548 4311 1712 4386 reperimus,
1729 4312 1780 4378 Qui

135 4401 221 4458 simili
233 4404 328 4458 mcubo
343 4402 513 4474 implicitum,
535 4403 562 4459 in
580 4405 674 4460 eadem
689 4404 813 4472 basilica,
831 4418 881 4475 per
891 4417 939 4459 eo·
987 4402 1103 4474 genibus
1116 4401 1216 4466 nitens,
1232 4400 1338 4457 duobus
1349 4399 1493 4456 sebaculis
1506 4403 1688 4467 sustentabat,
1700 4403 1781 4458 acsic

134 4493 261 4549 rumdem
268 4504 428 4550 sanctorum
440 4496 546 4562 merita,
561 4510 616 4551 non
625 4495 749 4551 dissimili
760 4496 841 4551 modo
854 4478 943 4551 cora-⁶
989 4494 1035 4551 illo
1051 4493 1205 4549 tardissimo
1218 4499 1293 4547 motu
1308 4492 1342 4546 ad
1357 4491 1562 4562 ingrediendum
1581 4506 1633 4547 nos
1652 4493 1780 4548 moraba·

135 4594 206 4639 tum.
220 4583 289 4638 Nam
309 4585 425 4654 quadam
445 4593 534 4651 nocte,
557 4600 619 4640 cum
640 4585 674 4641 ad
693 4586 856 4641 matutinum
877 4585 935 4640 olli·
948 4560 975 4621 D
987 4595 1042 4644 tur.
1056 4585 1180 4657 cumque
1198 4591 1260 4656 post
1273 4592 1380 4654 tergum
1402 4580 1461 4651 ejus
1479 4581 1631 4648 constituti,
1651 4580 1724 4637 illam
1738 4583 1781 4651 pi·

134 4672 210 4728 earn
224 4672 416 4728 celebrandum
439 4681 467 4729 et
480 4674 580 4731 divinae
598 4675 666 4746 legis
680 4674 810 4730 lectiones
822 4675 935 4731 audien·
987 4693 1063 4752 gram
1082 4678 1280 4751 promotionem
1295 4674 1523 4747 praestolaremur,
1537 4679 1610 4728 tanta
1625 4673 1777 4736 suavissimi

135 4763 187 4820 dss
208 4765 235 4819 in
247 4765 362 4820 ecclesia
384 4765 550 4832 sederemus,
575 4765 688 4820 intravit
709 4765 819 4835 quidam
839 4766 934 4820 babitu
988 4771 1080 4829 odoris
1094 4768 1253 4845 fragrantia,
1268 4768 1301 4823 de
1314 4766 1427 4822 basilica
1444 4764 1606 4837 procedens,
1626 4777 1707 4818 nares
1727 4777 1780 4818 no-

135 4854 268 4922 clericali,
293 4858 473 4912 trementibus
497 4855 637 4921 membris,
661 4856 811 4927 baculoque
833 4856 934 4921 nitens,
989 4870 1061 4919 seras
1075 4861 1205 4930 implevit,
1220 4868 1251 4913 ut
1265 4858 1386 4914 omnium
1402 4865 1555 4912 aromatum
1568 4870 1601 4912 ac
1615 4853 1778 4927 thimiama.

135 4947 285 5015 titubantia
308 4949 424 5020 vestigia
448 4964 519 5020 aegre
548 4949 725 5020 guberrvabat.
759 4949 882 5020 Cumque
906 4964 936 5007 se
990 4960 1048 5008 tum
1064 4950 1239 5005 artilleiosam
1257 4938 1482 5018 compositionem
1496 4961 1544 5002 sua
1561 4943 1717 5017 prestantia
1731 4957 1780 4999 su-

131 5037 214 5108 juxta
232 5042 363 5110 parietem
378 5043 412 5096 ad
428 5041 560 5098 orandum
577 5043 730 5107 inclinaret,
753 5043 855 5115 ingenti
869 5057 936 5099 voce
987 5050 1104 5114 peraret.
1123 5041 1236 5096 intrarit
1249 5041 1370 5105 tandem,
1384 5048 1412 5094 et
1426 5052 1520 5094 coram
1535 5039 1614 5093 nobis
1625 5035 1702 5106 juxta
1714 5051 1779 5092 can-

135 5131 256 5197 emissa,
287 5135 428 5204 repentino
453 5149 516 5190 casu
544 5149 661 5192 cernuus
688 5133 762 5200 ruit,
793 5150 825 5190 ac
851 5150 935 5204 parva
986 5134 1069 5191 cellos
1081 5132 1160 5203 qnasi
1174 5132 1208 5186 ad
1223 5131 1412 5187 dormiendum
1426 5127 1657 5199 procubuit2nos
1670 5139 1778 5196 quoque

136 5224 270 5297 temporis
284 5241 361 5282 mora
376 5227 546 5296 interposita,
561 5227 595 5282 ab
615 5242 648 5282 eo
665 5242 719 5297 quo
740 5227 883 5283 tenebatur
896 5228 936 5282 in·
986 5225 1125 5281 basilicam
1140 5223 1266 5293 ingressi,
1280 5220 1380 5276 nostris
1394 5220 1461 5274 locis
1475 5217 1658 5283 constitimus,
1683 5231 1714 5272 ac
1736 5217 1775 5272 sl-

135 5319 282 5375 commodo
295 5335 376 5376 sanus
389 5322 516 5376 surrexit.
530 5320 565 5387 ls,
582 5337 643 5377 cum
659 5321 694 5376 ab
705 5336 738 5378 eo
752 5337 936 5393 quaereremus
985 5317 1041 5372 mul
1067 5332 1129 5372 curn
1152 5315 1213 5369 aliis
1232 5314 1363 5384 psalmos,
1389 5311 1436 5381 ¹1¹¹i
1460 5309 1635 5374 dissssbiitiffl',
1663 5307 1777 5364 ⁸⁰¹⁰¹ss¹ii

136 5407 162 5463 si
175 5408 248 5465 eliud
263 5410 374 5482 aliquid,
391 5412 572 5482 praeterquod
593 5426 642 5467 nos
663 5428 758 5467 omnes
776 5412 866 5466 vidore
887 5426 935 5482 po·
986 5422 1064 5463 more
1077 5407 1256 5461 cantavimus.
1269 5404 1305 5458 At
1318 5403 1364 5458 ubi
1374 5401 1463 5471 prima
1473 5401 1555 5456 lectio
1567 5401 1676 5456 recitari
1687 5409 1776 5471 crepta

138 5499 251 5568 tuimus,
267 5503 318 5557 sibi
335 5503 422 5558 visum
437 5503 533 5558 luisset
548 5519 580 5558 ca
594 5504 672 5569 bora,
694 5517 747 5573 qua
767 5501 880 5558 salutem
895 5510 938 5557 cst
986 5509 1040 5567 est,
1067 5499 1219 5553 audivimus
1241 5497 1366 5551 eumdem
1391 5508 1483 5549 senem
1508 5507 1627 5563 gemere,
1642 5502 1681 5561 et,
1699 5494 1777 5565 quasi

137 5601 311 5655 consecutus,
323 5593 392 5647 disit
404 5608 445 5658 se,
457 5593 536 5663 paulo
552 5602 705 5662 antequam
717 5591 857 5648 basilicam
872 5590 937 5647 luis·
987 5589 1034 5661 qui
1059 5587 1113 5641 vim
1127 5595 1276 5656 patoretur,
1294 5583 1425 5640 auxilinm
1442 5584 1602 5655 implorare;
1627 5601 1659 5641 ac
1678 5586 1776 5642 deinde

137 5691 182 5738 sct
194 5684 343 5755 ingressus,
361 5687 395 5740 ad
409 5684 551 5740 ecclesiam
573 5691 704 5750 voterem,
728 5700 789 5755 quae
810 5684 936 5740 occiden-
986 5679 1129 5750 interjecto
1145 5676 1220 5748 parvi
1237 5675 1366 5746 temporis
1379 5675 1480 5745 spatio,
1497 5676 1615 5732 vidimus
1628 5677 1776 5733 insessum

138 5781 195 5829 teau
217 5789 313 5831 versus
330 5790 345 5829 a
367 5789 436 5830 uota
458 5772 580 5847 basilica,
603 5775 699 5846 inqua
724 5783 858 5847 martyres
873 5781 937 5830 tuuc
988 5788 1017 5829 se
1031 5770 1151 5842 erigere,
1167 5785 1198 5824 ac
1212 5769 1336 5841 protinus
1350 5768 1463 5838 baculis,
1474 5769 1573 5839 quibus
1587 5770 1724 5826 iuccssum
1735 5783 1788 5824 re·-
