3832 6120
818 276 1088 335 rnotnoodttdn.

632 529 832 606 electa
861 528 935 601 DE
974 525 1289 602 aeondnno.

142 777 182 832 Cn
191 772 303 849 ιρίιιιιι
316 770 442 826 Lndoolri
457 779 482 823 ιι
497 766 615 823 Latbarii
630 766 687 820 dd.
698 764 809 835 prefixa
823 764 936 820 ιιιιίιιι
949 766 974 824 Δ
988 761 1143 816 Bernardns
1157 766 1248 814 autem
1269 756 1432 813 Viennensis
1455 757 1572 812 adfuerit
1592 756 1715 829 quidem,
1738 761 1785 814 scd

417 839 508 894 Parit.
524 839 588 892 anni
599 836 661 893 829.

175 939 267 997 Tertio
280 952 347 992 vero
357 935 429 1006 apud
441 933 617 1002 Lugdunum;
633 928 679 984 ubi
690 928 862 992 dooaxnuus,

138 1012 251 1074 hardus,
270 1008 405 1066 andreas,
424 1003 596 1065 Benedictus,
611 999 755 1072 Agerinus,
770 1011 832 1051 cum
843 995 941 1053 suffra-

138 1082 233 1153 ganeis
252 1078 319 1143 suis,
337 1075 463 1132 similiter
480 1071 653 1128 conveniant.

141 1172 185 1225 Ea
195 1178 329 1253 precepto
344 1164 469 1219 Ladorici
481 1172 504 1217 ιι
517 1160 638 1216 Lotborr'r'
652 1161 733 1231 impp.
746 1176 794 1231 pro
806 1165 940 1213 mennate-

990 846 1086 886 rursus
1100 830 1190 901 lugam
1205 828 1307 883 inierit.
1328 824 1381 881 Sed
1396 827 1455 882 haee
1468 827 1577 897 quidem
1601 844 1646 885 res
1661 829 1787 899 imperfe-

874 926 940 982 ΒΗ,
990 910 1034 982 cta
1052 900 1195 965 remansit,
1214 907 1325 970 propter
1344 898 1506 963 absentiam,
1522 909 1551 952 ut
1563 900 1721 969 praedictum
1733 909 1785 968 est,

990 985 1191 1041 episcoporum.

991 1056 1119 1128 Waifridi
1147 1055 1238 1113 Strati
1265 1072 1355 1111 reram
1380 1056 1416 1109 ad
1441 1050 1610 1126 doodardum
1638 1060 1787 1131 episcopm

1286 1124 1497 1196 Lugdunensem.

176 1258 217 1294 ,ω
231 1238 368 1301 gemm,
381 1234 451 1306 ,gog
465 1231 756 1287 ,grg,m„,a01„„„,
774 1228 940 1285 ,procoma
991 1217 1060 1272 lium
1073 1218 1118 1272 vix
1131 1225 1173 1272 ter
1186 1231 1267 1273 senos
1280 1216 1437 1271 habuissem
1452 1222 1583 1287 temporis
1597 1235 1693 1286 annos,
1758 1200 1765 1210 ’

177 1311 250 1364 Lace
264 1306 395 1362 flacheria
407 1305 435 1358 ιι
450 1312 521 1357 tomo
536 1301 551 1355 f
570 1299 714 1371 Spiciirpit',
730 1315 792 1371 pop.
805 1299 868 1354 ebt.

177 1400 233 1456 Sed
247 1406 276 1452 et
288 1395 490 1453 constitutionis
501 1391 665 1456 chartulam,
679 1406 760 1461 quarn
775 1389 834 1459 ipse
847 1388 886 1461 (id
900 1395 943 1444 est

141 1470 287 1526 hibericos
296 1468 437 1537 episcopus
449 1460 639 1584 Lingonensis]
651 1477 704 1515 una
717 1476 767 1529 per
778 1473 942 1516 consensum

142 1538 346 1608 metropolitani
368 1537 411 1590 sui
427 1536 566 1590 deuexum
583 1547 629 1586 arc
640 1530 780 1612 ricpiscopi
802 1538 830 1584 et
844 1530 942 1584 suffra·

140 1624 290 1682 ganeomm
305 1622 428 1671 suorum,
452 1619 556 1659 necnon
578 1611 606 1658 et
627 1600 693 1656 cleri
709 1600 761 1656 sibr
775 1599 902 1669 subjecti,
915 1604 943 1652 ct

142 1678 323 1751 ‹quommdam
338 1669 469 1731 laieorum
483 1672 613 1728 nobilium
626 1672 847 1736 confirmaverat,
863 1669 942 1724 nobis

141 1749 271 1812 ostendit,
295 1756 348 1802 etc.
362 1786 370 1800 .
384 1785 391 1800 .
405 1786 413 1800 .
438 1745 536 1800 hctum
550 1756 621 1796 anno
638 1742 673 1795 ab
687 1739 874 1796 incarnatione
888 1739 943 1794 bo·

143 1820 211 1874 rrrini
236 1816 460 1888 octingentesimo
485 1813 635 1885 trigesimo,
658 1811 808 1877 indictione
829 1809 856 1876 8,
878 1825 943 1881 epa·

143 1899 190 1945 cta
206 1888 249 1943 lb.

145 1981 188 2034 Er
212 1981 302 2034 ritorto
321 1977 435 2032 dibericr‘
493 1976 543 2030 'roo
562 1975 571 2029 i
592 1973 765 2045 Lingonerrair
786 1990 833 2044 pro
854 1971 944 2028 eodem

180 2049 350 2112 monaterio,
363 2048 434 2102 edito
453 2064 469 2099 o
503 2062 533 2100 eo
553 2062 593 2099 ern
608 2045 750 2108 Dachcric,
767 2057 828 2114 pag.
843 2043 905 2097 509.

1026 1286 1069 1341 Ad
1079 1303 1128 1344 ros
1141 1302 1239 1342 nomen
1251 1287 1292 1351 iit,
1308 1301 1325 1340 o
1338 1286 1420 1341 Pater
1439 1287 1519 1352 alme,
1536 1305 1636 1344 meum.

992 1358 1153 1414 Pervenisse
1163 1358 1230 1421 scio,
1245 1357 1354 1426 quando
1367 1357 1498 1426 rescripta
1512 1360 1611 1428 recepi,

1027 1427 1093 1495 Qum
1103 1428 1194 1500 magni
1207 1426 1286 1482 nobis
1298 1427 1385 1481 instar
1398 1427 1500 1481 amoris
1512 1438 1600 1483 erant.

993 1496 1023 1554 Si
1038 1498 1201 1553 meministis
1215 1498 1289 1553 enim
1302 1497 1365 1566 quia
1378 1512 1441 1551 narn
1458 1499 1614 1553 meminisse
1628 1503 1752 1570 potestis,

1028 1568 1148 1634 Gaudeo,
1167 1578 1195 1623 et
1207 1575 1238 1621 ut
1248 1582 1382 1622 memores
1396 1567 1456 1622 sitis
1470 1567 1570 1637 ubique
1584 1585 1659 1638 rogo.

993 1638 1052 1711 lpse
1066 1654 1143 1693 amor
1154 1639 1232 1693 ardet
1243 1637 1332 1692 adhue
1342 1637 1450 1702 animis,
1465 1637 1536 1705 riget
1548 1639 1606 1709 ipsa
1617 1642 1743 1697 voluntas

1029 1708 1139 1764 Visendi
1155 1716 1247 1770 temet,
1264 1716 1345 1776 atque
1365 1715 1412 1762 tuo
1422 1722 1469 1762 ore
1483 1708 1546 1762 l'rui.

994 1779 1152 1850 AEthiopum
1171 1778 1194 1834 si
1208 1794 1291 1849 regna
1306 1778 1398 1834 calens
1414 1775 1460 1848 [F.
1480 1777 1596 1851 colensl,
1615 1780 1638 1836 si
1658 1797 1721 1837 rura
1737 1779 1789 1837 Sa-

1695 1854 1751 1908 bara

1031 1919 1122 1989 Liquit
1136 1919 1240 1991 regina,
1258 1929 1288 1972 ut
1300 1916 1445 1972 Salomone
1459 1929 1553 1987 petat;
1681 1852 1691 1924 l

994 1988 1049 2044 Cur
1068 2005 1117 2044 nos
1131 2006 1183 2045 non
1196 1989 1296 2058 potius,
1311 1988 1409 2058 quibus
1422 1987 1505 2042 altera
1522 2004 1604 2060 regna
1618 2001 1757 2059 parantur,

1031 2060 1059 2113 ln
1076 2059 1133 2114 solo
1151 2060 1270 2114 aucturis
1281 2072 1389 2127 semper
1402 2072 1495 2113 amore
1506 2061 1621 2114 sumus?

181 2140 296 2208 ideoque
315 2153 363 2207 per
378 2136 520 2192 consilium
544 2134 742 2204 archiepiscopi
765 2133 851 2186 nostri
871 2132 943 2188 deo·
957 2112 980 2170 Β
996 2128 1073 2193 Νιιιι,
1087 2128 1185 2194 fateor,
1200 2130 1222 2184 si
1236 2137 1310 2184 certa
1323 2129 1390 2182 milri
1401 2143 1472 2183 nunc
1485 2131 1559 2199 optio
1572 2132 1651 2185 detur

144 2204 946 2275 aanor,etconsentientibuscoepiscopisnostris,neeaonet

144 2279 276 2349 piissimis
285 2279 387 2333 nostris
398 2275 576 2347 principibus,
592 2290 641 2330 scu
651 2275 725 2329 omni
738 2274 823 2334 clero,
840 2288 945 2326 rrrcnou

144 2359 173 2402 et
187 2349 313 2403 omnibus
328 2347 451 2400 fidelibus
465 2345 594 2400 Ecclesiae
614 2352 730 2409 nostre,
744 2343 897 2397 addidimus
911 2343 945 2397 de

144 2419 304 2488 episcopatu
320 2426 414 2470 nostro
424 2414 501 2468 villas
512 2415 555 2467 his
568 2414 732 2476 nominibus,
745 2420 834 2466 ιιι....
852 2411 944 2482 lrrfrc:

145 2489 248 2543 Actum
259 2485 388 2557 hingonis
401 2485 513 2538 civitate
528 2482 646 2552 publica.
671 2480 701 2535 ln
721 2480 822 2536 Christi
836 2482 946 2538 nomine

146 2558 309 2613 Aooaanrus
345 2552 533 2626 Lugdunensis
567 2549 696 2608 Ecclesiae
726 2551 946 2621 archiepiscopus

147 2627 311 2694 subscripsi.

149 2715 195 2771 Er.
209 2724 337 2787 precepto
349 2713 475 2768 Ludooici
488 2709 533 2766 Pb·
546 2713 713 2783 imperatoria
728 2729 775 2783 pro
787 2711 946 2766 monasterio

184 2786 340 2850 Λιιιιιιιιὲ,
362 2782 432 2854 qaod
454 2783 591 2838 abeodem
610 2781 740 2836 liariterio
754 2781 854 2836 editum
866 2791 904 2836 ert
917 2781 945 2836 in

186 2857 255 2910 actia
277 2855 313 2909 ad
335 2850 487 2908 Gaiiertrtm
500 2852 622 2906 abbatem
641 2853 675 2908 B.
699 2851 795 2907 llnrioe
812 2850 845 2905 dc
865 2850 947 2905 Nori·

185 2935 273 2996 gente,
288 2942 349 2996 pag.
363 2924 427 2979 625.

183 3017 311 3072 Proxime
335 3016 436 3071 accidit
460 3014 626 3071 Aponianam
650 3013 886 3084 arehiepiscopum
911 3013 946 3068 ad

148 3097 270 3142 nostram
284 3086 426 3142 devenisse
442 3086 628 3155 presentiam,
652 3084 775 3140 indicans
787 3083 865 3139 nobis
878 3098 947 3153 quo·

149 3157 230 3212 modo
247 3172 279 3211 eo
300 3165 435 3225 praesente
455 3164 482 3210 et
501 3155 625 3210 Nibridio
646 3154 863 3225 archiepiscopo,
886 3156 947 3211 sine

150 3243 227 3281 mora
240 3241 335 3280 omues
348 3226 407 3296 pari
421 3241 554 3281 consensu
568 3224 778 3281 'fructesindum
801 3239 885 3296 super
896 3238 946 3282 ros

148 3297 300 3368 elegissetis
313 3296 449 3350 abbatem.

153 3385 234 3441 Vetas
254 3395 347 3440 auctor
364 3385 431 3441 Vite
448 3383 631 3511 Ln‘im‘g'qgfi
650 3385 828 3456 imperatoris,
850 3385 885 3439 ad
897 3400 946 3442 ert-

475 3472 538 3510 nam
605 3495 613 3510 .

185 3547 328 3619 'l‘ransegit
348 3562 414 3618 ergo
435 3547 584 3618 imperator
606 3548 753 3602 maximam
773 3556 879 3618 partem
900 3548 945 3603 bi-

149 3620 229 3673 bcrni
242 3620 371 3688 temporis
385 3618 559 3688 dquisgrani,
577 3617 693 3687 indeque
705 3617 844 3688 profectus
858 3618 946 3674 estad

149 3688 395 3744 Theodouisrillam
419 3697 482 3742 ante
497 3687 618 3743 Natalem
641 3689 768 3755 Domini;
795 3689 841 3744 ubi
861 3689 945 3743 etiam

149 3758 275 3828 populus,
294 3761 339 3814 cni
352 3765 516 3828 praeceptum
529 3757 628 3822 fuerat,
648 3758 765 3813 adrenit.
786 3759 838 3814 Ubi
853 3758 945 3814 eonsi-

149 3837 235 3892 stens,
260 3835 354 3884 eontra
378 3829 508 3898 quosdam
527 3827 669 3897 episcopos
691 3829 725 3882 de
738 3829 779 3883 sui
795 3828 946 3897 dejectione

148 3900 377 3968 conquerebatur.
402 3897 456 3953 Sed
475 3912 537 3952 cum
557 3897 667 3967 quidam
687 3898 715 3951 in
733 3898 838 3952 ltaliam
852 3895 946 3953 confu-

148 3970 261 4037 gissent,
278 3970 386 4037 quidam
398 3967 486 4023 vocati
501 3967 612 4022 obedire
623 3967 783 4032 noluissent,
802 3967 876 4021 solus
888 3967 947 4022 Ebo

148 4053 245 4092 eorum
264 4038 310 4107 qui
332 4038 531 4108 impetebantur
551 4036 645 4091 adfuit.
673 4036 724 4103 Qui
748 4052 810 4091 cum
834 4036 947 4092 rationis

151 4109 295 4164 reddendae
309 4124 391 4163 causa
405 4123 486 4178 super
499 4106 599 4162 talibus
614 4114 765 4177 urgeretur,
782 4108 947 4162 causabatur

150 4193 180 4232 se
192 4177 280 4232 solum
296 4178 397 4234 relictis
410 4177 545 4242 omnibus,
559 4177 586 4230 in
600 4192 714 4247 quorum
729 4178 873 4246 praeseutia
888 4178 947 4233 haec

151 4247 222 4302 facta
238 4248 357 4314 fueraut,
381 4249 481 4321 urgeri.
500 4246 535 4300 At
548 4262 611 4301 rcro
623 4248 714 4302 caetori
727 4247 858 4317 episcopi,
882 4262 945 4302 curn

150 4318 329 4372 obtenderent
353 4317 543 4373 necessitatem
567 4318 739 4385 praesentiae,
782 4324 946 4373 excusarent

150 4396 242 4441 autem
264 4388 429 4443 voluntatem
452 4388 631 4452 innocentiae,
660 4387 731 4443 idem
755 4388 813 4443 Ebc
836 4387 946 4442 tandem

150 4457 264 4512 moleste
285 4456 373 4513 ferens
388 4458 486 4512 talibus
498 4457 649 4522 extaediari,
666 4458 780 4512 consilio
796 4458 880 4527 petito
894 4456 945 4511 ali-

150 4543 266 4596 quorum
278 4543 294 4581 e
304 4528 475 4597 riscoporurn,
489 4528 585 4598 ipsein
599 4542 628 4581 se
640 4527 785 4596 quamdam
799 4527 946 4582 confessio-

149 4613 212 4651 nern
232 4544 409 4668 praedicarim
426 4597 649 4666 confirmavitque
663 4605 731 4652 sect
747 4598 885 4681 indignum
900 4612 946 4652 sa-

149 4667 292 4732 cerdotio;
316 4676 344 4721 et
366 4668 581 4722 irrevocabiliter
596 4683 628 4721 ιι
651 4668 788 4722 abstinere
802 4667 944 4739 judicarit,

1031 2199 1180 2269 Utcapiam
1200 2200 1293 2254 mundi
1312 2200 1381 2253 dona
1400 2199 1441 2252 vel
1463 2200 1583 2268 ingenim

994 2269 1055 2325 Otia
1070 2270 1181 2324 liberius
1196 2285 1291 2324 rerum
1310 2285 1406 2324 secura
1421 2268 1523 2324 sciendi

1030 2339 1119 2394 drrrca
1134 2355 1214 2408 quam
1226 2340 1314 2402 saecla,
1330 2340 1377 2394 scd
1395 2340 1524 2410 peritura,
1539 2357 1647 2411 sequar.

994 2409 1030 2462 At
1045 2409 1078 2464 dc
1092 2409 1158 2465 dore
1172 2425 1250 2472 noro,
1268 2409 1313 2479 qui
1329 2425 1377 2464 ros
1407 2424 1472 2464 erres
1489 2418 1564 2466 ortus
1576 2414 1687 2468 odorem

1030 2479 1122 2534 Prodit
1134 2481 1234 2548 ubique
1251 2480 1303 2544 sui,
1318 2479 1377 2534 ιιι
1387 2425 1445 2534 foca
1458 2495 1552 2535 rumor
1564 2483 1621 2536 alit.

996 2548 1075 2603 Flora
1090 2549 1162 2605 reuit
1176 2550 1322 2619 quondam,
1338 2550 1401 2604 dum
1416 2549 1520 2620 singula
1536 2567 1649 2622 qumque
1663 2554 1775 2610 deornm

1031 2617 1101 2672 Sunt
1115 2618 1196 2673 affata
1207 2618 1280 2689 jugis
1291 2627 1369 2688 prata
1384 2619 1560 2689 thymumque
1573 2637 1680 2690 gerens.

996 2687 1064 2744 lluio
1083 2688 1163 2744 Floro
1176 2690 1273 2745 melius
1287 2689 1420 2743 sententia
1435 2687 1657 2747 Christicolarum

1031 2758 1164 2814 Attribuit
1177 2761 1240 2829 quid
1261 2760 1307 2814 uid
1319 2760 1444 2830 dogmate
1458 2769 1485 2814 ct
1497 2775 1544 2815 orc
1562 2763 1642 2818 riret.

996 2827 1063 2883 lVam
1077 2829 1120 2885 hic
1134 2775 1339 2885 trecasinam
1354 2828 1477 2899 sequitur
1488 2831 1522 2885 de
1534 2833 1654 2954 formino
1669 2834 1756 2903 lesse,

1032 2899 1065 2953 Et
1079 2900 1162 2955 tradit
1177 2900 1248 2970 quod
1259 2914 1354 2953 ainans
1371 2899 1461 2952 attulit
1476 2900 1518 2954 ille
1544 2904 1647 2957 nomini.

996 2969 1062 3037 Qum
1075 2978 1130 3024 tam
1148 2971 1239 3042 segnis
1249 2971 1311 3033 erit,
1324 2969 1402 3024 donis
1417 2970 1523 3039 ingrata
1536 2978 1669 3042 supernis,

1033 3040 1099 3108 Ωιι
1111 3056 1141 3096 se
1155 3042 1206 3096 boc
1217 3056 1271 3095 non
1285 3049 1380 3110 sponte
1394 3050 1504 3096 nectare
1516 3053 1610 3111 pascat
1622 3048 1708 3114 apes?

996 3109 1107 3167 Floreat
1119 3112 1191 3166 hand
1203 3109 1321 3165 flaccens
1335 3110 1380 3165 hie
1398 3108 1461 3174 dos,
1478 3119 1505 3165 et
1518 3111 1601 3168 florea
1612 3113 1730 3188 flagrans

1033 3179 1204 3252 spiramenta
1219 3180 1289 3235 ferat
1300 3194 1408 3250 semper
1419 3181 1519 3251 ubique
1533 3182 1598 3250 lico,

997 3251 1088 3306 lionec
1099 3252 1126 3306 in
1138 3250 1280 3310 astriferas
1293 3262 1417 3319 porrecta
1430 3253 1570 3307 cacumina
1585 3256 1665 3312 sedes

1032 3321 1135 3394 Erigat,
1155 3332 1182 3376 et
1195 3321 1314 3378 fructum
1324 3318 1382 3388 jam
1396 3321 1455 3376 sine
1468 3320 1521 3376 fme
1534 3324 1642 3380 habeat.

998 3388 1100 3447 Cedant
1118 3392 1272 3457 arnhrosire,
1288 3406 1361 3456 rosa,
1378 3392 1442 3456 lilia,
1459 3394 1541 3462 spica,
1556 3408 1718 3467 crocusque,

956 3469 981 3531 c
1034 3459 1131 3517 Suaria
1146 3474 1242 3519 cuncta
1261 3460 1350 3517 simul.
1367 3460 1452 3534 Hujus
1465 3477 1541 3516 amor
1553 3462 1667 3534 placeat.

997 3531 1055 3586 lloe
1066 3532 1151 3599 fruar,
1167 3534 1219 3589 boc
1229 3543 1300 3597 utar,
1314 3532 1416 3599 fovear,
1433 3533 1561 3601 delecter,
1576 3535 1710 3593 abundem
1723 3553 1731 3605 ;

1031 3600 1131 3658 Auditu
1146 3614 1173 3659 ct
1185 3605 1245 3659 risu
1260 3603 1340 3673 hujus
1355 3603 1547 3670 alar,.doccnr.

995 3671 1045 3726 Det
1056 3675 1218 3744 quandoque
1230 3674 1300 3730 Deus
1314 3688 1364 3728 nos
1377 3682 1470 3728 mutua
1489 3675 1559 3729 dona
1573 3675 1694 3732 vicissim

1031 3741 1176 3813 impertiri.
1194 3743 1303 3814 Aliquid
1317 3759 1380 3813 pars
1393 3744 1537 3812 utriusque
1549 3754 1642 3800 metet.

996 3811 1107 3867 llunere
1126 3814 1217 3869 dirino
1229 3829 1356 3883 precoro
1375 3814 1434 3868 sine
1447 3815 1499 3868 fine
1514 3815 1611 3880 valete,

1032 3882 1168 3938 llittcntcs
1179 3891 1280 3938 restrae
1292 3880 1380 3938 dulcia
1396 3883 1497 3951 scripta
1509 3882 1587 3938 ricis.

1085 3995 1142 4051 Ado
1161 3995 1315 4050 Viennensis
1335 3996 1363 4049 in
1377 3992 1518 4060 Chronico,
1537 3996 1572 4049 nd
1584 4014 1628 4050 an.
1643 3997 1705 4053 810.

1031 4110 1185 4167 Bernardus
1199 4108 1361 4165 Viennensis
1383 4109 1527 4179 episcopus
1541 4120 1610 4174 erat,
1634 4121 1662 4167 et
1681 4113 1795 4171 Leidra-

996 4183 1046 4238 dus
1059 4180 1258 4253 Lugdunensis,
1282 4180 1328 4251 qui
1349 4179 1429 4237 initio
1442 4181 1547 4302 imperii
1563 4181 1693 4238 Ludorici
1706 4187 1794 4256 impe-

997 4253 1096 4307 raturis
1122 4251 1275 4306 Suessionis
1298 4250 1456 4305 monasterii
1489 4266 1568 4306 ocum
1590 4252 1685 4321 petiit;
1714 4264 1742 4309 ct
1766 4256 1796 4312 in

997 4322 1056 4378 loco
1069 4319 1128 4389 ejus
1142 4320 1303 4378 deonanuus
1317 4320 1438 4390 ejusdem
1461 4321 1589 4376 Ecclesiae
1606 4325 1794 4395 coepiscopus,

996 4392 1185 4448 consentiente
1208 4391 1372 4460 imperatore
1391 4399 1419 4444 et
1434 4391 1559 4445 mrirersa
1583 4391 1723 4449 Gallorum
1738 4396 1795 4466 epi·

997 4475 1141 4530 scoparum
1164 4461 1277 4531 synodo,
1297 4462 1441 4529 episcopus
1458 4461 1620 4515 substitutus
1638 4471 1690 4517 cst.
1717 4465 1796 4531 Quod

997 4532 1106 4602 quidam
1119 4528 1264 4585 defendere
1284 4530 1414 4594 roleutes,
1435 4529 1563 4585 dixerunt
1577 4533 1701 4588 eumdem
1714 4550 1797 4591 rene-

997 4601 1112 4656 rabilem
1126 4599 1299 4683 sigobardum
1321 4616 1335 4653 ι
1357 4601 1443 4655 tribus
1455 4600 1589 4670 episcopis
1605 4603 1631 4657 in
1646 4605 1710 4658 sede
1724 4604 1796 4678 Lug-

998 4672 1131 4736 dunensi,
1153 4671 1264 4742 jubente
1278 4671 1427 4734 Leidrado,
1445 4670 1527 4726 luisse
1549 4673 1713 4727 ordinatum.
1740 4673 1796 4732 Sel

169 4737 222 4792 uod
239 4744 266 4790 et
279 4738 413 4806 episcopis
424 4746 452 4791 et
467 4752 515 4806 per
530 4752 577 4791 cos
596 4737 752 4805 imperatori
769 4737 944 4793 contradidit.
999 4743 1129 4800 canonica
1143 4741 1292 4796 auctoritas
1306 4752 1348 4796 cst
1361 4741 1388 4794 in
1408 4757 1461 4795 uua
1481 4742 1589 4797 civitate
1606 4743 1673 4798 duos
1687 4745 1794 4815 cpisco-

148 4752 210 4873 διο
222 4803 305 4872 facto,
327 4806 487 4863 Auorxnuus
509 4807 696 4876 Lugdunensis
712 4808 944 4878 archiepiscopus,
957 4813 984 4872 D
997 4829 1047 4884 pos
1059 4828 1112 4868 nou
1125 4827 1195 4876 csse,
1216 4827 1265 4866 nee
1281 4813 1387 4866 rixente
1400 4811 1526 4881 episcopo
1537 4829 1721 4869 successorem
1743 4815 1795 4871 sibi

148 4877 198 4945 qui
210 4886 339 4932 evocatus
357 4878 390 4931 ad
403 4876 616 4932 satisfactionem
637 4877 730 4931 renire
746 4879 861 4943 distulit,
882 4893 952 4933 cum¹

149 4955 427 5012 teressetcrocatus,
452 4948 486 5001 ab
505 4946 634 5001 Ecclesim
658 4947 802 5017 praesulatu
826 4958 947 5006 semotus

148 5017 332 5082 retentetis,
347 5025 377 5071 ιιι
391 5016 521 5082 diximus,
536 5017 563 5070 in
583 5015 686 5071 ltaliam
700 5016 873 5088 fugientibus.

336 5107 410 5162 ldenr
425 5119 518 5163 auctor
532 5108 567 5162 ad
581 5125 680 5164 eurtum
698 5110 761 5165 856.

186 5203 343 5260 Proximum
366 5205 430 5261 huie
446 5205 544 5274 placito
567 5213 728 5260 conventum
753 5206 945 5288 imperatorin

149 5290 220 5345 pago
233 5276 404 5400 Lugdunensi
420 5276 516 5330 babuit
528 5285 649 5345 tempore
660 5276 770 5340 restire,
786 5292 813 5329 m
827 5278 886 5334 loco
899 5280 946 5349 qni

149 5354 263 5400 vocatur
285 5347 455 5412 ‘tr-anriacus,
470 5361 531 5400 cum
545 5346 658 5416 Pippino
674 5353 701 5399 ιι
721 5344 857 5403 Ludorico
872 5348 944 5405 fdiis.

149 5414 219 5469 llam
236 5418 308 5486 quod
327 5416 469 5471 Lotharius
484 5432 537 5471 non
557 5417 651 5482 adluit,
677 5417 824 5471 invalentia
837 5420 947 5490 aegritu·

149 5484 223 5541 dinis
235 5487 398 5556 supradicte
414 5485 510 5542 obfuit.
530 5487 560 5541 ln
572 5502 626 5557 quo
641 5501 750 5541 eausam
763 5486 945 5544 Ecclesiarum

148 5554 340 5636 Lugdunensis
360 5565 442 5627 atque
465 5556 626 5612 Viennensis
644 5557 798 5612 vacantium
821 5559 946 5616 ventilari

148 5622 234 5683 feeit:
257 5641 291 5681 eo
311 5628 382 5697 quod
396 5629 515 5697 episcopi
535 5628 635 5681 dudmn
650 5627 766 5688 illarum,
788 5627 948 5685 doonxxnus

148 5695 260 5765 quidem
272 5697 365 5769 jussus
376 5698 409 5754 ad
430 5698 562 5753 rationem
576 5710 630 5754 bon
644 5699 749 5754 reuerit
770 5698 945 5769 reddendam,

998 4882 1097 4938 debere
1108 4882 1227 4954 eligere;
1246 4896 1279 4936 ac
1298 4882 1398 4938 ideireo
1411 4881 1465 4936 ulla
1482 4897 1643 4953 quacunque
1655 4901 1737 4940 causa
1752 4900 1796 4940 re-

1035 4953 1067 5008 lm
1078 4953 1207 5009 Ecclesiae
1220 4952 1351 5022 praeteriri
1367 4953 1395 5007 in
1410 4959 1486 5008 tanto
1498 4955 1593 5009 ordine
1609 4954 1669 5009 fixae
1682 4971 1736 5010 nou
1748 4957 1795 5011 de-

1018 5033 1074 5078 em'
1209 5091 1285 5146 Idem
1301 5101 1394 5146 auctor
1406 5091 1441 5147 ad
1460 5111 1505 5147 err.
1521 5093 1583 5148 etti.

1035 5186 1188 5241 Bernardus
1207 5184 1296 5238 adbuc
1315 5192 1342 5239 ct
1364 5184 1524 5239 hooaxauus
1547 5183 1641 5238 Vicum
1653 5201 1728 5241 asem
1743 5188 1794 5243 Ee·

999 5258 1109 5312 clesiam
1132 5255 1271 5337 regebant.
1297 5254 1347 5321 Qui
1363 5256 1442 5308 ambo
1456 5256 1526 5323 apud
1542 5256 1731 5325 imperatorem
1745 5259 1794 5315 de-

1000 5328 1057 5390 lati,
1073 5327 1187 5380 desertis
1201 5324 1329 5379 Ecclesiis
1345 5326 1372 5378 in
1396 5324 1499 5377 ltaliam
1520 5326 1553 5378 ad
1575 5326 1659 5381 filium
1674 5328 1794 5397 impera·-

1000 5399 1066 5452 toris
1077 5396 1236 5451 Lotlrarinm
1250 5408 1280 5448 se
1293 5394 1483 5460 contulerunt;
1506 5405 1533 5450 ιι
1547 5398 1727 5466 postmodum,
1741 5401 1795 5468 piis

1000 5467 1206 5536 imperatoribus
1223 5466 1374 5535 agentibus,
1398 5464 1555 5535 hgcbardus
1574 5467 1793 5538 Lugdunensem,

1000 5537 1153 5592 Bernardus
1165 5536 1344 5590 Viennensem
1361 5536 1452 5589 sedem
1466 5538 1571 5619 recipit.
1587 5539 1651 5593 Post
1664 5539 1794 5607 pauculos

1001 5622 1086 5662 annos
1101 5606 1259 5676 dgobardus
1273 5604 1344 5674 apud
1358 5604 1508 5663 Sanctonns
1521 5624 1549 5663 m
1565 5609 1736 5678 expeditione
1751 5625 1793 5664 re-

1002 5679 1047 5748 gia
1056 5678 1160 5748 positus
1175 5675 1340 5747 defungitur.
