3832 6120
145 233 194 288 ιιι
304 299 306 303 ‚
629 228 658 282 s.
678 223 853 282 tooutnot
871 219 1026 276 rrrscort
1045 216 1286 275 cocornensis
1719 184 1772 271 ιιι

142 341 309 413 'dominatu
321 345 478 401 nominetua
491 343 623 399 damonia
633 341 771 411 eiecimus,
788 348 812 391 et
827 338 935 390 uirtutes
950 341 973 398 Α
987 333 1050 388 licto
1065 332 1209 402 discipulo,
1222 341 1250 386 et
1270 344 1282 371 ⁸
1301 345 1366 386 reto
1385 329 1526 400 proditori,
1543 341 1666 398 nurgnam
1686 328 1773 384 virtu·

145 436 243 491 multat
264 435 565 505 reclamaremus.
590 431 654 484 'lale
676 428 779 498 aliquid
799 427 880 481 ctiam
906 426 932 478 in
986 431 1043 475 tuor
1063 423 1178 492 gratiam
1201 420 1324 485 contulit,
1341 420 1410 474 sicut
1425 417 1598 489 Evangeliant
1616 425 1718 481 narrat,
1733 419 1773 474 di·

145 527 216 582 libro
228 524 351 581 lodicum
365 523 464 593 legitur
478 522 510 575 de
524 521 622 585 biieba,
631 521 678 589 qui
692 518 787 574 habuit
798 516 933 585 sculptile,
985 525 1070 565 cens:
1088 508 1241 563 Convocatis
1255 509 1333 562 lesus
1351 507 1488 562 duodecim
1501 506 1635 576 discipulis
1648 508 1714 573 suia,
1726 508 1772 562 de-

146 627 228 687 atque
254 614 406 677 conflatile,
427 621 456 667 et
474 613 615 667 aediculam
638 617 802 679 separatam,
822 617 850 661 et
871 606 935 661 lecit
984 601 1023 654 dit
1036 600 1089 654 iliis
1101 608 1254 670 potestatem
1269 599 1463 652 immundorum
1478 599 1635 664 spirituum,
1648 607 1675 651 ut
1694 599 1773 667 ejice·
1875 590 1880 600 ⁴

145 709 233 780 ephod
251 723 283 762 ac
297 692 437 776 teraphin,
451 715 479 760 et
503 705 605 772 recepit
626 702 824 758 adolescentem
839 715 935 768 qoem·
985 701 1043 744 rent
1063 707 1117 753 ιιι,
1134 701 1157 744 ct
1174 699 1297 742 curarent
1321 705 1423 743 omnem
1445 688 1607 758 languorem,
1629 699 1653 743 et
1672 705 1774 743 omnem

147 803 208 856 darn
224 798 334 853 Levitiei
349 797 465 868 generis,
480 803 509 850 ot
528 803 600 850 esset
620 795 645 849 ei
658 792 936 861 sacerdos;qaicom
985 780 1173 849 ltfimllm·
1188 778 1397 835 Ubleiffiffl
1413 797 1420 832 ²
1435 779 1578 833 Midili
1598 789 1687 833 ΜΕΝ
1710 797 1776 849 “t'‘l·

146 901 219 948 esset
238 891 330 960 ntique
347 897 442 944 contra
461 885 501 942 las
514 885 678 956 sculptilium
697 882 936 945 emendacionem
985 871 1111 926 stolorum
1124 873 1229 926 nomino
1248 882 1309 928 suat
1321 873 1387 927 itae.
1403 871 1632 943 PrintusSt'ttton,
1647 873 1692 944 qrri
1706 874 1777 927 etei-

147 999 198 1055 pm
212 983 274 1037 qm„
288 981 345 1038 Dan
359 979 495 1035 consuluit
506 964 698 1040 mmsgg
716 973 855 1043 responqg
873 987 936 1042 pm.
987 972 1030 1015 tur
1041 961 1146 1028 Petrus,
1160 974 1184 1017 ct
1209 963 1329 1018 drrdreas
1352 964 1438 1033 frater
1459 964 1534 1035 ejas5
1558 967 1777 1037 enumeratisque

147 1086 227 1142 ,pm
241 1087 303 1141 qm,
314 1078 428 1124 ,emm
440 1076 529 1122 mm,
986 1054 1128 1118 omnibus,
1140 1064 1293 1124 postremus
1305 1057 1414 1125 ponitur
1428 1056 1514 1111 iudas
1526 1055 1675 1119 Scariotes,
1688 1059 1735 1129 qui
1749 1066 1777 1114 et

184 1160 228 1216 ιι.
239 1161 358 1216 Pertinet
370 1172 477 1228 qnoque
491 1156 525 1211 ad
543 1155 614 1210 hanc
625 1153 756 1208 rationem
775 1149 937 1205 corrdrman-
988 1145 1098 1199 tradidit
1116 1162 1188 1200 eum.
1210 1146 1311 1200 Deinde
1325 1147 1447 1215 sequitur
1461 1165 1468 1200 ε
1487 1146 1541 1201 llos
1554 1148 1691 1202 duodecim
1705 1149 1776 1204 ntisit

148 1253 221 1318 dam,
233 1267 287 1322 qua
301 1251 415 1307 dicimus
427 1245 606 1303 sacerdotalia
616 1243 744 1313 obsequia
757 1255 807 1312 pro
827 1239 938 1310 populo·
986 1235 1124 1292 lesusilt
1143 1246 1203 1308 post
1223 1236 1382 1308 paululum:
1402 1238 1501 1293 Euntes
1526 1249 1614 1294 nutem
1637 1242 1778 1311 predicate

149 1357 209 1396 rum
221 1341 326 1396 meritis
339 1338 506 1407 dispensari,
520 1335 593 1407 quod
607 1332 742 1389 Ezechieli
762 1339 856 1386 saneto
878 1345 938 1398 pro·
987 1327 1113 1393 dicentes,
1124 1329 1186 1399 quio
1197 1328 1412 1399 appropinquarit
1428 1344 1536 1398 regnunt
1547 1328 1681 1384 emiorum.
1693 1328 1777 1400 latir-

122 1449 126 1458 ·
148 1430 238 1501 phem
247 1430 376 1484 Dominus
386 1427 505 1496 loquitur
517 1443 523 1480 :
537 1424 667 1494 Linguam
678 1431 750 1476 tuam
762 1421 939 1475 odioeresccre
987 1433 1044 1472 mos
1058 1427 1160 1483 curate,
1171 1427 1289 1472 ntortuos
1298 1418 1433 1482 suscitate,
1445 1418 1559 1488 leprosos
1573 1419 1709 1487 mundate,
1720 1421 1776 1475 dac·

150 1518 345 1590 {adampnlato
359 1517 512 1579 tracteris
526 1522 623 1578 scrutur,
639 1529 685 1567 trec
702 1511 777 1582 quasi
790 1511 831 1564 eir
846 1510 937 1579 objur-
988 1523 1076 1563 mones
1098 1509 1195 1578 ejicite.
1214 1507 1263 1563 Cui
1286 1509 1325 1564 rei
1343 1507 1480 1594 subiungit
1499 1508 1568 1564 alius
1591 1511 1775 1582 euangelista:

149 1608 298 1680 gemmata
309 1606 403 1659 tlemus
419 1620 577 1675 canaperonr
591 1612 639 1658 est.
663 1601 684 1656 E
699 1601 835 1656 contrario
847 1608 937 1655 autem
988 1597 1023 1652 Et
1036 1607 1159 1652 eaeunter
1176 1597 1357 1667 predicabant
1377 1607 1406 1651 ut
1429 1598 1606 1668 penitentiam
1624 1611 1739 1670 agerent,
1754 1614 1778 1657 et

150 1696 183 1751 de
196 1694 404 1764 Caiphadicitur
420 1713 426 1747 :
447 1692 504 1747 lloe
515 1702 602 1746 antem
612 1710 628 1745 a
638 1692 775 1760 aenutipso
787 1706 839 1743 non
859 1690 936 1744 dicit.
952 1686 975 1745 B
989 1687 1120 1743 damonia
1134 1687 1217 1743 multa
1240 1687 1395 1757 ejiciebant,
1407 1696 1431 1742 et
1446 1687 1576 1758 ungebant
1602 1689 1658 1744 oleo
1683 1691 1778 1745 multos

151 1784 203 1840 set
217 1803 276 1840 curu
291 1793 356 1839 emet
371 1783 489 1854 pontifex
503 1782 568 1836 artui
587 1780 670 1846 illius,
691 1780 853 1851 prophetarit
876 1779 939 1850 quia
989 1778 1339 1850 animumanimum
1363 1778 1473 1846 talibus,
1494 1780 1572 1836 bonis
1594 1781 1720 1838 vilelicet
1744 1801 1778 1841 ae

151 1874 229 1933 ιιιιιι
242 1875 384 1930 ιιιοιιιιιιιιι
398 1884 454 1928 erat
475 1890 522 1943 pro
534 1881 618 1944 pente.
631 1870 685 1925 Sed
698 1884 748 1925 cur
764 1869 822 1924 lrmc
837 1869 864 1923 in
879 1869 940 1924 aliis
991 1867 1068 1923 malis
1081 1868 1317 1939 praedicatoribus,
1329 1869 1443 1939 loquens
1457 1871 1612 1941 Apostolus,
1625 1874 1663 1928 ait
1682 1892 1689 1927 ε
1708 1874 1779 1940 Quid

153 1981 323 2036 martiam,
337 1981 399 2021 cum
416 1966 498 2020 etiam
519 1964 554 2019 de
575 1965 633 2034 ipso
647 1962 761 2017 ιιοιιιιιιο
776 1959 940 2031 euangelista
989 1958 1080 2013 enimi
1102 1958 1165 2013 dum
1182 1960 1330 2014 omnimodo
1351 1962 1404 2015 tire
1424 1978 1471 2032 per
1482 1946 1723 2028 occasionemtire'
1733 1983 1780 2035 per

151 2056 225 2111 dicat
240 2073 247 2109 ι
263 2056 296 2110 ut
315 2071 366 2108 nou
384 2062 484 2124 peteret
499 2054 535 2107 iii
549 2055 666 2108 uirtutem
681 2051 763 2106 ullam
778 2052 874 2121 iacere,
890 2051 941 2104 uisi
990 2050 1124 2104 acritatem
1139 2049 1259 2105 Christus
1273 2053 1454 2116 uncturttictur,
1468 2063 1491 2106 et
1503 2055 1530 2106 iu
1544 2055 1592 2108 ιιι
1603 2056 1720 2125 gaudeo,
1734 2060 1780 2112 ted

151 2163 249 2217 paucos
261 2146 378 2215 ittiirmos
388 2147 517 2217 impositis
530 2145 650 2198 manibus
662 2144 773 2209 curauit,
786 2152 811 2198 et
825 2143 941 2196 animia·
991 2149 1015 2193 et
1029 2140 1157 2210 gaudebo.

152 2249 198 2292 tur
213 2247 318 2308 propter
331 2235 540 2295 increduiitatem
562 2251 661 2291 catatu.
685 2233 772 2301 Quam
795 2248 852 2291 rem
873 2232 942 2290 alios
1030 2230 1060 2287 ι.
1073 2228 1212 2302 Colligitur
1226 2230 1317 2302 itaque
1335 2248 1368 2288 ex
1384 2233 1521 2303 predictis
1534 2236 1632 2302 rebus,
1645 2238 1716 2308 qood
1731 2255 1782 2294 occ

152 2328 317 2398 evangelista
329 2330 449 2398 apertius
464 2328 591 2397 loquitor,
606 2327 699 2381 dicens
719 2345 725 2379 :
747 2325 781 2379 lit
803 2341 856 2379 nou
882 2324 942 2394 iecit
993 2322 1158 2384 sacerdotes,
1171 2337 1232 2377 cum
1252 2324 1442 2390 exaudiuntur,
1458 2333 1505 2380 aut
1526 2326 1697 2397 praedicando
1719 2344 1781 2397 pro-

153 2419 190 2473 idi
204 2420 311 2474 uirtutes
325 2418 422 2472 multas
436 2427 541 2488 prepter·
556 2416 766 2471 incredulitatem
790 2431 891 2469 eorum.
910 2414 944 2468 Et
992 2412 1182 2476 canimenos
1197 2411 1253 2467 suis
1276 2412 1376 2467 debent
1399 2414 1528 2480 tribuere,
1543 2417 1590 2470 sed
1616 2432 1711 2471 eorum
1732 2432 1781 2487 pro

153 2505 181 2559 in
200 2505 259 2559 istis
279 2503 386 2572 quidem
401 2501 598 2558 incredulitatis
612 2502 738 2555 arreritom
760 2500 822 2565 luit,
840 2509 871 2553 ut
893 2514 943 2554 nec
993 2500 1091 2571 quibus
1104 2501 1271 2570 baecaguot;
1296 2501 1311 2541 ι
1331 2516 1382 2557 nee
1401 2504 1516 2573 populas
1535 2503 1684 2561 sacerdotis
1697 2507 1782 2575 cnlpae

156 2595 247 2655 irruite
261 2585 331 2664 apud
343 2608 389 2648 eos
400 2593 516 2647 virtutes
533 2592 645 2656 tierent;
673 2598 701 2646 et
723 2592 773 2660 ipsi
798 2591 876 2661 pauci
897 2591 943 2660 qui
992 2592 1132 2662 deputare,
1145 2592 1193 2647 sed
1214 2607 1279 2657 suae,
1292 2607 1354 2647 cnm
1375 2596 1502 2649 sacerdos
1516 2610 1567 2650 nee
1580 2596 1683 2652 orando
1696 2596 1780 2666 proti·

155 2687 242 2741 sanati
265 2693 337 2751 sunt,
353 2700 406 2740 non
425 2684 482 2739 sola
507 2685 582 2739 rerbi
607 2684 737 2754 potentia,
752 2683 799 2738 sed
814 2696 942 2737 tnanunrn
993 2681 1040 2745 cit,
1055 2696 1105 2735 nec.
1118 2680 1266 2749 loquendo;
1290 2680 1354 2736 licet
1367 2680 1443 2737 ratio
1462 2684 1602 2753 contingat
1614 2685 1782 2750 modo,sicat

155 2775 326 2845 impositione
351 2783 522 2832 elluarentur.
552 2773 733 2845 Paralyticum
759 2788 825 2828 reru
850 2780 944 2828 eentu-
993 2770 1089 2826 beatus
1099 2785 1166 2840 papa
1179 2769 1325 2841 Gregorius
1338 2769 1461 2835 allinunt,
1475 2773 1568 2828 dicens
1582 2773 1695 2846 (licinii.
1709 2773 1740 2829 l'l
1754 2777 1782 2829 iu

156 2865 240 2921 tionis
264 2879 389 2933 puerum,
410 2873 439 2919 et
459 2862 582 2919 mulieris
600 2862 760 2918 Cbanansete
774 2861 944 2934 liliumque
994 2858 1129 2930 Enormi:
1147 2878 1157 2910 ι
1176 2859 1254 2929 Saepe
1271 2861 1343 2916 enim
1358 2876 1409 2932 pro
1426 2877 1473 2918 sua
1494 2863 1613 2932 nequitia
1634 2865 1784 2935 praedican-

155 2955 226 3009 anule
236 2970 251 3008 a
261 2955 392 3009 tamenta
406 2955 571 3019 vexabatur,
585 2953 643 3009 solo
663 2954 746 3008 uerbo
769 2953 888 3007 restitnit
906 2955 944 3007 in-
995 2948 1063 3003 ιιιιιιι
1078 2949 1169 3020 lingua
1184 2950 1371 3021 restringitor;
1387 2965 1458 3021 saepe
1472 2965 1535 3007 vero
1550 2967 1584 3007 en
1603 2952 1782 3021 salicetoroor

155 3043 315 3099 calamitati.
332 3044 464 3100 Nimirum
488 3046 673 3117 magnitudine
693 3044 754 3099 iidei
775 3059 868 3099 eorum
892 3045 943 3100 hoc
957 3031 979 3094 C
994 3041 1072 3112 culpa
1083 3043 1211 3112 agiturot
1224 3042 1264 3097 eis
1274 3044 1462 3129 quinpraesuot,
1478 3044 1678 3116 praedicationis
1690 3059 1781 3101 serino

156 3137 363 3206 erigonemque
383 3135 451 3190 alter
470 3136 577 3192 dixerat
596 3154 602 3190 :
625 3136 738 3191 Tantam
752 3137 795 3190 dic
812 3138 906 3203 reric,
920 3148 943 3191 ct
995 3135 1183 3189 subtrabatur.
1200 3154 1209 3187 r
1228 3134 1291 3190 llaec
1315 3135 1418 3192 idcirco
1440 3138 1564 3204 dicimus,
1578 3146 1607 3192 ιιι
1624 3136 1784 3193 ostendatur

157 3227 294 3281 sonabitur
314 3242 379 3295 puer
401 3242 484 3280 meus.
498 3225 591 3282 Altera
604 3242 638 3282 ex
653 3227 731 3282 micis
743 3225 776 3281 de
789 3242 882 3281 mensa
897 3226 945 3281 do-
996 3234 1023 3278 et
1036 3226 1182 3295 perbonos
1196 3233 1224 3281 et
1235 3242 1284 3296 per
1305 3225 1390 3282 malos
1404 3228 1474 3283 bona
1488 3242 1566 3298 prosse
1585 3227 1783 3293 administrari,

157 3317 292 3371 ruirtorom
314 3316 470 3372 cadentibus
489 3317 600 3373 catellos
613 3322 703 3387 'posse
729 3317 869 3386 percipere
892 3333 945 3372 non
995 3316 1153 3386 pierumque
1172 3324 1262 3370 autem
1283 3317 1369 3372 moos
1388 3318 1466 3373 malis
1480 3319 1608 3389 prodesse
1623 3333 1674 3372 oon
1694 3334 1783 3387 posse,

157 3408 326 3461 dubitaverat
342 3425 348 3460 :
363 3421 499 3476 quamque
519 3408 596 3462 miris
614 3407 737 3462 laudibus
755 3406 878 3462 Salvator
900 3423 947 3463 er·
996 3415 1023 3461 et
1039 3406 1075 3460 ab
1090 3406 1205 3461 utilitate
1228 3407 1372 3462 ministerii
1391 3408 1545 3477 probiberi;
1569 3408 1638 3463 sieut
1657 3409 1786 3463 Marinus

158 3498 230 3560 tulit,
242 3498 276 3552 de
290 3499 449 3553 centmione
465 3498 573 3566 quidem
587 3499 700 3554 diceus:
717 3497 778 3552 li'ou
791 3499 876 3552 innecti
889 3508 947 3554 tau·
999 3498 1032 3554 de
1044 3497 1145 3552 inlideli
1163 3499 1242 3553 uinea
1263 3498 1387 3568 loquens,
1400 3499 1439 3554 ait
1453 3519 1461 3553 ε
1481 3498 1517 3552 ut
1531 3498 1641 3555 nubilat
1655 3500 1785 3555 neondabo

156 3597 212 3640 tarn
224 3586 303 3654 fidem
322 3587 351 3638 in
376 3584 460 3641 lsrael
466 3603 475 3651 ,·
500 3587 607 3642 mulieri
635 3601 700 3642 sero
725 3587 906 3643 Citatrnnmm:
923 3588 945 3644 0
999 3588 1221 3659 mplrcoutcuper
1233 3605 1291 3643 eant
1306 3590 1425 3643 imbrem.
1439 3589 1491 3646 Sed
1503 3600 1531 3645 et
1548 3590 1691 3647 ieremlarn
1715 3593 1786 3648 idem

156 3677 263 3742 mulier,
277 3694 372 3749 tutrpna
386 3687 424 3732 est
433 3677 499 3747 pidet
513 3688 559 3732 tua
571 3691 580 3730 .·
592 3677 640 3748 dat
653 3680 700 3733 tibi
712 3679 778 3733 sieut
789 3681 836 3734 ιιι.
849 3680 870 3735 tt
883 3695 947 3735 con-
999 3677 1275 3749 Demittutpralriieus
1290 3696 1297 3733 :
1316 3678 1366 3744 Tu,
1376 3679 1478 3749 inquit,
1493 3679 1547 3734 noli
1569 3697 1645 3734 orere
1667 3698 1716 3750 pro
1740 3698 1787 3751 po·

158 3767 253 3829 trario,
269 3768 340 3823 irater
363 3777 477 3824 ceteros
499 3783 578 3824 seros
601 3756 757 3842 discipulos,
768 3771 850 3825 etiam
872 3770 947 3826 Jndm
1000 3769 1063 3840 pulo
1086 3771 1146 3835 itae,
1168 3788 1214 3825 nec
1232 3787 1413 3843 amumaspra
1426 3772 1578 3827 eicleudenr
1591 3775 1785 3840 storatianum,

830 3858 964 3915 BALUle
985 3858 1101 3914 boten.

160 3951 435 4022 lusaatqaeluodata
455 3952 500 4017 sit,
525 3967 575 4008 nee
600 3951 791 4006 miraculailla
806 3951 833 4006 io
852 3959 946 4006 nostru
999 3959 1108 4018 ratnm,
1124 3950 1175 4006 luit
1196 3953 1286 4008 stadio
1304 3964 1332 4009 et
1344 3954 1471 4010 mandato
1488 3954 1677 4025 inquisitorum
1700 3956 1782 4011 haue·

159 4032 282 4090 tempora
294 4021 392 4076 datare
410 4021 541 4091 permissa
555 4029 637 4085 sunt,
662 4036 696 4076 oe
719 4023 947 4092 animassemper
999 4022 1060 4077 time
1091 4023 1233 4092 pravitatis
1260 4024 1287 4079 in
1316 4025 1369 4080 illis
1405 4027 1529 4095 partibus
1556 4027 1729 4080 cxlntmatum
1758 4037 1784 4081 et

159 4091 431 4159 etstbtttsqaaereret,
456 4099 590 4144 eteorum
609 4091 803 4144 consuetudine
818 4091 946 4161 frigesce—
999 4093 1189 4158 combustum,
1210 4102 1339 4166 tanquam
1367 4095 1486 4149 damnati
1516 4094 1653 4160 baemtici3
1683 4097 1786 4165 atejus

161 4169 203 4214 ιιι
223 4160 475 4230 gentrslromaonm,
501 4175 615 4227 quorum
640 4159 758 4213 novitate
782 4159 943 4230 ingratius
999 4176 1046 4215 ara
1066 4162 1183 4231 pretiosa
1202 4163 1451 4220 destruentium.»
1481 4164 1581 4219 Rerum
1605 4165 1784 4220 boomnarurn
1824 4168 1827 4173 ’

159 4227 275 4284 Carolus
288 4227 409 4299 llagnns,
421 4228 492 4282 libro
506 4244 541 4292 tv,
607 4267 614 4281 .
631 4228 687 4282 lb:
707 4228 850 4283 «Ecclesia
868 4245 946 4283 nam-
999 4232 1139 4300 euripum!

160 4298 366 4379 qneeatlroliea,
382 4297 480 4368 inquit,
495 4305 524 4351 ut
536 4296 568 4350 ad
593 4298 663 4352 'dem
674 4307 818 4363 cresceret,
831 4299 986 4373 miracu-1)
1033 4314 1046 4342 ι
1075 4299 1140 4356 Vera
1158 4304 1295 4374 proditori.
1311 4303 1443 4373 Loquitur
1457 4304 1490 4359 de
1504 4302 1572 4359 luda
1587 4305 1727 4370 iscariote,
1740 4306 1786 4374 qui

160 4366 195 4421 its
207 4377 267 4422 erat
281 4367 434 4431 nutrienda,
449 4376 476 4421 et
491 4376 521 4421 ιιι
543 4364 601 4436 ejus
616 4366 719 4422 nouella
737 4367 869 4438 plantatio
883 4383 947 4424 eon·
998 4380 1057 4425 erat
1078 4387 1148 4428 runos
1162 4388 1196 4428 cx
1208 4373 1360 4428 duodecim.
1373 4371 1438 4428 Otto
1449 4376 1514 4445 imp.
1529 4384 1557 4428 et
1570 4373 1691 4428 llornana
1706 4390 1786 4445 syno-

161 4437 320 4504 ualcsceret,
335 4437 451 4494 assiduis
460 4446 519 4494 erat
531 4437 732 4510 irrigationibus
743 4438 884 4495 terrenda..
901 4440 948 4494 Sic
998 4441 1047 4495 dtas
1059 4442 1086 4495 io
1098 4443 1210 4511 epistola
1226 4444 1259 4497 ad
1274 4442 1405 4497 ioaouem
1428 4443 1473 4497 llll
1504 4459 1593 4515 apam,
1615 4458 1675 4513 qum
1697 4453 1786 4499 exstat

162 4507 181 4561 t
203 4510 308 4563 moinus
318 4508 499 4564 Floriaeeosis
512 4512 538 4562 io
560 4510 672 4580 prologo
697 4510 730 4562 ad
750 4509 838 4563 litam
861 4511 949 4565 sancti
998 4512 1068 4580 apud
1082 4510 1277 4584 brritprantloor
1289 4513 1335 4567 lib.
1350 4525 1460 4583 vt,cap.
1483 4461 1534 4568 fd:
1556 4531 1566 4565 ι
1583 4513 1667 4569 trudas
1680 4515 1786 4569 Domini

163 4522 282 4633 ditionis
307 4581 421 4650 ingestae
439 4579 582 4650 prrndtetor
599 4578 729 4634 miracula
745 4577 789 4631 illa
814 4579 949 4635 rterninem
998 4581 1083 4636 nostri
1095 4578 1157 4636 lesu
1170 4581 1272 4637 Christi
1283 4582 1416 4652 proditor,
1429 4588 1482 4638 imo
1493 4585 1625 4647 rrrrditor,
1638 4599 1699 4638 cam
1709 4594 1787 4638 acte-

162 4645 314 4714 snblerare,
327 4657 354 4702 et
366 4650 468 4719 alisque
480 4650 514 4703 iis
527 4649 650 4703 homines
663 4661 742 4718 posse
757 4661 817 4702 esse
828 4658 946 4704 sanctos.
999 4653 1037 4705 ris
1050 4650 1125 4720 prius
1138 4652 1238 4723 ligandi
1249 4662 1330 4722 atque
1347 4653 1466 4709 solvendi
1481 4661 1643 4722 potestatem
1668 4668 1684 4707 a
1705 4654 1788 4725 magi-

164 4735 175 4764 ι
193 4717 221 4771 Si
235 4727 325 4773 antem
347 4718 493 4787 quispiam,
514 4719 618 4786 inquit,
641 4717 742 4771 ideireo
759 4717 782 4770 ei
804 4718 951 4773 crediderit
999 4728 1057 4775 stro
1068 4719 1094 4772 in
1110 4721 1260 4777 bacterba
1273 4721 1378 4792 accepit
1391 4741 1398 4776 :
1413 4725 1495 4776 Anna
1508 4724 1567 4777 dico
1584 4723 1654 4777 cette
1678 4739 1688 4777 .·
1706 4722 1787 4787 ene-

163 4786 355 4857 derogandum,
392 4787 444 4842 uod
456 4787 483 4841 in
494 4787 548 4840 rita
559 4802 608 4840 sua
620 4786 664 4840 rix
679 4785 762 4840 ullam
776 4787 899 4841 mirabile
909 4787 949 4843 ie·
999 4804 1100 4860 euuqrtc
1115 4789 1259 4861 ligaveritis
1274 4802 1477 4862 areperterrnm,
1496 4803 1548 4847 etc.
1576 4793 1699 4860 erandiu
1714 4794 1788 4847 enim

159 4857 230 4910 ecrit
244 4856 361 4927 signum,
391 4865 450 4926 egat
472 4856 543 4909 vitas
556 4853 843 4910 excellentissimorum
858 4857 949 4912 docto
999 4859 1086 4913 bonos
1099 4860 1170 4915 inter
1181 4861 1328 4931 discipulos
1340 4860 1400 4924 luit,
1424 4862 1508 4932 ligare
1523 4873 1604 4933 aitque
1616 4864 1721 4919 solvere
1742 4878 1789 4916 ιι-

163 4940 223 4979 rum
236 4925 275 4979 Ao
295 4925 377 4980 ustini
393 4934 421 4980 et
441 4925 611 4996 {lieronyml;
630 4934 657 4978 et
665 4923 695 4979 in
707 4925 749 4979 eis
759 4940 812 4979 non
826 4927 949 5000 prodigia
999 4927 1058 4982 luit.
1084 4928 1230 5001 Postquam
1253 4946 1318 4986 uero
1343 4933 1498 5054 cupiditatis
1525 4948 1630 4988 vesteno
1655 4933 1789 4988 iromiciia

162 5002 252 5065 tempo
293 4992 947 5066 iamsigooramquaeiaciuntpleromquemali,
999 4995 1098 5062 lactus,
1112 5002 1198 5054 vitam
1209 5001 1378 5056 occiderem
1389 5001 1442 5066 uit;
1459 5018 1538 5072 qoem
1560 5012 1654 5074 postea
1677 5003 1789 5070 ligatum

161 5065 210 5118 sed
224 5066 286 5120 rita
307 5067 460 5136 puritatem,
485 5063 613 5118 doctrinm
626 5064 741 5119 salubris
755 5064 948 5136 eloquentiam,
999 5067 1124 5132 solvere,
1148 5069 1265 5124 solutam
1281 5071 1368 5138 ligare
1381 5073 1477 5141 potuit.
1497 5074 1548 5128 nisi
1562 5087 1592 5129 se
1605 5073 1695 5144 ipsum
1708 5087 1789 5143 quem

162 5140 190 5186 et
206 5132 266 5190 ildei
281 5136 400 5192 inveniet
417 5133 522 5190 laudari
536 5135 725 5189 constantiam.
742 5154 751 5186 ι
772 5134 858 5201 Quam
871 5137 948 5207 parri
999 5136 1187 5194 infelicissimo
1196 5138 1294 5210 laqueo
1308 5140 1505 5211 strangulavit?
1522 5163 1532 5196 ι

161 5215 243 5271 porro
253 5207 381 5260 momenti
393 5219 454 5261 esse
464 5204 562 5259 debeat
574 5203 645 5259 lama
655 5203 850 5275 prodigiorum,
869 5209 949 5261 docet
1036 5207 1051 5247 b
1072 5205 1128 5262 Nec
1139 5206 1252 5279 populns
1263 5226 1318 5264 eac.
1333 5210 1418 5281 culpa·
1431 5212 1566 5283 deputare.
1579 5212 1661 5267 Notat
1672 5211 1790 5282 impetiti

162 5279 256 5327 auctor
268 5275 421 5345 appendicis
438 5275 472 5330 ad
484 5272 603 5328 Annales
616 5273 735 5328 lictorici
750 5275 882 5330 Steroois.
897 5275 949 5331 Lo-
999 5275 1098 5348 popelli
1111 5279 1278 5348 opinionem,
1292 5281 1385 5348 quiex
1398 5282 1537 5337 miraculis
1554 5291 1659 5339 tantum
1674 5283 1791 5337 aestimat

160 5352 249 5408 quens
257 5346 330 5398 eninr
341 5346 374 5399 de
385 5345 502 5414 quodam
513 5344 661 5408 ιιιιιιιιιιο,
669 5343 714 5414 qui
721 5343 755 5396 ob
764 5344 949 5400 celebritatem
999 5346 1083 5402 uitam
1095 5349 1277 5415 sacerdotnm,
1297 5364 1412 5418 comaque
1428 5355 1596 5408 sacerdotem
1611 5352 1714 5421 justam
1737 5363 1791 5405 oon

162 5410 281 5465 nominis
294 5429 390 5484 aragon
403 5416 430 5468 in
455 5414 557 5470 bonore
579 5423 638 5469 erat
663 5412 734 5483 apud
753 5412 948 5481 Ferreneoses,
999 5429 1061 5472 esse
1079 5427 1164 5485 putat,
1178 5419 1256 5488 cujus
1266 5434 1362 5490 preces
1374 5435 1424 5491 pro
1437 5422 1551 5493 publicis
1562 5423 1712 5480 cornnrodis
1723 5420 1791 5475 etiu-

161 5479 202 5533 ita
216 5481 312 5536 scribit
333 5484 367 5536 ad
385 5499 485 5538 annunt
501 5483 572 5538 tatii
589 5502 595 5538 :
614 5502 624 5536 t
641 5483 718 5538 'l'nrrc
735 5496 835 5553 eorpus
856 5484 949 5553 cojus—
1001 5500 1038 5541 sm
1051 5501 1104 5541 oon
1116 5486 1217 5543 luerint
1227 5490 1361 5545 exaudite
1372 5507 1387 5545 a
1399 5491 1471 5556 Deo:
1484 5509 1546 5548 corn
1558 5495 1648 5564 potios
1662 5492 1688 5546 id
1736 5489 1791 5560 puli

127 5617 133 5628 .
163 5547 226 5603 darn
254 5551 363 5605 nomine
393 5552 539 5617 Armanoi,
572 5556 643 5624 qnod
660 5555 690 5609 bl
712 5552 791 5607 annis
818 5563 949 5625 tanquam
1001 5557 1193 5626 ipsiospraris
1211 5559 1331 5615 moribus
1346 5570 1374 5615 et
1389 5565 1554 5632 gravibusin
1569 5564 1684 5620 lienmo
1704 5561 1791 5616 etrsio

161 5628 290 5675 satrctom
312 5621 340 5676 in
366 5623 479 5677 ecclesia
506 5622 666 5680 Ferrenensi
698 5620 838 5677 exstiterat
867 5640 948 5680 rone·
1003 5627 1083 5680 nibus
1097 5628 1400 5701 reniatintpntandom.
